3662 5728
401 828 467 892 184
601 843 765 894 aaauuau
787 842 948 894 uousom
971 843 1247 896 osuwffluusn

247 1040 373 1087 tulna
404 1029 423 1056 ‘⁴
442 1028 489 1084 his
506 1029 572 1102 regi
589 1031 728 1088 resistere
744 1033 884 1100 volueris,
903 1049 963 1089 nou
986 1034 1081 1090 solum
1104 1032 1365 1106 arehiepiseopatui
1384 1033 1456 1091 Oan-
1472 1027 1624 1105 alanna

233 1091 383 1200 gffiffl·
405 1112 424 1138 “
442 1114 555 1180 tuariae,
575 1115 626 1171 sed
651 1116 684 1172 iu
702 1117 825 1189 deouplo
851 1117 877 1173 si
901 1118 978 1174 tanti
1003 1117 1103 1184 fuerit,
1123 1117 1227 1174 oedere
1252 1117 1381 1174 deberes.
1419 1119 1459 1174 Et

233 1207 257 1250 01
266 1168 374 1266 Inndon⁹
405 1198 565 1255 “forsitan
590 1201 616 1256 si
641 1202 715 1258 hano
742 1201 773 1257 iu
797 1208 828 1260 te
851 1202 961 1260 viderit
987 1202 1196 1270 humilitatem,
1215 1207 1245 1259 te
1269 1203 1405 1261 restituet
1425 1203 1459 1259 in

233 1256 385 1351 fflsswn‘
405 1282 425 1309 “
445 1282 644 1340 universum.”

233 1381 334 1426 unomen
441 1369 459 1394 “
474 1367 582 1434 Satis,''
609 1370 707 1442 iuquit
733 1370 963 1437 Oautuarieusis,
993 1370 1150 1427 “innotuit
1174 1370 1246 1443 quid
1264 1370 1396 1427 oonsulto
1413 1389 1457 1426 re-
1470 1365 1625 1427 Abu-‚td-

235 1444 344 1478 “mm
404 1452 423 1479 “
445 1452 625 1523 sponderis‚’'
668 1454 780 1512 Deinde
805 1455 955 1519 Henrious
979 1455 1186 1513 Wintonieusis
1211 1455 1366 1528 episeopus
1391 1456 1477 1525 sub·¹

404 1535 521 1593 intulit:

235 1630 275 1692 1¹9
326 1630 353 1675 ot
443 1625 462 1650 “
475 1622 580 1690 Haeo,’'
609 1625 661 1692 ait,
695 1626 820 1683 “torma
847 1624 963 1682 consilii
993 1627 1145 1683 oatholioae
1176 1625 1308 1683 eeclesiae
1340 1626 1458 1698 penitus

235 1681 394 1785 ffiffl‘ffi,
408 1706 427 1733 “
446 1706 611 1777 perniciosa
627 1725 682 1764 uos
700 1726 801 1764 omnes
819 1709 932 1780 obligat
954 1714 985 1766 et
1007 1708 1169 1774 confundit,
1188 1709 1259 1780 quia
1275 1709 1301 1765 si
1318 1708 1461 1779 arehiepi-

235 1782 381 1835 ⁸f⁰¹¹b¹³¹¹⁰l>·
408 1790 427 1816 “
446 1805 551 1860 scopus
568 1796 669 1846 noster
694 1796 725 1847 et
749 1791 840 1847 totius
865 1790 985 1863 Angliae
1009 1791 1122 1865 primas
1147 1791 1232 1847 nobis
1257 1790 1289 1846 id
1306 1790 1461 1861 reliquerit

407 1872 427 1899 “
446 1874 623 1945 exemplum,
642 1878 677 1930 ut
695 1873 733 1930 ad
752 1879 858 1930 nutum
876 1880 907 1931 et
925 1874 1183 1931 comminationem
1201 1874 1344 1947 principia
1362 1879 1461 1929 auoto-

407 1955 426 1983 “
445 1956 530 2012 ritati
560 1962 591 2014 et
620 1975 700 2014 ourae
729 1958 894 2015 animarum
924 1958 982 2015 sibi
1004 1960 1176 2027 ,commissa
1206 1959 1272 2031 quis
1307 1957 1460 2030 episeopus

407 2038 550 2097 “debeat
574 2041 687 2109 cedere,
708 2042 775 2115 quis
801 2042 859 2099 erit
883 2042 919 2099 de
946 2049 1053 2101 cratero
1077 2048 1172 2100 status
1196 2042 1327 2099 eooleaiae
1345 2042 1404 2098 uisi
1426 2048 1460 2097 ut

408 2125 429 2152 ‘⁸
446 2124 530 2180 nulla
547 2131 675 2198 agantur
701 2127 737 2184 de
758 2128 837 2200 jure,
856 2127 908 2184 sed
931 2129 1031 2184 omnia
1057 2127 1272 2184 confundantur
1290 2144 1343 2198 pro
1360 2126 1457 2193 libitu,

408 2208 427 2234 ‘⁸
447 2214 477 2263 et
494 2209 538 2265 sio
557 2210 615 2267 erit
633 2212 768 2268 sacerdos
786 2212 864 2268 siout
881 2217 912 2268 et
928 2211 1104 2284 populusP’'

237 2301 371 2397 m
442 2306 584 2377 Hylarius
601 2308 699 2382 itaque
717 2310 906 2368 Oioestrensis
925 2309 1089 2383 episeopus,
1101 2326 1170 2365 uam
1188 2310 1297 2383 etipse
1315 2308 1461 2382 gloriosus

237 2401 386 2447 namus
405 2389 438 2446 in
455 2392 561 2457 verua,
581 2392 747 2464 subjunxitz
1191 2418 1193 2422 Α
1296 2383 1305 2397 “

237 2454 329 2555 ffl'
444 2473 573 2542 “Nisi”
599 2476 705 2549 iuquit,
734 2478 903 2550 “temporis
930 2477 1071 2534 instantia
1095 2483 1125 2534 et
1152 2477 1303 2535 catholicae
1329 2477 1460 2534 eoolesioe
1496 2490 1502 2497 ·
1532 2536 1537 2546 ,

407 2560 427 2587 “
447 2559 629 2631 perturbatio
647 2561 728 2617 aliud
746 2563 904 2634 exigerent,
924 2561 1061 2619 standum
1078 2562 1181 2635 utique
1199 2568 1277 2619 esset
1292 2562 1379 2619 verbi
1395 2579 1461 2618 sen·

408 2643 427 2669 ‘¹
445 2643 555 2700 teutioeL
603 2645 717 2702 Verum
741 2646 793 2723 ubi
819 2642 907 2703 mitat
932 2662 1079 2703 oauouum
1109 2645 1269 2701 auotoritas
1298 2645 1461 2718 plurimum

406 2726 675 2786 “subtrahendum
701 2735 748 2787 est
771 2730 931 2802 severitati,
950 2734 985 2786 ut
1008 2729 1041 2784 iu
1066 2746 1101 2785 eo
1119 2729 1255 2802 proficiat
1272 2729 1459 2804 dispensatio,

310 2879 315 2889 ,
406 2811 524 2881 “quod
541 2818 638 2886 possm
655 2813 804 2871 desuuem
821 2813 1084 2871 severaoorreotio.
1121 2813 1230 2870 Geuseo
1247 2814 1340 2886 igitur
1357 2814 1459 2870 ceden-

407 2896 426 2921 “
447 2895 519 2951 dum
536 2897 628 2969 regim
645 2898 792 2955 voluntati
817 2898 870 2954 sed
894 2898 931 2954 sd
955 2890 1086 2970 tempus,
1102 2915 1140 2954 ne
1160 2915 1344 2970 prarpropere
1361 2915 1459 2970 prooe-

406 2978 427 3005 “
446 2978 550 3037 damus
566 2979 600 3035 id
617 2985 746 3039 statuere
764 2981 841 3038 uude
856 2980 997 3054 sequatur
1015 2980 1116 3038 durior
1133 2982 1311 3049 missatatio,
1324 2999 1378 3037 neo
1394 2981 1458 3037 siue

406 3061 428 3087 ss
445 3062 582 3119 mbores„

441 3157 602 3230 Episoopus
626 3158 732 3216 deinde
762 3129 976 3218 Linooluieusis
1002 3160 1161 3227 liebertus,
1187 3159 1310 3232 simplex
1339 3158 1459 3234 quidem
1513 3220 1516 3226 ,

322 3250 327 3258 ’
407 3240 495 3297 homo
512 3246 543 3297 et
559 3244 658 3299 minus
676 3244 837 3301 discretus:
1112 3260 1115 3266 ’

236 3328 382 3423 ffihfflffi
445 3326 464 3352 ‘⁴
478 3324 593 3391 Patet,'’
610 3327 715 3399 inquit,
737 3328 857 3384 “vitam
874 3326 1002 3384 hominis
1019 3326 1105 3384 istius
1116 3331 1146 3383 et
1157 3324 1328 3397 sauguinem
1346 3326 1457 3397 quarri3

138 3469 144 3481 ‚
236 3428 324 3474 ‚sm
408 3409 428 3436 ‘⁴
447 3414 478 3465 et
494 3411 659 3467 necessario
685 3412 811 3468 alterum
833 3412 943 3483 ⁴horum
964 3412 1031 3477 erit,
1050 3416 1103 3467 aut
1119 3410 1383 3483 arehiepisoopatui
1407 3417 1460 3467 aut

407 3494 426 3519 “
446 3491 516 3549 vitae
534 3493 706 3552 cedendum.
744 3494 816 3566 Quia
841 3495 899 3551 sibi
926 3496 1040 3551 fruotus
1065 3493 1102 3550 de
1119 3494 1370 3566 arehiepiseopatu
1392 3513 1457 3566 pro·

407 3578 428 3602 “
446 3577 545 3633 veniet
562 3578 587 3633 si
606 3579 727 3650 proinde
743 3580 814 3636 vitae
832 3580 962 3645 cesserit,
982 3597 1036 3634 neo
1053 3578 1087 3634 id
1103 3576 1217 3634 video.'’

441 3660 612 3718 ilxouieusis
630 3667 728 3719 autem
745 3662 898 3737 episeopus
916 3662 1155 3718 Bartholomeus:

236 3763 356 3808 suthon·
442 3746 463 3772 “
477 3743 576 3801 Palam
589 3747 663 3811 est,'’
682 3746 733 3813 ait,
748 3747 917 3819 “quoniam
927 3746 990 3802 dies
1007 3745 1079 3800 mali
1097 3750 1175 3801 sunt.
1212 3743 1253 3800 Et
1269 3743 1295 3800 si
1311 3745 1457 3817 possimus

236 3816 368 3909 {mom
407 3830 426 3856 “
446 3828 500 3884 sub
518 3828 758 3887 dissimulationis
785 3831 890 3887 umbra
915 3830 1003 3902 hujus
1027 3828 1210 3902 tempestatis
1228 3829 1370 3902 impetum
1393 3848 1458 3902 per·

235 3926 345 4009 ffiurzgoe
408 3913 571 3969 “transire
596 3913 692 3982 illaesi,
720 3914 751 3971 id
775 3916 922 3988 praeoipue
948 3913 1186 3986 procurandum
1217 3929 1271 3968 ueo
1297 3913 1335 3968 ad
1359 3912 1391 3968 id
1421 3914 1457 3972 de

235 3977 362 4068 miserare.
407 3999 426 4024 ‘⁴
446 3997 526 4052 iaoili
552 3996 790 4070 perveniendum,
816 3996 873 4053 uisi
898 3996 1087 4053 subtrahatur
1112 3995 1273 4069 plurimum
1298 3997 1457 4053 severitati.

406 4083 425 4108 “
445 4081 597 4154 Temporis
615 4080 756 4137 instantia
772 4081 804 4153 id
821 4080 956 4154 requirit,
976 4081 1101 4137 maxime
1128 4097 1195 4136 oum
1223 4096 1283 4134 nou
1310 4080 1350 4135 sit
1369 4097 1457 4152 geue·

405 4166 425 4193 ‘⁴
444 4164 516 4220 ralis
534 4164 586 4220 sed
603 4164 764 4235 personalis
781 4164 844 4220 haeo
862 4163 1036 4236 persecutio.
1075 4162 1174 4219 Satius
1192 4168 1237 4218 est
1253 4162 1347 4233 igitur
1365 4183 1457 4220 unum

405 4249 425 4276 “
444 4253 532 4321 eaput
548 4247 579 4302 in
597 4253 679 4319 parte
691 4247 860 4318 periclitari,
875 4264 964 4318 quam
981 4252 1075 4302 totam
1093 4245 1287 4317 Anglioanam
1304 4247 1456 4304 eeclesiam

405 4332 424 4359 “
443 4329 609 4386 inevitabili
627 4347 771 4403 exponere
789 4329 982 4387 discrimini.”

438 4427 652 4499 Wigorniensis
670 4426 822 4500 episeopus
840 4427 996 4499 Rogerius,
1007 4424 1165 4498 requisitus
1182 4431 1212 4482 et
1223 4426 1286 4500 ipse
1304 4426 1456 4499 quidinde

404 4511 536 4579 sentiret,
548 4512 592 4568 ita
603 4512 781 4585 temperavit
797 4529 967 4583 responsum
985 4517 1020 4567 ut
1037 4515 1068 4566 et
1082 4509 1217 4582 negando
1233 4511 1331 4581 palam
1348 4512 1457 4569 feneret

405 4595 476 4668 quid
494 4595 586 4652 animi
602 4595 739 4652 haberem
1464 4599 1472 4635 ⁸

223 4667 345 4764 ἕψω
440 4681 462 4707 “
475 4677 629 4745 Nullum,”
642 4679 694 4744 ait,
715 4681 734 4707 “
745 4677 777 4735 in
794 4678 851 4735 hau
867 4684 951 4750 parte
969 4678 1045 4736 dabo
1061 4678 1225 4744 eonsilium,
1239 4678 1309 4750 quia
1320 4679 1346 4737 si
1357 4680 1457 4738 dixero

234 4771 358 4816 museto
405 4764 426 4793 “
444 4780 463 4819 a
480 4762 544 4818 Deo
560 4767 726 4834 suseeptam
743 4761 909 4833 animarum
935 4779 1036 4819 euram
1060 4763 1099 4820 ad
1122 4762 1237 4835 regiam
1254 4763 1455 4822 oomminatio·
