3646 5720
426 874 492 937 312
627 886 787 939 onsvasn
810 887 970 939 nossem
992 888 1265 941 caurumursrs

276 1066 399 1186 *plffi
427 1074 608 1151 intendere,
629 1074 718 1141 unde
741 1073 1036 1141 cantuariensibus
1058 1075 1178 1142 timida
1199 1075 1377 1142 videbatur
1399 1074 1477 1141 oriri

260 1206 392 1299 „mm
427 1176 578 1263 suspicio,
600 1198 642 1243 ne
664 1175 820 1242 videlieet
842 1176 1022 1264 dignitates
1052 1176 1278 1244 aeclesiasticae
1300 1178 1406 1243 nimia
1428 1198 1477 1243 re·

260 1258 348 1352 ἔξω
331 1256 405 1350 Ψ
429 1278 582 1344 missione
595 1276 799 1365 deperirent,
821 1299 864 1343 ne
890 1277 1109 1365 possessiones
1131 1278 1356 1366 religiosorum
1379 1279 1478 1344 laieo-

429 1402 512 1458 rum,
535 1380 636 1447 immo
666 1380 829 1466 luporum,
852 1379 1013 1446 violentia
1043 1380 1315 1458 distraherentur,
1336 1402 1379 1447 ne
1401 1402 1477 1447 oon-

428 1481 620 1548 suetudines
651 1480 794 1548 eeolesiae
826 1481 881 1547 vel
913 1481 992 1547 ordo
1029 1482 1230 1548 monasticus
1262 1481 1307 1548 ab
1339 1483 1478 1568 antiquo

430 1582 591 1649 deductus
613 1581 881 1665 institutionibus
910 1582 1007 1648 novis
1028 1582 1165 1649 ιιιίιιιωι
1188 1583 1477 1665 contunderentur,

429 1690 464 1755 et
486 1685 629 1750 maxime
651 1706 693 1750 ne
714 1684 896 1750 aulioorum
918 1689 988 1750 tam
1010 1684 1201 1772 importuna
1223 1686 1377 1751 volantes
1398 1685 1478 1751 libe·

428 1810 499 1854 ram
522 1789 664 1856 eeelesiae
695 1787 856 1875 palliaret,
879 1788 981 1854 immo
1003 1788 1136 1875 penitus
1158 1788 1373 1866 subverteret,
1397 1789 1478 1855 elee-

329 1893 362 1925 ’ὓ
429 1891 561 1957 tionem.
615 1890 710 1956 Prior
741 1894 855 1956 autem
886 1889 1015 1956 Alanus
1048 1895 1084 1956 et
1114 1890 1171 1976 qui
1205 1911 1280 1957 eum
1312 1912 1351 1957 eo
1384 1896 1480 1957 erant

429 1993 644 2060 cantuariam
675 1993 852 2058 redierunt.
899 1992 945 2058 Et
966 2013 1038 2058 eum
1072 1992 1108 2056 in
1142 1991 1286 2058 Domino
1317 2013 1479 2058 summam

428 2095 590 2161 haberent
621 2093 786 2169 fiduciam,
819 2093 1046 2180 proponebant
1083 2093 1194 2159 animo
1231 2093 1374 2160 eeclesiae
1410 2116 1479 2161 sure

428 2197 616 2263 libertatem
647 2217 715 2261 non
752 2194 907 2271 deserere,
944 2193 1010 2261 nisi
1050 2193 1176 2260 domini
1214 2216 1309 2282 papae
1347 2194 1479 2283 urgenti

263 2305 300 2350 ue
261 2316 404 2408 enomere-
428 2303 622 2386 oogerentur
658 2296 823 2363 mandato
869 2296 942 2362 Rex
975 2300 1099 2374 autem,
1122 2296 1185 2362 sibi
1223 2318 1413 2383 praeeavens
1444 2302 1480 2363 et
1547 2357 1550 2363 ,

261 2367 381 2510 3330}th
427 2401 635 2467 voluntatem
659 2398 825 2486 propriam
855 2397 1035 2484 adimplere
1066 2399 1219 2484 gestiens,
1242 2398 1286 2463 ad
1308 2398 1479 2463 dominum

261 2506 389 2601 Ἢ
427 2523 547 2588 papam
568 2500 705 2566 nuntios
726 2499 818 2565 misit
839 2498 1028 2576 industrios,
1044 2520 1183 2584 quorum
1206 2498 1343 2585 signifer
1365 2499 1480 2565 debuit

427 2624 497 2669 esse
528 2601 734 2668 Galerannus
764 2600 919 2667 Rofansis
948 2599 1126 2686 episeopus
1172 2599 1330 2665 Habebat
1358 2605 1479 2678 autem,

428 2709 468 2770 ut
489 2703 602 2781 fertur,
625 2703 713 2769 idem
730 2701 937 2768 Galerannus
959 2701 1223 2767 detestandum'
1213 2722 1251 2766 ιιι
1272 2701 1384 2767 animo
1406 2722 1479 2787 pro

427 2807 581 2894 positum,
597 2803 772 2872 monaehos
787 2803 913 2871 seilioet
927 2802 968 2869 de
984 2803 1119 2870 eeclesia
1134 2803 1269 2869 Rofensi
1291 2803 1479 2890 propellere,

263 2949 305 2992 ,h
291 2900 403 3003 ,hilm
428 2906 616 2992 ibidemque
638 2905 771 2972 elerioos
786 2905 960 2971 instituere
974 2903 1142 2971 semlerus
1189 2903 1345 2985 Quicum
1361 2904 1480 2969 Rosam

261 2998 320 3052 ⁸¹¹⁸·
328 3003 361 3044 ἢ
430 3007 568 3085 veniret,
589 3011 629 3072 ut
650 3005 822 3072 itineranti
848 3004 912 3070 sibi
942 3005 1124 3071 neeessaria
1145 3010 1352 3092 praepararet,
1375 3011 1481 3072 morte

429 3113 618 3196 praeventus
638 3107 716 3172 iiiito
731 3107 891 3173 kalendas
914 3107 1117 3194 Septembris
1138 3108 1269 3174 interiit
1282 3113 1318 3174 et
1332 3108 1481 3195 sepultus

429 3216 488 3276 est
534 3209 685 3274 Fuerunt
706 3213 788 3275 tune
817 3208 975 3296 temporis
1001 3208 1143 3294 justitie
1173 3208 1259 3295 regis
1281 3209 1372 3295 apud
1393 3209 1478 3276 Oan-

430 3310 593 3376 tuarism:
623 3302 743 3395 quibus
765 3330 841 3375 eum
869 3314 1082 3396 suggererent
1104 3308 1274 3396 maliloqui
1297 3316 1337 3377 ut
1358 3311 1479 3398 episeo-

260 3410 404 3505 fflffi‘·
429 3417 545 3499 potum
576 3410 752 3476 Rofensem
785 3411 823 3475 in
853 3432 971 3476 manus
1005 3410 1131 3476 domini
1167 3412 1254 3499 regis
1284 3413 1479 3499 reciperent,

260 3508 416 3613 ww
428 3513 669 3600 responderunt
689 3533 757 3577 non
772 3511 890 3578 debere
915 3511 977 3578 hoe
998 3512 1080 3590 fieri,
1095 3512 1175 3598 quia
1196 3512 1237 3579 de
1260 3512 1407 3580 dominio
1429 3520 1481 3581 est

260 3608 409 3713 fflsssslss
428 3614 671 3702 arehiepiseopi,
694 3634 755 3680 neo
776 3614 819 3679 ad
841 3613 904 3680 hoo
926 3635 986 3679 rex
1016 3635 1134 3680 manns
1163 3636 1240 3681 suas
1266 3616 1400 3683 deberet
1422 3639 1480 3704 ap·

218 3768 224 3779 ,
261 3712 319 3756 ¹¹⁰¹·
428 3739 556 3806 ponere.
602 3715 692 3782 Data
714 3721 765 3781 est
787 3715 891 3803 igitur
914 3715 1064 3781 custodia
1085 3717 1123 3781 in
1144 3738 1263 3783 manus
1285 3740 1399 3784 eorum
1422 3720 1480 3805 qui

429 3817 745 3903 arehiepiseopatum
775 3815 1015 3895 custodiebant,
1049 3838 1091 3882 ne
1129 3817 1229 3883 unius
1267 3818 1481 3906 ejusdemque

261 3937 342 3983 mem
343 3937 403 3983 ons·
430 3918 569 3984 dominii
598 3917 750 3984 custodes
779 3921 890 3983 essent
918 3916 1049 3984 diversi
1096 3917 1249 3985 Monaehi
1278 3925 1391 3985 autern
1414 3921 1480 3987 Ro

259 3988 418 4144 ιῖιὲιῗῖιῑιθάθτ
431 4020 537 4086 tenses
560 4018 722 4084 malitiam
754 4039 856 4095 suam
879 4017 917 4082 in
949 4016 1043 4083 obitu
1067 4017 1219 4083 Walterii
1251 4020 1395 4107 episeopi
1428 4022 1479 4087 in·

261 4089 592 4197 meorum,
607 4123 812 4195 renovantes,
831 4117 986 4185 baeulum
1009 4119 1205 4205 pastoralem
1221 4120 1375 4206 quamde
1391 4143 1480 4188 more

430 4223 570 4337 antiquo
596 4219 809 4287 Cantuariam
834 4219 1014 4286 solenniter
1035 4221 1152 4286 afferre
1175 4221 1377 4300 debuerant,
1388 4222 1480 4290 obse·

430 4322 545 4390 ratis
531 4321 645 4408 Jannis
666 4342 708 4386 ne
730 4341 752 4387 a
773 4342 940 4407 quoquam
962 4321 1209 4408 impedirentur,
1232 4345 1306 4389 eum
1330 4324 1481 4413 episeopo

430 4445 490 4489 suo
508 4423 589 4489 satis
611 4421 829 4510 ignominiose
843 4421 973 4508 sepulto
994 4421 1220 4488 eondiderunt
1267 4423 1387 4490 Oseteri
1402 4446 1481 4491 vero

430 4524 602 4610 eomplioes
626 4523 812 4601 Galeranm,
836 4522 878 4588 ob
906 4522 1055 4589 favorem
1086 4524 1172 4611 regis
1201 4545 1262 4590 suo
1290 4525 1481 4592 insistentes

781 4746 788 4780 ¹
801 4747 895 4815 mro]
909 4747 1052 4812 permixto,
1063 4745 1093 4799 C.
