3666 5724
442 896 507 964 358
643 915 805 965 suavssn
828 913 989 967 norsum
1012 916 1287 969 currnusrsnsrs

273 1098 413 1192 Mffifllfiffl·
445 1103 595 1156 “minum
625 1103 728 1173 exequi
752 1102 900 1158 distuleris
930 1103 1008 1174 quod
1031 1103 1213 1168 mandamus,
1238 1121 1291 1160 nos
1315 1122 1498 1178 nequaquem

272 1209 348 1265 prm,
446 1189 465 1212 “
485 1204 572 1259 snper
601 1187 656 1243 hoc
686 1188 846 1257 poterimus
877 1188 999 1258 injurias
1029 1189 1161 1245 ecclesius
1192 1190 1336 1245 sustinere
1350 1212 1358 1255 ;
1374 1190 1496 1261 jamque

272 1260 405 1355 ‘bffilg
445 1271 464 1295 “
483 1269 599 1326 dilectis
617 1270 685 1324 filiis
709 1271 817 1325 nostris
841 1270 877 1325 de
897 1270 989 1335 Bello,
1009 1271 1045 1326 de
1065 1272 1251 1338 Ferreshanr,
1270 1279 1300 1328 et
1318 1272 1419 1329 Sancti
1437 1277 1497 1329 Au-

272 1321 414 1406 idiorceths
444 1356 463 1380 “
483 1354 595 1424 gustini
624 1352 794 1408 obbatibus¹
813 1352 948 1408 dedimus
966 1354 997 1407 in
1016 1354 1169 1419 mandatis,
1190 1360 1224 1409 ut
1247 1353 1285 1415 id,
1301 1356 1495 1427 appellatione

272 1410 388 1455 mmm·
444 1440 463 1462 ‘⁸
482 1443 595 1491 remota
612 1436 785 1491 auctoritate
803 1435 963 1507 apostolica
981 1446 1177 1510 exequentur:
1193 1437 1296 1506 [nullis
1308 1438 1402 1495 literis
1420 1442 1494 1495 reri-

442 1524 468 1594 “x
483 1523 537 1576 tati
555 1528 585 1577 et
599 1521 728 1592 justicia
745 1519 1007 1592 prejudicantibus
1025 1540 1043 1576 a
1061 1521 1131 1577 sede
1154 1523 1314 1595 apostolica
1330 1524 1496 1596 impetratis

443 1603 710 1673 “ubstantibns.]²
729 1604 806 1659 Data
823 1604 949 1660 Veronoe
968 1605 1099 1660 kalendis
1117 1606 1227 1661 Martii.

486 1689 583 1770 Quod
604 1689 633 1752 si
656 1687 920 1774 archiepiscopus
943 1689 1115 1774 praeceptis
1151 1689 1339 1775 apostolicis
1362 1691 1495 1757 obedire

440 1812 507 1855 non
529 1790 638 1865 vellet,
662 1789 910 1875 praenominatis
932 1789 1040 1854 tribus
1062 1790 1238 1856 abhatibus
1261 1790 1343 1857 alias
1366 1792 1494 1859 litteras

440 1893 533 1957 misit
555 1893 591 1955 in
614 1891 703 1956 hunc
725 1891 880 1955 modum:

270 1982 411 2084 {fflgfflw
478 1996 496 2020 ‘⁶
517 1990 672 2049 Urbanus⁸
689 1992 852 2063 episcopus,
872 2008 973 2046 servus
992 2009 1144 2046 servorum
1163 1992 1228 2058 Dei,
1249 1992 1364 2049 dilectis
1376 1996 1445 2051 filiis
1456 1997 1493 2052 de

269 2083 348 2127 thaso
378 2088 400 2128 ts
441 2080 460 2104 ‘⁴
480 2077 571 2143 Bello,
592 2077 629 2132 de
648 2077 834 2141 Feuresham,
855 2081 885 2130 et
898 2075 997 2130 Sancti
1016 2075 1174 2146 Augustini
1192 2076 1354 2144 abbatibus,
1369 2080 1493 2135 salutem

268 2133 407 2227 {himin
440 2166 459 2189 “
479 2168 510 2218 st
528 2161 715 2233 apostolicam
727 2160 969 2215 benedictionem.
1000 2160 1128 2216 Veniens
1141 2161 1380 2233 adapostolicam
1393 2164 1493 2222 sedem

267 2232 401 2327 miseria·
440 2248 459 2272 '⁴
480 2245 604 2301 dilectus
622 2244 702 2300 filins
721 2250 820 2300 noster
843 2245 924 2316 prior
944 2244 1163 2299 Oantuariensis
1181 2245 1323 2311 ecclesiae,
1342 2265 1410 2302 oum
1428 2251 1492 2320 qui·

284 2315 385 2386 imtlns'
440 2331 458 2354 “
478 2328 602 2384 busdam
621 2345 656 2382 ex
675 2327 816 2383 fratribus
836 2327 908 2393 suis,
929 2326 1065 2398 diligenti
1083 2327 1168 2383 nobis
1191 2327 1389 2385 insinuatione
1413 2350 1493 2387 mon·

267 2385 407 2479 diffisa,
441 2416 459 2439 ‘⁴
479 2413 592 2476 strant,
616 2412 694 2484 quod
711 2429 729 2466 a
746 2411 906 2466 venerabili
919 2411 1009 2466 fratre
1028 2416 1127 2466 nostro
1146 2411 1322 2478 Baldswino,
1342 2413 1491 2471 Gautuari-

266 2485 419 2582 ξῇξθξῶξζθ(
441 2499 458 2522 “
478 2496 540 2551 cusi
558 2496 787 2567 archiepiscopo,
805 2494 1064 2568 apostolicaesedis
1083 2495 1192 2567 legato,
1204 2502 1270 2568 post
1282 2499 1493 2568 promotionem

268 2585 384 2631 mundns.
439 2584 457 2609 “
476 2598 558 2637 suam
576 2581 705 2635 enormia
723 2579 895 2651 gravamina
913 2580 973 2634 sint
989 2580 1131 2651 perpessi,
1152 2584 1182 2634 et
1206 2579 1312 2636 cotidie
1331 2583 1493 2639 sustineant

439 2667 457 2690 “
477 2665 621 2737 graviora.
659 2664 717 2718 Pro
735 2663 842 2736 quihus
860 2680 927 2717 cum
945 2659 999 2717 ad⁴
1019 2663 1119 2718 sedem
1136 2663 1325 2735 apostolicam
1349 2666 1491 2737 appellas·

438 2753 457 2776 ‘⁴
478 2756 551 2815 sent,
571 2748 725 2805 Dominica
754 2765 813 2819 qua
836 2750 971 2802 cantatur
1001 2746 1115 2801 Laetare
1143 2747 1309 2805 Jerusalem
1333 2751 1491 2805 terminum

437 2836 455 2860 “
475 2833 670 2906 proefigentes‚
691 2829 770 2885 idem
795 2830 1042 2901 archiepiscopus,
1062 2829 1251 2901 appellationi
1269 2848 1326 2885 non
1345 2831 1489 2898 deferens,

437 2920 454 2944 “
475 2918 506 2972 in
525 2915 694 2972 executione
716 2914 808 2986 ipsius
833 2913 978 2986 quendam
1003 2932 1039 2967 ex
1064 2913 1203 2968 fratribus
1228 2914 1300 2986 ipsis
1326 2916 1490 2988 suspendit,

437 3004 456 3028 “
477 3000 528 3071 qui
548 3000 636 3056 etiarn
654 2997 840 3069 postmodum
858 2997 895 3051 de
913 3004 1060 3069 precepto
1078 3014 1130 3053 suo
1150 2997 1227 3052 sicut
1244 2996 1354 3053 dicitnr
1372 3000 1409 3054 ab
1427 3000 1492 3071 ipsa

438 3088 456 3111 “
476 3082 600 3138 ecclesia
612 3086 657 3137 est
669 3088 808 3137 remotus.
840 3081 912 3135 Post
930 3079 1052 3135 eandem
1066 3080 1154 3134 etiam
1167 3080 1401 3152 appellationem,
1421 3082 1492 3138 lieet

438 3172 457 3195 “
478 3167 558 3239 prior
576 3173 606 3221 et
624 3165 730 3220 fratres
750 3182 782 3220 se
800 3171 901 3220 staua
925 3163 981 3219 sub
1005 3156 1165 3235 apostolica
1188 3165 1369 3235 protectione
1387 3183 1489 3237 posue·

438 3254 456 3278 “
475 3250 544 3316 rint,
564 3248 772 3304 nichilominus
784 3247 914 3321 priorem
933 3246 1095 3319 suspendit,
1110 3247 1239 3303 obiciens
1258 3249 1285 3303 ei
1304 3250 1382 3320 quod
1400 3266 1490 3305 unum

437 3337 456 3361 “
476 3352 511 3389 ex
523 3331 663 3387 fratribus
681 3330 742 3387 suis
761 3331 799 3386 ad
817 3331 1004 3402 presentiam
1028 3340 1159 3385 nostram
1177 3331 1277 3385 venire
1295 3331 1440 3404 permisit,
1460 3340 1491 3389 et

438 3422 456 3445 ‘⁴
476 3416 621 3489 quendam
645 3415 736 3471 alium
766 3415 817 3487 qui
847 3415 1046 3486 appellaverat
1072 3414 1103 3468 in
1133 3415 1256 3472 ecclesia
1285 3423 1315 3471 ct
1344 3419 1490 3474 consortio

437 3504 601 3557 “fratrum
625 3500 775 3570 suscepit.⁶
812 3500 971 3570 Postquam
1002 3504 1099 3554 autom
1128 3498 1191 3570 jam
1222 3499 1318 3556 dictus
1342 3502 1423 3572 prior
1453 3503 1489 3559 ob

436 3590 456 3614 “
476 3585 617 3658 praedicta
645 3584 817 3655 gravamina
853 3583 909 3638 iter
939 3583 1065 3654 arripuit
1101 3582 1153 3637 ad·
1168 3583 1267 3639 sedern
1300 3586 1489 3656 apostolicam

437 3675 455 3697 ‘⁴
476 3667 621 3734 veniendi,
641 3662 782 3739 praefatus
801 3666 1037 3738 archiepiscopus
1056 3665 1087 3720 in
1098 3664 1220 3722 basilica
1237 3685 1325 3738 quam
1337 3669 1369 3724 in
1387 3688 1489 3726 eorum

437 3758 455 3781 ‘⁸
476 3751 684 3825 gravissimum
720 3749 930 3805 detrimentum
967 3749 1075 3804 dicitur
1105 3751 1310 3818 construxisse,
1348 3753 1489 3823 quosdam

436 3840 456 3862 “
476 3834 622 3892 seculares
641 3833 804 3899 canonicos,
818 3832 1033 3905 appellantibus
1052 3840 1082 3889 et
1098 3833 1326 3890 reclamantibus
1338 3836 1487 3902 fratribus,

433 3923 455 3948 ·‘
475 3920 584 3975 dicitur
608 3917 783 3982 instituisse,
809 3916 908 3988 eisque
938 3917 1070 3988 ipsorum
1094 3916 1233 3972 ecclesias
1257 3919 1433 3990 assignasse,
1459 3927 1490 3976 et

437 4005 628 4060 “universos
660 4002 710 4073 qni
740 4000 959 4073 appellaverant
982 4001 1019 4056 ab
1044 4001 1146 4057 altaris
1176 4000 1268 4057 officio
1293 4003 1487 4075 suspendisse.

436 4092 456 4116 “
476 4088 551 4158 Quia
568 4104 647 4152 vero,
668 4085 739 4141 licet
757 4103 845 4157 super
862 4084 1072 4156 principalibus
1091 4085 1300 4156 questionibus
1312 4087 1344 4142 in
1362 4088 1488 4144 termino

438 4169 664 4244 “appellationi
689 4168 806 4241 praefixo
830 4168 1013 4241 responsales
1031 4175 1061 4223 et
1083 4169 1202 4224 nuntios
1226 4169 1318 4241 ipsius
1342 4171 1484 4243 archiepi-

437 4258 456 4283 “
477 4254 558 4326 scopi
576 4259 773 4325 expectemus,
793 4270 829 4307 ea
839 4258 938 4308 tamen
956 4269 1022 4324 quoe
1040 4258 1100 4307 tam
1111 4251 1269 4308 manifeste
1286 4253 1319 4309 in
1336 4260 1485 4326 contemp·

428 4394 490 4402 q.—

468 4467 476 4500 ¹
488 4469 546 4519 Ode
558 4468 635 4516 abbor
648 4467 676 4516 ol
693 4467 787 4529 Buttle,
797 4468 847 4517 luto
866 4466 938 4531 prior
981 4464 1003 4517 is
1015 4464 1119 4517 omitted
1130 4465 1156 4516 in
1168 4467 1210 4518 the
1222 4469 1290 4533 Epp·
1302 4467 1377 4521 eunt.

433 4546 559 4601 oiChrist
571 4546 686 4605 Churrh,
699 4546 814 4598 Guerric
826 4545 941 4596 abhores
1014 4543 1171 4611 ’UrlcsarJ
1204 4548 1253 4598 See
1275 4548 1397 4613 Epistola
1415 4550 1482 4602 can-

434 4626 598 4687 Forentum,
610 4627 660 4676 and
679 4626 764 4692 Roget
776 4626 853 4675 abbot
864 4625 893 4675 oi
908 4625 935 4676 S.
979 4622 1186 4687 transmeatio.
1199 4627 1290 4690 xxvii,
1303 4643 1344 4692 pp.
1350 4631 1393 4692 2⁴,
1403 4634 1444 4681 at.

429 4704 605 4770 Augsutine's.
1011 4704 1021 4736 ⁴
1032 4703 1080 4770 ad]
1096 4720 1147 4755 om.
1159 4705 1188 4756 C.

466 4783 587 4832 ²nu1h'r.
606 4820 612 4835 .
638 4782 808 4850 obstantibus]
828 4799 878 4833 orn.
898 4784 933 4833 A.
957 4766 960 4841 l
1010 4784 1151 4851 ιειωοφῖι]
1168 4785 1303 4851 separavit,
1315 4788 1346 4838 Β.

429 4864 479 4925 B.;
496 4864 663 4927 obstantibus,
673 4879 722 4916 our.
735 4863 778 4916 Ca
794 4862 836 4914 the
847 4863 932 4914 clause
957 4862 961 4931 ζ
