3572 5744
251 946 255 953 x
387 888 429 951 28
586 903 749 953 cnevasrr
772 901 932 953 uosrcer
956 901 1229 953 carruemeusrs

232 1100 361 1194 memp·
384 1087 594 1155 latitudinem
621 1089 711 1157 chori
735 1090 772 1155 in
796 1090 958 1156 directum
984 1090 1027 1156 ad
1053 1090 1175 1158 lineam
1199 1111 1266 1155 non
1286 1090 1441 1177 permise-

235 1155 351 1297 dlffiqq
383 1197 463 1256 runt
486 1192 667 1278 procedere.
712 1192 791 1259 Alia
816 1215 914 1260 causa
943 1199 994 1259 est
1021 1193 1108 1280 quod
1135 1192 1294 1279 capellam
1325 1192 1440 1259 Sancti

240 1268 344 1348 (dhane
359 1313 368 1333 ·
383 1292 517 1360 'l'homee
543 1296 580 1359 in
610 1295 717 1381 capite
743 1295 887 1361 ecclesiae
913 1295 1113 1361 constituere
1143 1294 1352 1362 consiliosum
1376 1295 1442 1360 fuit

220 1356 371 1438 Qum
382 1401 416 1460 et
440 1396 532 1475 utile,
547 1397 605 1462 ubi
625 1399 734 1463 fueret
756 1397 881 1485 capelle
900 1397 1031 1465 Sanctae
1046 1397 1231 1475 Trinitatis,
1246 1418 1321 1484 quae
1335 1396 1442 1464 multo

381 1498 525 1565 strictior
550 1501 616 1564 fuit
641 1522 741 1586 quam
762 1499 888 1566 chorus.
934 1500 1094 1586 Magister
1118 1500 1222 1586 igitur
1236 1506 1344 1565 turres
1353 1521 1440 1603 pree-

381 1601 486 1666 dictes
510 1602 669 1688 dissipare
699 1624 767 1669 non
793 1601 916 1679 volens,
946 1602 1093 1689 integros
1123 1606 1236 1668 autem
1266 1602 1441 1668 transferre

380 1725 447 1768 non
471 1703 593 1782 valens,
615 1704 829 1770 latitudinem
856 1704 947 1770 illam
974 1703 1065 1770 chori
1085 1704 1247 1790 usquead
1262 1704 1441 1769 confinium

380 1806 523 1870 turrium
538 1806 574 1870 in
589 1806 751 1873 directum
767 1807 956 1893 composuit
1004 1806 1133 1872 Deinde
1156 1805 1319 1893 paulatim
1334 1812 1441 1872 turres

214 1928 364 1979 ruamus
381 1909 547 1993 utrimque
571 1908 732 1987 devitem,
749 1915 783 1974 et
807 1915 919 1975 tamen
943 1908 1157 1974 latitudinem
1182 1909 1247 1974 viae
1262 1908 1442 1996 illiusque

214 1983 315 2073 sal-lulli}
381 2014 477 2075 extre
500 2008 634 2075 chorum
659 2016 710 2076 est
737 2017 900 2097 quantum
927 2011 1039 2096 potuit
1062 2017 1197 2097 propter
1222 2012 1442 2097 processiones

212 2080 338 2176 dili&
380 2111 503 2177 ibidem
544 2112 733 2198 frequenter
777 2112 946 2179 sedendas
990 2134 1195 2190 conservans,
1235 2113 1441 2199 pedetentim

380 2213 553 2301 obliquans
579 2237 662 2301 opus
692 2215 899 2291 constrinxit,
925 2215 975 2280 ita
1005 2220 1046 2280 ut
1074 2237 1117 2280 ex
1147 2215 1297 2302 opposito
1327 2215 1441 2282 altaris

380 2338 462 2402 opus
486 2317 640 2382 decenter
663 2317 879 2395 contraheret,
906 2322 941 2382 et
966 2316 1088 2382 exinde
1117 2317 1161 2383 ed
1191 2318 1328 2383 tertium
1358 2317 1442 2405 pila·

380 2419 476 2496 rium,
502 2419 545 2485 ad
571 2420 711 2485 formam
734 2419 925 2484 latitudinis
949 2419 1083 2507 sepellre
1109 2441 1182 2505 quae
1213 2419 1345 2486 Sanctae
1369 2421 1440 2485 Tri-

380 2521 497 2586 nitatis
512 2521 690 2599 dicebetur,
706 2543 789 2608 opus
812 2525 983 2588 coartaret.
1030 2520 1160 2587 Deinde
1174 2528 1318 2607 quatuor
1332 2521 1441 2608 pilarii

381 2623 526 2708 ejusdem
553 2623 743 2689 latitudinis
767 2622 824 2688 sed
848 2622 985 2688 alterius
1011 2621 1125 2688 formae
1150 2623 1320 2715 utrimque
1341 2624 1442 2710 positi

213 2750 323 2803 mama
381 2732 467 2790 sunt.
514 2725 594 2791 Post
617 2748 699 2812 quos
713 2725 785 2793 alii,
800 2731 942 2812 quatuor
967 2725 1011 2790 ad
1036 2725 1195 2792 circinum
1218 2732 1298 2791 sunt
1312 2727 1441 2805 statuti,

214 2801 390 2845 nrantotthe.
482 2829 488 2843 .
827 2829 833 2842 .
1042 2828 1063 2842 Α.
1168 2829 1175 2843 .
1413 2829 1420 2843 .

213 2853 327 2903 ,eume
381 2850 417 2893 1n
433 2828 555 2913 qurbus
570 2850 651 2915 opus
666 2833 910 2915 superpositum
926 2828 1144 2911 conpenrebat
1165 2849 1201 2892 rn
1217 2850 1329 2894 unum.
1374 2829 1442 2895 Hrc

213 2902 368 2999 lliffiiriirl
381 2938 432 2996 est
465 2931 582 3027 modus
607 2932 761 2997 stationis
786 2931 987 3017 pilariorum
1033 2930 1187 2997 Exterior
1211 2938 1324 2999 autem
1354 2932 1441 2997 muri

381 3033 534 3112 ambitus,
550 3057 571 3099 a
586 3033 733 3098 turribus
749 3032 915 3119 praedictis
930 3032 1149 3119 progrediens,
1164 3034 1271 3119 primo
1286 3035 1323 3098 in
1338 3034 1440 3101 direc-

381 3141 454 3199 tum
480 3135 523 3200 ad
548 3134 670 3201 lineam
696 3134 852 3221 procedit,
880 3134 998 3200 deinde
1022 3135 1167 3200 flectitur
1197 3135 1234 3200 in
1258 3137 1375 3223 girum,
1405 3142 1441 3203 et

382 3238 489 3304 sicin
516 3243 607 3303 turre
632 3237 777 3303 rotunda
801 3238 958 3303 convenit
983 3242 1123 3324 uterque
1147 3259 1262 3303 murus
1276 3239 1312 3304 in
1327 3260 1439 3317 unum,

382 3342 571 3428 ibidemque
595 3349 848 3408 consummatur.
895 3342 978 3409 Haec
1003 3342 1115 3408 omnia
1138 3342 1258 3409 clarius
1281 3349 1317 3410 et
1336 3344 1441 3410 delec-

382 3443 518 3509 tabilius
544 3444 646 3511 oculis
672 3451 812 3532 possunt
835 3444 942 3510 videri
972 3466 1071 3530 quam
1099 3446 1197 3512 dictis
1226 3446 1281 3512 vel
1311 3447 1441 3534 scriptis

383 3548 517 3614 edoceri.
578 3549 662 3615 Haec
687 3555 799 3615 autem
830 3548 920 3616 dicta
949 3555 1029 3614 sunt
1060 3555 1100 3615 ut
1129 3549 1301 3637 utriusque
1325 3551 1441 3637 operis,

247 3636 251 3643 ⁴
381 3653 460 3717 novi
484 3652 609 3718 scilicet
632 3658 668 3718 et
690 3653 821 3730 veteris,
844 3652 1032 3718 differentia
1053 3653 1158 3739 possit
1179 3653 1320 3740 agnosci.

305 3794 317 3824 r
427 3754 528 3821 Nunc
548 3762 661 3822 autern
684 3754 857 3821 videamus
886 3754 1050 3821 attentius
1081 3755 1162 3841 quid
1192 3754 1248 3822 vel
1277 3761 1439 3842 quantum

382 3860 489 3945 operis
513 3860 705 3936 cementarii
737 3859 842 3924 nostri
875 3858 911 3924 in
946 3857 1009 3924 hoc
1041 3860 1182 3945 septimo
1204 3858 1440 3925 combustionis

381 3984 469 4030 anno
491 3962 696 4050 perfecerint.
741 3960 839 4042 Quod
865 3965 905 4025 ut
931 3959 1076 4027 breviter
1098 3961 1236 4039 dicatur,
1259 3982 1346 4028 anno
1368 3983 1439 4048 sep-

382 4068 464 4132 timo
485 4061 575 4133 fecte
589 4072 640 4132 est
655 4085 742 4131 nova
757 4064 865 4151 cripta
879 4063 960 4128 satis
973 4062 1123 4143 formosa
1138 4070 1174 4130 et
1188 4083 1286 4152 super
1299 4065 1440 4151 criptam

380 4169 524 4257 parietes
548 4168 728 4235 exteriores
747 4167 875 4233 alarum
890 4186 994 4252 usque
1012 4166 1056 4234 ad
1071 4165 1226 4254 capitella
1240 4185 1440 4258 marmorea3

246 4300 319 4333 enee
381 4274 542 4339 fenestras
566 4277 679 4339 autern
708 4292 776 4336 non
805 4269 918 4357 potuit
941 4267 1023 4357 nec1
1046 4268 1156 4336 voluit
1184 4270 1341 4357 magister
1369 4270 1440 4336 vol-

211 4353 224 4384 ⁰
280 4371 286 4382 '
381 4396 458 4440 vere
487 4378 623 4461 propter
652 4373 844 4459 ingementes
869 4371 1009 4458 pluvias,
1039 4390 1100 4437 nec
1129 4369 1263 4457 pilarios
1293 4377 1438 4438 statuere

380 4476 560 4543 interiores.
606 4476 648 4541 In
678 4475 751 4540 istis
781 4494 888 4541 annus
918 4474 1078 4561 septimus
1101 4475 1284 4561 completus
1313 4481 1372 4551 est,
1402 4480 1437 4541 et

379 4586 517 4647 octavus
544 4578 687 4665 sumpsit
713 4577 856 4642 initium.
904 4577 944 4641 In
970 4576 1040 4655 hoc,
1055 4582 1173 4643 octavo
1197 4570 1329 4655 scilicet,
1347 4599 1435 4645 anno

379 4683 500 4750 statuit
523 4681 683 4769 magister
704 4686 778 4748 octo
803 4680 975 4747 interiores
1001 4680 1143 4766 pilarios,
1158 4697 1252 4747 arcus
1278 4687 1313 4746 et
1332 4681 1434 4747 fornia

803 4881 810 4914 ¹
823 4883 880 4948 aec]
895 4882 996 4943 11011,οι
1076 4898 1081 4905 ·
