3588 5740
430 890 494 954 526
629 903 792 957 omvssn
814 907 976 958 mousom
999 908 1275 961 cmsunmmesm

275 1103 399 1177 wem
474 1091 585 1160 Primo
606 1096 774 1181 piaecessit
795 1093 1057 1182 emhiepiscopus
1081 1093 1330 1162 Ocntumiensis
1352 1101 1388 1163 et
1412 1094 1480 1183 epi·

259 1168 392 1272 oblili}
428 1196 520 1282 scopi
542 1197 665 1283 aliique
689 1198 790 1265 sacris
811 1197 961 1263 vestibus
982 1197 1095 1262 induti
1117 1219 1193 1264 cum
1214 1204 1382 1266 conventu
1405 1199 1482 1265 sub-

258 1269 398 1363 iiiiiff*
428 1304 586 1385 sequente
600 1322 704 1387 usque
719 1301 763 1365 cd
785 1298 973 1367 cubiculum
987 1299 1092 1386 regis:
1114 1300 1175 1365 ubi
1193 1322 1293 1388 super
1307 1307 1481 1369 extensum

427 1405 579 1486 tapetum
604 1402 770 1490 regalibus
800 1402 1003 1468 ornamentis
1033 1402 1201 1488 expositis,
1224 1404 1351 1471 scilicet
1380 1404 1482 1492 pullio

426 1504 654 1591 quadrangulo
676 1526 759 1572 euro
781 1510 884 1586 texto,
900 1504 1024 1582 tunice,
1045 1504 1211 1583 sandaliis,
1231 1505 1381 1585 armillis,
1396 1528 1482 1586 ense,

424 1610 615 1687 calcaribus,
637 1606 763 1684 baculo,
789 1612 918 1694 sceptro
947 1613 982 1672 et
1009 1627 1136 1685 comm,
1162 1628 1222 1673 rex
1250 1608 1391 1675 indutus
1421 1614 1482 1676 est

424 1711 554 1792 Quibus
576 1712 781 1779 indumentis
793 1710 919 1775 ‘ornato
940 1709 1089 1797 inposuit
1108 1710 1373 1799 archiepiscopus
1394 1714 1482 1800 regis

424 1816 568 1882 sinistree
590 1814 745 1882 baculum
767 1833 914 1890 aureum,
930 1812 1058 1878 dextrae
1080 1817 1254 1899 sceptrum,
1277 1815 1381 1901 capiti
1402 1836 1483 1882 vero

424 1939 578 1985 colonam
608 1916 763 2004 inposuit,
790 1919 825 1980 et
854 1913 942 1981 hunc
971 1913 1061 1979 dixit
1090 1916 1283 1995 orationem,
1307 1925 1325 1953 “
1338 1917 1482 1985 Ooronet

425 2028 442 2057 “
464 2026 499 2087 te
521 2018 711 2087 Dominus.’'
756 2017 876 2083 Postce
898 2015 1051 2083 inchoato
1077 2038 1099 2083 e
1120 2023 1254 2084 cantore
1276 2021 1481 2106 responsorio

424 2130 443 2159 “
465 2123 589 2202 Honor,
612 2119 748 2200 virtus,''
766 2123 996 2207 processerunt
1017 2140 1132 2185 omnes
1153 2120 1198 2186 cd
1219 2120 1389 2188 ecclesium
1402 2144 1480 2209 rege

424 2225 544 2293 ultimo
575 2226 804 2311 subsequente,
837 2222 1049 2310 portantibus
1080 2222 1163 2287 iiiior
1190 2223 1370 2290 baronibus
1399 2225 1480 2290 iiiior

422 2350 531 2396 cereos
552 2349 705 2396 accensos
728 2332 806 2394 ente
829 2332 965 2405 sumet
986 2326 1061 2391 eliis
1083 2326 1164 2391 iiiior
1177 2327 1317 2413 pallium
1339 2329 1377 2393 in
1398 2328 1480 2394 iiiioe

421 2431 527 2499 hastis
548 2455 648 2520 super
669 2436 771 2519 ceput
792 2429 872 2517 ejus.
918 2429 998 2495 Tres
1024 2450 1103 2497 vero
1134 2430 1271 2498 comites
1301 2432 1479 2499 nobiliores

420 2534 554 2622 Angliae
591 2537 809 2623 portaverunt
846 2538 914 2598 tres
950 2532 1079 2619 gladios
1115 2533 1153 2598 in
1189 2534 1322 2622 vaginis
1357 2535 1478 2602 eureis.

422 2638 509 2705 Oum
531 2645 643 2706 eutem
665 2637 895 2727 pervenissent
923 2635 971 2703 sic
1000 2636 1045 2702 ed
1073 2636 1214 2725 gradum
1236 2637 1361 2717 ulteris,
1382 2637 1479 2706 incli-

422 2740 520 2807 nevit
549 2764 610 2808 rex
639 2762 740 2828 super
768 2760 886 2827 genua,
909 2737 1036 2804 hebens
1073 2739 1229 2806 baculum
1265 2761 1403 2806 curcum
1440 2740 1478 2807 in

421 2845 557 2911 sinistre
579 2850 614 2912 et
636 2850 802 2932 sceptrum
823 2843 861 2908 in
883 2842 1010 2907 dextre.
1055 2841 1169 2908 Finito
1191 2847 1293 2910 contu
1314 2843 1404 2911 dixit
1424 2866 1477 2911 sr-

421 2947 655 3036 chicpiscopus,
672 2956 690 2984 “
701 2947 853 3024 Domine,
876 2944 1006 3010 salvum
1027 2944 1081 3010 fec
1103 2945 1240 3032 regem.'’
1286 2946 1414 3013 “Mitte
1436 2947 1476 3025 ei,

421 3057 439 3085 “
462 3048 634 3116 Domine.''
672 3049 783 3114 “Esto
802 3047 843 3125 ei,
857 3045 1026 3112 Domine.’'
1064 3046 1259 3114 “Dominus
1279 3048 1478 3116 vobiscum”

420 3159 440 3188 “
462 3151 609 3219 Oremus.
656 3151 860 3232 Queesumus,
882 3149 1090 3236 omnipotens
1120 3150 1220 3231 Deus,
1243 3156 1284 3217 ut
1312 3150 1476 3217 famulum

421 3262 439 3291 ‘⁴
462 3254 586 3322 tuum.''
632 3254 713 3320 Post
734 3253 814 3332 haec,
836 3273 988 3318 reversus
1010 3257 1062 3318 est
1090 3253 1135 3319 sd
1164 3253 1274 3320 locum
1299 3254 1358 3321 ubi
1383 3253 1477 3320 thm-

420 3379 485 3423 nus
507 3357 594 3444 regis
616 3362 753 3445 perotus
776 3359 835 3434 est,
858 3353 1000 3420 ducente
1022 3376 1099 3419 eum
1122 3355 1366 3443 archiepiscopo
1389 3354 1477 3423 Oen·

420 3458 583 3526 tuerienei
613 3481 635 3526 c
666 3457 802 3536 dextris,
834 3456 1063 3522 Lundoniensi
1093 3478 1115 3523 s
1148 3457 1301 3523 sinistris
1346 3457 1477 3525 Deinde

420 3562 665 3650 archiepiscopo
687 3559 928 3649 episcopalibus
957 3559 1077 3625 induto
1108 3565 1142 3625 et
1169 3560 1270 3647 pellic
1292 3559 1397 3628 Misso
1424 3560 1477 3627 in·

420 3664 541 3732 choatc
562 3671 620 3731 est.
666 3663 747 3730 Post
772 3662 914 3750 primam
941 3661 1124 3727 orationem
1149 3661 1287 3729 collecte
1312 3662 1403 3729 dicte
1425 3667 1479 3729 est

419 3789 480 3855 pro
502 3790 586 3855 rege.
632 3767 763 3833 Deinde
786 3774 805 3801 “
816 3764 972 3831 Christus
990 3763 1125 3843 vincit,”
1147 3785 1169 3831 e
1191 3765 1299 3831 tribus
1320 3764 1477 3852 personis.

419 3870 500 3938 Post
521 3870 739 3958 evangelium,
762 3867 807 3935 ab
832 3867 994 3954 episcopis
1026 3866 1148 3933 ductus
1180 3871 1232 3933 est
1262 3867 1307 3933 cd
1338 3867 1476 3934 oblatio-

418 3994 504 4040 nem.
549 3973 593 4038 In
617 3972 726 4038 eundo
751 3975 786 4036 et
811 3969 980 4036 redeundo
1006 3969 1133 4055 portati
1155 3973 1237 4034 sunt
1257 3968 1343 4035 cerei
1367 3990 1477 4037 coram

418 4097 458 4142 eo
479 4080 515 4142 et
536 4075 684 4162 pellium
731 4072 811 4140 Post
841 4071 975 4138 missum
1000 4071 1263 4138 communicavit
1285 4092 1353 4137 rex
1398 4071 1476 4138 Hiis

418 4179 572 4245 omnibus
594 4178 659 4245 rite
681 4175 825 4264 peresus
847 4174 948 4240 duxit
969 4195 1046 4240 eum
1068 4173 1334 4261 emhicpiscopus
1355 4174 1393 4243 iu
1417 4195 1477 4261 pe·

417 4280 546 4362 latium,
564 4287 685 4348 exutus
700 4285 815 4346 temen
836 4276 938 4366 pellic
961 4283 996 4343 et
1017 4276 1130 4343 cesule
1151 4281 1187 4343 ct
1200 4297 1306 4363 cappa
1327 4276 1475 4345 indutus

419 4385 494 4451 Rex
523 4385 637 4471 itaque
669 4388 804 4471 accepte
834 4381 953 4448 leviori
985 4401 1104 4448 corone
1135 4379 1223 4446 sedit
1251 4379 1296 4445 cd
1327 4400 1475 4448 mensem

417 4509 494 4556 cum
517 4487 678 4576 episcopis
700 4491 735 4553 et
756 4484 970 4573 magnatibus
990 4489 1097 4550 tenae.
1173 4486 1181 4500 ’

462 4590 546 4657 Haec
567 4590 635 4655 fuit
655 4589 763 4655 forme
784 4586 1006 4655 coronationis
1027 4585 1114 4674 regis
1136 4584 1282 4664 Ricerdi‚
1296 4589 1473 4673 postquem

417 4693 518 4760 rediit
555 4693 596 4759 de
633 4691 843 4773 Alemannis,
879 4695 1040 4776 tantoque
1077 4688 1260 4763 solennitas
1297 4687 1386 4756 facte
1422 4693 1473 4755 est

416 4800 552 4884 propter
573 4795 814 4883 praeoedentem
839 4792 1003 4881 captionis
1033 4790 1268 4859 contumeliam
1298 4796 1335 4857 et
1363 4791 1473 4880 inspe-
