<?xml version="1.0" encoding="UTF-8"?>
<!DOCTYPE html PUBLIC "-//W3C//DTD XHTML 1.0 Transitional//EN"
    "http://www.w3.org/TR/xhtml1/DTD/xhtml1-transitional.dtd">
<html xmlns="http://www.w3.org/1999/xhtml" xml:lang="en" lang="en">
 <head>
  <title>
</title>
<meta http-equiv="Content-Type" content="text/html;charset=utf-8" />
  <meta name='ocr-system' content='tesseract 3.04.00' />
  <meta name='ocr-capabilities' content='ocr_page ocr_carea ocr_par ocr_line ocrx_word'/>
</head>
<body>
  <div class='ocr_page' id='page_1' title='image "./historicalworks00offigoog_0330.png"; bbox 0 0 3646 5720; ppageno 0'>
   <div class='ocr_carea' id='block_1_1' title="bbox 408 876 1257 943">
    <p class='ocr_par' dir='ltr' id='par_1_1' title="bbox 408 876 1257 943">
     <span class='ocr_line' id='line_1_1' title="bbox 408 876 1257 943; baseline -0.008 0"><span class='ocrx_word' id='word_1_1' title='bbox 408 876 474 943; x_wconf 78' lang='grc'><strong>266</strong></span> <span class='ocrx_word' id='word_1_2' title='bbox 610 886 773 939; x_wconf 70' lang='lat' dir='ltr'><strong>amusan</strong></span> <span class='ocrx_word' id='word_1_3' title='bbox 796 885 958 938; x_wconf 73' lang='lat' dir='ltr'><strong>noussen</strong></span> <span class='ocrx_word' id='word_1_4' title='bbox 981 884 1257 938; x_wconf 72' lang='lat' dir='ltr'><strong>cenwsurnusrs</strong></span> 
     </span>
    </p>
   </div>
   <div class='ocr_carea' id='block_1_2' title="bbox 254 1074 1055 1151">
    <p class='ocr_par' dir='ltr' id='par_1_2' title="bbox 254 1074 1055 1151">
     <span class='ocr_line' id='line_1_2' title="bbox 254 1074 1055 1151; baseline 0 -18"><span class='ocrx_word' id='word_1_5' title='bbox 254 1078 381 1126; x_wconf 66' lang='lat' dir='ltr'><strong>All-¹1⁷⁷·</strong></span> <span class='ocrx_word' id='word_1_6' title='bbox 441 1080 548 1136; x_wconf 86' lang='lat' dir='ltr'><strong>Petrus</strong></span> <span class='ocrx_word' id='word_1_7' title='bbox 567 1078 604 1136; x_wconf 92' lang='lat' dir='ltr'><strong>de</strong></span> <span class='ocrx_word' id='word_1_8' title='bbox 622 1079 706 1136; x_wconf 85' lang='lat' dir='ltr'><strong>Bona</strong></span> <span class='ocrx_word' id='word_1_9' title='bbox 722 1076 871 1151; x_wconf 75' lang='lat' dir='ltr'><strong>presbiter</strong></span> <span class='ocrx_word' id='word_1_10' title='bbox 888 1074 1055 1134; x_wconf 82' lang='lat' dir='ltr'><strong>cardinalis.</strong></span> 
     </span>
    </p>
   </div>
   <div class='ocr_carea' id='block_1_3' title="bbox 237 1141 885 1246">
    <p class='ocr_par' dir='ltr' id='par_1_3' title="bbox 237 1141 885 1246">
     <span class='ocr_line' id='line_1_3' title="bbox 237 1141 885 1246; baseline -0.012 -20"><span class='ocrx_word' id='word_1_11' title='bbox 237 1141 377 1246; x_wconf 44' lang='lat' dir='ltr'><strong>{cmg-</strong></span> <span class='ocrx_word' id='word_1_12' title='bbox 442 1164 535 1221; x_wconf 89' lang='lat' dir='ltr'><strong>Bosus</strong></span> <span class='ocrx_word' id='word_1_13' title='bbox 552 1164 699 1237; x_wconf 79' lang='lat' dir='ltr'><strong>presbiter</strong></span> <span class='ocrx_word' id='word_1_14' title='bbox 717 1161 885 1219; x_wconf 87' lang='lat' dir='ltr'><strong>cardinalis.</strong></span> 
     </span>
    </p>
   </div>
   <div class='ocr_carea' id='block_1_4' title="bbox 238 1242 1029 1335">
    <p class='ocr_par' dir='ltr' id='par_1_4' title="bbox 238 1242 1029 1335">
     <span class='ocr_line' id='line_1_4' title="bbox 238 1242 1029 1335; baseline 0.004 -37"><span class='ocrx_word' id='word_1_15' title='bbox 238 1244 326 1335; x_wconf 64' lang='lat' dir='ltr'><strong>notin</strong></span> <span class='ocrx_word' id='word_1_16' title='bbox 441 1247 683 1304; x_wconf 85' lang='lat' dir='ltr'><strong>Hercmbrandus</strong></span> <span class='ocrx_word' id='word_1_17' title='bbox 699 1246 845 1319; x_wconf 78' lang='lat' dir='ltr'>presbiter</span> <span class='ocrx_word' id='word_1_18' title='bbox 862 1242 1029 1301; x_wconf 84' lang='lat' dir='ltr'><strong>cardinalis.</strong></span> 
     </span>
    </p>
   </div>
   <div class='ocr_carea' id='block_1_5' title="bbox 237 1293 356 1337">
    <p class='ocr_par' dir='ltr' id='par_1_5' title="bbox 237 1293 356 1337">
     <span class='ocr_line' id='line_1_5' title="bbox 237 1293 356 1337; baseline 0.025 -3"><span class='ocrx_word' id='word_1_19' title='bbox 237 1293 286 1335; x_wconf 84' lang='lat' dir='ltr'><strong>Ven</strong></span> <span class='ocrx_word' id='word_1_20' title='bbox 297 1304 322 1336; x_wconf 91' lang='lat' dir='ltr'><strong>ce</strong></span> <span class='ocrx_word' id='word_1_21' title='bbox 330 1293 356 1337; x_wconf 85' lang='lat' dir='ltr'><strong>at</strong></span> 
     </span>
    </p>
   </div>
   <div class='ocr_carea' id='block_1_6' title="bbox 236 1329 1458 2762">
    <p class='ocr_par' dir='ltr' id='par_1_6' title="bbox 236 1329 1458 2762">
     <span class='ocr_line' id='line_1_6' title="bbox 238 1329 933 1397; baseline -0.001 -11"><span class='ocrx_word' id='word_1_22' title='bbox 238 1343 389 1397; x_wconf 64' lang='lat' dir='ltr'><strong>themeeung</strong></span> <span class='ocrx_word' id='word_1_23' title='bbox 441 1330 591 1387; x_wconf 85' lang='lat' dir='ltr'><strong>Jacinctus</strong></span> <span class='ocrx_word' id='word_1_24' title='bbox 609 1332 747 1387; x_wconf 85' lang='lat' dir='ltr'><strong>diaeonus</strong></span> <span class='ocrx_word' id='word_1_25' title='bbox 765 1329 933 1387; x_wconf 87' lang='lat' dir='ltr'><strong>cardinalis.</strong></span> 
     </span>
     <span class='ocr_line' id='line_1_7' title="bbox 236 1392 939 1487; baseline -0.007 -15"><span class='ocrx_word' id='word_1_26' title='bbox 236 1392 375 1487; x_wconf 43' lang='lat' dir='ltr'><strong>21¹1?ng</strong></span> <span class='ocrx_word' id='word_1_27' title='bbox 441 1415 596 1471; x_wconf 79' lang='lat' dir='ltr'><strong>Herdirun</strong></span> <span class='ocrx_word' id='word_1_28' title='bbox 612 1415 752 1471; x_wconf 84' lang='lat' dir='ltr'><strong>diaconus</strong></span> <span class='ocrx_word' id='word_1_29' title='bbox 770 1413 939 1470; x_wconf 86' lang='lat' dir='ltr'><strong>cardinalis.</strong></span> 
     </span>
     <span class='ocr_line' id='line_1_8' title="bbox 236 1493 1032 1571; baseline -0.006 -16"><span class='ocrx_word' id='word_1_30' title='bbox 236 1505 311 1547; x_wconf 51' lang='lat'>9⁰¹⁰*</span> <span class='ocrx_word' id='word_1_31' title='bbox 441 1497 572 1554; x_wconf 79' lang='lat' dir='ltr'><strong>Ohinche</strong></span> <span class='ocrx_word' id='word_1_32' title='bbox 592 1497 683 1571; x_wconf 80' lang='lat' dir='ltr'><strong>Oapel</strong></span> <span class='ocrx_word' id='word_1_33' title='bbox 704 1497 845 1553; x_wconf 77' lang='lat' dir='ltr'><strong>diaconus</strong></span> <span class='ocrx_word' id='word_1_34' title='bbox 864 1493 1032 1552; x_wconf 82' lang='lat' dir='ltr'><strong>cardinalis.</strong></span> 
     </span>
     <span class='ocr_line' id='line_1_9' title="bbox 440 1579 975 1639; baseline -0.004 -2"><span class='ocrx_word' id='word_1_35' title='bbox 440 1582 631 1639; x_wconf 88' lang='lat' dir='ltr'><strong>Laborandus</strong></span> <span class='ocrx_word' id='word_1_36' title='bbox 650 1582 789 1639; x_wconf 87' lang='lat' dir='ltr'><strong>diaconus</strong></span> <span class='ocrx_word' id='word_1_37' title='bbox 807 1579 975 1637; x_wconf 84' lang='lat' dir='ltr'><strong>cardinalis.</strong></span> 
     </span>
     <span class='ocr_line' id='line_1_10' title="bbox 440 1662 1020 1739; baseline -0.003 -18"><span class='ocrx_word' id='word_1_38' title='bbox 440 1666 530 1739; x_wconf 81' lang='lat' dir='ltr'><strong>Hugo</strong></span> <span class='ocrx_word' id='word_1_39' title='bbox 549 1665 680 1723; x_wconf 80' lang='lat' dir='ltr'><strong>Bolonioe</strong></span> <span class='ocrx_word' id='word_1_40' title='bbox 698 1665 836 1721; x_wconf 85' lang='lat' dir='ltr'><strong>diaconus</strong></span> <span class='ocrx_word' id='word_1_41' title='bbox 854 1662 1020 1720; x_wconf 84' lang='lat' dir='ltr'><strong>cardinalis.</strong></span> 
     </span>
     <span class='ocr_line' id='line_1_11' title="bbox 440 1746 917 1823; baseline -0.008 -17"><span class='ocrx_word' id='word_1_42' title='bbox 440 1749 573 1823; x_wconf 82' lang='lat' dir='ltr'><strong>Hngotio</strong></span> <span class='ocrx_word' id='word_1_43' title='bbox 590 1749 730 1805; x_wconf 84' lang='lat' dir='ltr'><strong>diaconus</strong></span> <span class='ocrx_word' id='word_1_44' title='bbox 748 1746 917 1804; x_wconf 88' lang='lat' dir='ltr'><strong>cardinalis.</strong></span> 
     </span>
     <span class='ocr_line' id='line_1_12' title="bbox 440 1830 928 1890; baseline -0.008 -1"><span class='ocrx_word' id='word_1_45' title='bbox 440 1833 586 1890; x_wconf 83' lang='lat' dir='ltr'><strong>Rainerus</strong></span> <span class='ocrx_word' id='word_1_46' title='bbox 603 1832 743 1889; x_wconf 69' lang='lat' dir='ltr'><strong>diaconum</strong></span> <span class='ocrx_word' id='word_1_47' title='bbox 761 1830 928 1886; x_wconf 90' lang='lat' dir='ltr'><strong>cardinalis.</strong></span> 
     </span>
     <span class='ocr_line' id='line_1_13' title="bbox 439 1914 868 1989; baseline -0.009 -16"><span class='ocrx_word' id='word_1_48' title='bbox 439 1916 684 1989; x_wconf 84' lang='lat' dir='ltr'><strong>Archiepisccpus</strong></span> <span class='ocrx_word' id='word_1_49' title='bbox 700 1914 868 1973; x_wconf 86' lang='lat' dir='ltr'><strong>Vienensis.</strong></span> 
     </span>
     <span class='ocr_line' id='line_1_14' title="bbox 439 1997 907 2072; baseline -0.006 -16"><span class='ocrx_word' id='word_1_50' title='bbox 439 2000 685 2072; x_wconf 82' lang='lat' dir='ltr'><strong>Archiepisccpus</strong></span> <span class='ocrx_word' id='word_1_51' title='bbox 703 1997 907 2055; x_wconf 86' lang='lat' dir='ltr'><strong>Bituricensis.</strong></span> 
     </span>
     <span class='ocr_line' id='line_1_15' title="bbox 439 2081 878 2156; baseline -0.009 -16"><span class='ocrx_word' id='word_1_52' title='bbox 439 2083 687 2156; x_wconf 80' lang='lat' dir='ltr'><strong>Archiepiscopus</strong></span> <span class='ocrx_word' id='word_1_53' title='bbox 704 2081 742 2138; x_wconf 93' lang='lat' dir='ltr'><strong>de</strong></span> <span class='ocrx_word' id='word_1_54' title='bbox 760 2081 878 2138; x_wconf 86' lang='lat' dir='ltr'><strong>Melain.</strong></span> 
     </span>
     <span class='ocr_line' id='line_1_16' title="bbox 440 2165 926 2241; baseline -0.004 -17"><span class='ocrx_word' id='word_1_55' title='bbox 440 2168 689 2241; x_wconf 81' lang='lat' dir='ltr'><strong>Archiepiscopue</strong></span> <span class='ocrx_word' id='word_1_56' title='bbox 707 2166 744 2222; x_wconf 89' lang='lat' dir='ltr'><strong>de</strong></span> <span class='ocrx_word' id='word_1_57' title='bbox 763 2165 926 2223; x_wconf 81' lang='lat' dir='ltr'><strong>Ravenna.¹</strong></span> 
     </span>
     <span class='ocr_line' id='line_1_17' title="bbox 439 2249 890 2323; baseline -0.007 -16"><span class='ocrx_word' id='word_1_58' title='bbox 439 2251 686 2323; x_wconf 81' lang='lat' dir='ltr'><strong>Archiepiscopns</strong></span> <span class='ocrx_word' id='word_1_59' title='bbox 703 2249 740 2306; x_wconf 87' lang='lat' dir='ltr'><strong>de</strong></span> <span class='ocrx_word' id='word_1_60' title='bbox 759 2249 890 2306; x_wconf 81' lang='lat' dir='ltr'><strong>Salerna.</strong></span> 
     </span>
     <span class='ocr_line' id='line_1_18' title="bbox 441 2333 891 2406; baseline -0.004 -16"><span class='ocrx_word' id='word_1_61' title='bbox 441 2334 601 2406; x_wconf 74' lang='lat' dir='ltr'>Episcopus</span> <span class='ocrx_word' id='word_1_62' title='bbox 621 2333 657 2389; x_wconf 92' lang='lat' dir='ltr'><strong>de</strong></span> <span class='ocrx_word' id='word_1_63' title='bbox 675 2333 763 2392; x_wconf 83' lang='lat' dir='ltr'><strong>Olaro</strong></span> <span class='ocrx_word' id='word_1_64' title='bbox 781 2333 891 2390; x_wconf 81' lang='lat' dir='ltr'><strong>Monta.</strong></span> 
     </span>
     <span class='ocr_line' id='line_1_19' title="bbox 440 2417 772 2476; baseline -0.003 -2"><span class='ocrx_word' id='word_1_65' title='bbox 440 2419 539 2475; x_wconf 85' lang='lat' dir='ltr'><strong>Abbas</strong></span> <span class='ocrx_word' id='word_1_66' title='bbox 558 2419 650 2474; x_wconf 78' lang='lat' dir='ltr'><strong>Bonas</strong></span> <span class='ocrx_word' id='word_1_67' title='bbox 667 2417 772 2476; x_wconf 82' lang='lat' dir='ltr'><strong>Vallis.</strong></span> 
     </span>
     <span class='ocr_line' id='line_1_20' title="bbox 440 2499 908 2574; baseline -0.004 -16"><span class='ocrx_word' id='word_1_68' title='bbox 440 2501 545 2559; x_wconf 82' lang='lat' dir='ltr'><strong>Comes</strong></span> <span class='ocrx_word' id='word_1_69' title='bbox 563 2501 712 2574; x_wconf 82' lang='lat' dir='ltr'><strong>Rogerius</strong></span> <span class='ocrx_word' id='word_1_70' title='bbox 731 2500 768 2557; x_wconf 90' lang='lat' dir='ltr'><strong>de</strong></span> <span class='ocrx_word' id='word_1_71' title='bbox 785 2499 908 2557; x_wconf 83' lang='lat' dir='ltr'><strong>Andria.</strong></span> 
     </span>
     <span class='ocr_line' id='line_1_21' title="bbox 440 2570 1348 2659; baseline 0 -22"><span class='ocrx_word' id='word_1_72' title='bbox 440 2582 520 2637; x_wconf 78' lang='lat' dir='ltr'><strong>Tieri</strong></span> <span class='ocrx_word' id='word_1_73' title='bbox 538 2581 574 2637; x_wconf 89' lang='lat' dir='ltr'><strong>de</strong></span> <span class='ocrx_word' id='word_1_74' title='bbox 593 2580 724 2646; x_wconf 84' lang='lat' dir='ltr'><strong>Oartusa,</strong></span> <span class='ocrx_word' id='word_1_75' title='bbox 744 2579 880 2635; x_wconf 87' lang='lat' dir='ltr'><strong>etmulti</strong></span> <span class='ocrx_word' id='word_1_76' title='bbox 898 2578 950 2637; x_wconf 88' lang='lat' dir='ltr'><strong>alii</strong></span> <span class='ocrx_word' id='word_1_77' title='bbox 967 2570 1132 2659; x_wconf 78' lang='lat' dir='ltr'>principes</span> <span class='ocrx_word' id='word_1_78' title='bbox 1153 2576 1189 2637; x_wconf 77' lang='lat' dir='ltr'><strong>et</strong></span> <span class='ocrx_word' id='word_1_79' title='bbox 1209 2570 1348 2659; x_wconf 75' lang='lat' dir='ltr'><strong>praelall.</strong></span> 
     </span>
     <span class='ocr_line' id='line_1_22' title="bbox 449 2669 1458 2762; baseline 0.005 -25"><span class='ocrx_word' id='word_1_80' title='bbox 449 2673 498 2737; x_wconf 90' lang='lat' dir='ltr'><strong>Hi</strong></span> <span class='ocrx_word' id='word_1_81' title='bbox 524 2693 602 2739; x_wconf 85' lang='lat' dir='ltr'><strong>vero</strong></span> <span class='ocrx_word' id='word_1_82' title='bbox 626 2669 803 2758; x_wconf 71' lang='lat' dir='ltr'><strong>subscripti</strong></span> <span class='ocrx_word' id='word_1_83' title='bbox 825 2697 893 2736; x_wconf 91' lang='lat' dir='ltr'><strong>cum</strong></span> <span class='ocrx_word' id='word_1_84' title='bbox 916 2678 1092 2754; x_wconf 73' lang='lat' dir='ltr'><strong>imperatore</strong></span> <span class='ocrx_word' id='word_1_85' title='bbox 1114 2679 1288 2753; x_wconf 76' lang='lat' dir='ltr'><strong>venerunt,</strong></span> <span class='ocrx_word' id='word_1_86' title='bbox 1310 2678 1345 2741; x_wconf 77' lang='lat' dir='ltr'><strong>at</strong></span> <span class='ocrx_word' id='word_1_87' title='bbox 1374 2695 1458 2762; x_wconf 80' lang='lat' dir='ltr'><strong>prae-</strong></span> 
     </span>
    </p>
   </div>
   <div class='ocr_carea' id='block_1_7' title="bbox 236 2774 1340 3433">
    <p class='ocr_par' dir='ltr' id='par_1_7' title="bbox 236 2774 1340 3433">
     <span class='ocr_line' id='line_1_23' title="bbox 404 2774 1001 2862; baseline -0.002 -20"><span class='ocrx_word' id='word_1_88' title='bbox 404 2774 503 2842; x_wconf 86' lang='lat' dir='ltr'><strong>dietae</strong></span> <span class='ocrx_word' id='word_1_89' title='bbox 524 2774 599 2862; x_wconf 84' lang='lat' dir='ltr'><strong>paci</strong></span> <span class='ocrx_word' id='word_1_90' title='bbox 620 2774 1001 2841; x_wconf 81' lang='lat' dir='ltr'><strong>interessemeruenrnt</strong></span> 
     </span>
     <span class='ocr_line' id='line_1_24' title="bbox 236 2874 955 2971; baseline -0.004 -38"><span class='ocrx_word' id='word_1_91' title='bbox 236 2874 368 2971; x_wconf 49' lang='lat' dir='ltr'><strong>(mm</strong></span> <span class='ocrx_word' id='word_1_92' title='bbox 440 2876 684 2948; x_wconf 84' lang='lat' dir='ltr'><strong>Archiepiscopus</strong></span> <span class='ocrx_word' id='word_1_93' title='bbox 701 2874 955 2945; x_wconf 82' lang='lat' dir='ltr'><strong>Mcdeburgensie.</strong></span> 
     </span>
     <span class='ocr_line' id='line_1_25' title="bbox 236 2957 905 3031; baseline -0.013 -10"><span class='ocrx_word' id='word_1_94' title='bbox 236 2987 311 3028; x_wconf 78' lang='lat' dir='ltr'><strong>perer.</strong></span> <span class='ocrx_word' id='word_1_95' title='bbox 440 2958 685 3031; x_wconf 88' lang='lat' dir='ltr'><strong>Archiepiscopus</strong></span> <span class='ocrx_word' id='word_1_96' title='bbox 703 2957 905 3028; x_wconf 79' lang='lat' dir='ltr'><strong>Maguntinns.</strong></span> 
     </span>
     <span class='ocr_line' id='line_1_26' title="bbox 440 3040 1340 3116; baseline -0.001 -16"><span class='ocrx_word' id='word_1_97' title='bbox 440 3042 686 3114; x_wconf 81' lang='lat' dir='ltr'><strong>Archiepiscopns</strong></span> <span class='ocrx_word' id='word_1_98' title='bbox 704 3040 741 3096; x_wconf 88' lang='lat' dir='ltr'><strong>de</strong></span> <span class='ocrx_word' id='word_1_99' title='bbox 759 3040 871 3106; x_wconf 63' lang='lat' dir='ltr'><strong>(lieris,</strong></span> <span class='ocrx_word' id='word_1_100' title='bbox 890 3041 1130 3113; x_wconf 86' lang='lat' dir='ltr'><strong>prothonotarius</strong></span> <span class='ocrx_word' id='word_1_101' title='bbox 1147 3041 1340 3116; x_wconf 80' lang='lat' dir='ltr'><strong>imperatoris.</strong></span> 
     </span>
     <span class='ocr_line' id='line_1_27' title="bbox 439 3124 893 3197; baseline -0.009 -14"><span class='ocrx_word' id='word_1_102' title='bbox 439 3126 687 3197; x_wconf 86' lang='lat' dir='ltr'><strong>Archiepisccpus</strong></span> <span class='ocrx_word' id='word_1_103' title='bbox 705 3124 893 3181; x_wconf 72' lang='lat' dir='ltr'><strong>coloniensis.</strong></span> 
     </span>
     <span class='ocr_line' id='line_1_28' title="bbox 440 3206 936 3281; baseline 0 -16"><span class='ocrx_word' id='word_1_104' title='bbox 440 3208 688 3281; x_wconf 81' lang='lat' dir='ltr'><strong>Archiepisccpus</strong></span> <span class='ocrx_word' id='word_1_105' title='bbox 707 3206 743 3263; x_wconf 92' lang='lat' dir='ltr'><strong>de</strong></span> <span class='ocrx_word' id='word_1_106' title='bbox 761 3207 936 3265; x_wconf 82' lang='lat' dir='ltr'><strong>Besennum.</strong></span> 
     </span>
     <span class='ocr_line' id='line_1_29' title="bbox 441 3290 800 3350; baseline -0.011 0"><span class='ocrx_word' id='word_1_107' title='bbox 441 3293 562 3350; x_wconf 76' lang='lat' dir='ltr'><strong>Electus</strong></span> <span class='ocrx_word' id='word_1_108' title='bbox 583 3291 621 3347; x_wconf 92' lang='lat' dir='ltr'><strong>de</strong></span> <span class='ocrx_word' id='word_1_109' title='bbox 638 3290 800 3350; x_wconf 84' lang='lat' dir='ltr'><strong>Vermeise.</strong></span> 
     </span>
     <span class='ocr_line' id='line_1_30' title="bbox 441 3375 769 3433; baseline -0.009 0"><span class='ocrx_word' id='word_1_110' title='bbox 441 3375 545 3433; x_wconf 84' lang='lat' dir='ltr'><strong>Comes</strong></span> <span class='ocrx_word' id='word_1_111' title='bbox 562 3376 601 3432; x_wconf 88' lang='grc' dir='ltr'><strong>Η.</strong></span> <span class='ocrx_word' id='word_1_112' title='bbox 619 3375 656 3431; x_wconf 93' lang='lat' dir='ltr'><strong>de</strong></span> <span class='ocrx_word' id='word_1_113' title='bbox 673 3375 769 3431; x_wconf 88' lang='lat' dir='ltr'><strong>Disce.</strong></span> 
     </span>
    </p>
   </div>
   <div class='ocr_carea' id='block_1_8' title="bbox 237 3460 1459 3644">
    <p class='ocr_par' dir='ltr' id='par_1_8' title="bbox 237 3460 1459 3644">
     <span class='ocr_line' id='line_1_31' title="bbox 440 3460 1354 3519; baseline 0.003 -3"><span class='ocrx_word' id='word_1_114' title='bbox 440 3460 552 3517; x_wconf 86' lang='lat' dir='ltr'><strong>Marcio</strong></span> <span class='ocrx_word' id='word_1_115' title='bbox 568 3460 720 3517; x_wconf 77' lang='lat' dir='ltr'><strong>Albertus.</strong></span> <span class='ocrx_word' id='word_1_116' title='bbox 1349 3512 1354 3519; x_wconf 83' lang='lat'>.</span> 
     </span>
     <span class='ocr_line' id='line_1_32' title="bbox 237 3557 1459 3644; baseline 0.012 -32"><span class='ocrx_word' id='word_1_117' title='bbox 237 3567 368 3613; x_wconf 70' lang='lat' dir='ltr'><strong>rumoso</strong></span> <span class='ocrx_word' id='word_1_118' title='bbox 450 3558 594 3626; x_wconf 69' lang='lat' dir='ltr'><strong>sedente</strong></span> <span class='ocrx_word' id='word_1_119' title='bbox 615 3558 729 3643; x_wconf 75' lang='lat' dir='ltr'><strong>itaque</strong></span> <span class='ocrx_word' id='word_1_120' title='bbox 751 3576 838 3644; x_wconf 87' lang='lat' dir='ltr'><strong>papa</strong></span> <span class='ocrx_word' id='word_1_121' title='bbox 851 3557 1043 3624; x_wconf 83' lang='lat' dir='ltr'><strong>Alexandro</strong></span> <span class='ocrx_word' id='word_1_122' title='bbox 1063 3557 1101 3622; x_wconf 89' lang='lat' dir='ltr'><strong>in</strong></span> <span class='ocrx_word' id='word_1_123' title='bbox 1120 3558 1277 3626; x_wconf 79' lang='lat' dir='ltr'><strong>cathedra</strong></span> <span class='ocrx_word' id='word_1_124' title='bbox 1298 3571 1368 3641; x_wconf 65' lang='lat' dir='ltr'><strong>sua</strong></span> <span class='ocrx_word' id='word_1_125' title='bbox 1382 3582 1459 3629; x_wconf 89' lang='lat' dir='ltr'><strong>cum</strong></span> 
     </span>
    </p>
   </div>
   <div class='ocr_carea' id='block_1_9' title="bbox 236 3620 1592 4534">
    <p class='ocr_par' dir='ltr' id='par_1_9' title="bbox 236 3620 1592 4534">
     <span class='ocr_line' id='line_1_33' title="bbox 236 3620 1458 3766; baseline -0.001 -37"><span class='ocrx_word' id='word_1_126' title='bbox 236 3620 334 3766; x_wconf 49' lang='lat' dir='ltr'><strong>{effi</strong></span> <span class='ocrx_word' id='word_1_127' title='bbox 402 3660 587 3735; x_wconf 62' lang='lat' dir='ltr'><strong>,casuales</strong></span> <span class='ocrx_word' id='word_1_128' title='bbox 621 3660 653 3727; x_wconf 92' lang='lat' dir='ltr'><strong>ei</strong></span> <span class='ocrx_word' id='word_1_129' title='bbox 686 3664 843 3738; x_wconf 80' lang='lat' dir='ltr'><strong>astarent,</strong></span> <span class='ocrx_word' id='word_1_130' title='bbox 874 3662 1055 3746; x_wconf 88' lang='lat' dir='ltr'><strong>antequam</strong></span> <span class='ocrx_word' id='word_1_131' title='bbox 1092 3661 1239 3728; x_wconf 85' lang='lat' dir='ltr'><strong>venisset</strong></span> <span class='ocrx_word' id='word_1_132' title='bbox 1270 3661 1458 3749; x_wconf 85' lang='lat' dir='ltr'><strong>imperator,</strong></span> 
     </span>
     <span class='ocr_line' id='line_1_34' title="bbox 405 3760 1459 3850; baseline 0 -20"><span class='ocrx_word' id='word_1_133' title='bbox 405 3766 486 3830; x_wconf 90' lang='lat' dir='ltr'><strong>dum</strong></span> <span class='ocrx_word' id='word_1_134' title='bbox 507 3767 620 3829; x_wconf 71' lang='lat' dir='ltr'><strong>nauta</strong></span> <span class='ocrx_word' id='word_1_135' title='bbox 642 3762 752 3850; x_wconf 80' lang='lat' dir='ltr'><strong>gulose</strong></span> <span class='ocrx_word' id='word_1_136' title='bbox 774 3782 851 3828; x_wconf 85' lang='lat' dir='ltr'><strong>suas</strong></span> <span class='ocrx_word' id='word_1_137' title='bbox 873 3760 940 3828; x_wconf 89' lang='lat' dir='ltr'><strong>huc</strong></span> <span class='ocrx_word' id='word_1_138' title='bbox 961 3761 1105 3849; x_wconf 88' lang='lat' dir='ltr'><strong>illucque</strong></span> <span class='ocrx_word' id='word_1_139' title='bbox 1128 3763 1349 3844; x_wconf 66' lang='lat' dir='ltr'><strong>deducerent,l</strong></span> <span class='ocrx_word' id='word_1_140' title='bbox 1370 3766 1459 3832; x_wconf 88' lang='lat' dir='ltr'><strong>inter</strong></span> 
     </span>
     <span class='ocr_line' id='line_1_35' title="bbox 405 3863 1458 3952; baseline 0.002 -21"><span class='ocrx_word' id='word_1_141' title='bbox 405 3867 578 3951; x_wconf 86' lang='lat' dir='ltr'><strong>utriusque</strong></span> <span class='ocrx_word' id='word_1_142' title='bbox 599 3865 704 3952; x_wconf 85' lang='lat' dir='ltr'><strong>partis</strong></span> <span class='ocrx_word' id='word_1_143' title='bbox 724 3864 870 3931; x_wconf 76' lang='lat' dir='ltr'><strong>fautores</strong></span> <span class='ocrx_word' id='word_1_144' title='bbox 890 3863 1050 3932; x_wconf 80' lang='lat' dir='ltr'><strong>dissensio</strong></span> <span class='ocrx_word' id='word_1_145' title='bbox 1070 3887 1139 3932; x_wconf 91' lang='lat' dir='ltr'><strong>non</strong></span> <span class='ocrx_word' id='word_1_146' title='bbox 1155 3867 1285 3935; x_wconf 87' lang='lat' dir='ltr'><strong>modica</strong></span> <span class='ocrx_word' id='word_1_147' title='bbox 1304 3873 1378 3936; x_wconf 87' lang='lat' dir='ltr'><strong>orta</strong></span> <span class='ocrx_word' id='word_1_148' title='bbox 1399 3873 1458 3946; x_wconf 84' lang='lat' dir='ltr'><strong>est,</strong></span> 
     </span>
     <span class='ocr_line' id='line_1_36' title="bbox 405 3966 1459 4056; baseline 0.001 -21"><span class='ocrx_word' id='word_1_149' title='bbox 405 3968 455 4035; x_wconf 91' lang='lat' dir='ltr'><strong>ita</strong></span> <span class='ocrx_word' id='word_1_150' title='bbox 476 3972 516 4033; x_wconf 93' lang='lat' dir='ltr'><strong>ut</strong></span> <span class='ocrx_word' id='word_1_151' title='bbox 538 3966 720 4033; x_wconf 76' lang='lat' dir='ltr'><strong>cardinales</strong></span> <span class='ocrx_word' id='word_1_152' title='bbox 742 3966 947 4055; x_wconf 82' lang='lat' dir='ltr'><strong>aufugerent,</strong></span> <span class='ocrx_word' id='word_1_153' title='bbox 962 3972 998 4034; x_wconf 91' lang='lat' dir='ltr'><strong>et</strong></span> <span class='ocrx_word' id='word_1_154' title='bbox 1019 3989 1141 4056; x_wconf 90' lang='lat' dir='ltr'><strong>papam</strong></span> <span class='ocrx_word' id='word_1_155' title='bbox 1166 3969 1396 4038; x_wconf 83' lang='lat' dir='ltr'><strong>Alexandrum</strong></span> <span class='ocrx_word' id='word_1_156' title='bbox 1421 3971 1459 4036; x_wconf 89' lang='lat' dir='ltr'><strong>in</strong></span> 
     </span>
     <span class='ocr_line' id='line_1_37' title="bbox 405 4068 1460 4161; baseline 0.001 -23"><span class='ocrx_word' id='word_1_157' title='bbox 405 4069 563 4138; x_wconf 80' lang='lat' dir='ltr'><strong>cathedra</strong></span> <span class='ocrx_word' id='word_1_158' title='bbox 592 4089 657 4135; x_wconf 88' lang='lat' dir='ltr'><strong>sua·</strong></span> <span class='ocrx_word' id='word_1_159' title='bbox 682 4068 789 4135; x_wconf 87' lang='lat' dir='ltr'><strong>solum</strong></span> <span class='ocrx_word' id='word_1_160' title='bbox 820 4069 1052 4154; x_wconf 88' lang='lat' dir='ltr'><strong>relinquerent.</strong></span> <span class='ocrx_word' id='word_1_161' title='bbox 1104 4071 1150 4137; x_wconf 85' lang='lat' dir='ltr'><strong>Et</strong></span> <span class='ocrx_word' id='word_1_162' title='bbox 1177 4093 1252 4139; x_wconf 89' lang='lat' dir='ltr'><strong>ecoe</strong></span> <span class='ocrx_word' id='word_1_163' title='bbox 1280 4073 1460 4161; x_wconf 86' lang='lat' dir='ltr'><strong>imperator</strong></span> 
     </span>
     <span class='ocr_line' id='line_1_38' title="bbox 405 4169 1458 4242; baseline 0.002 -3"><span class='ocrx_word' id='word_1_164' title='bbox 405 4173 447 4239; x_wconf 88' lang='lat' dir='ltr'><strong>de</strong></span> <span class='ocrx_word' id='word_1_165' title='bbox 469 4191 599 4238; x_wconf 91' lang='lat' dir='ltr'><strong>summo</strong></span> <span class='ocrx_word' id='word_1_166' title='bbox 620 4171 718 4237; x_wconf 87' lang='lat' dir='ltr'><strong>navis</strong></span> <span class='ocrx_word' id='word_1_167' title='bbox 744 4192 814 4236; x_wconf 83' lang='lat' dir='ltr'><strong>suec</strong></span> <span class='ocrx_word' id='word_1_168' title='bbox 839 4169 960 4237; x_wconf 85' lang='lat' dir='ltr'><strong>solario</strong></span> <span class='ocrx_word' id='word_1_169' title='bbox 982 4170 1182 4240; x_wconf 87' lang='lat' dir='ltr'><strong>descendens</strong></span> <span class='ocrx_word' id='word_1_170' title='bbox 1203 4174 1275 4239; x_wconf 81' lang='lat' dir='ltr'><strong>ix¹¹⁰</strong></span> <span class='ocrx_word' id='word_1_171' title='bbox 1296 4174 1458 4242; x_wconf 83' lang='lat' dir='ltr'><strong>kalendas</strong></span> 
     </span>
     <span class='ocr_line' id='line_1_39' title="bbox 404 4270 1457 4362; baseline 0.002 -22"><span class='ocrx_word' id='word_1_172' title='bbox 404 4273 559 4362; x_wconf 84' lang='lat' dir='ltr'><strong>Augusti,</strong></span> <span class='ocrx_word' id='word_1_173' title='bbox 580 4272 698 4360; x_wconf 85' lang='lat' dir='ltr'><strong>vigilia</strong></span> <span class='ocrx_word' id='word_1_174' title='bbox 720 4270 837 4337; x_wconf 87' lang='lat' dir='ltr'><strong>Jacobi</strong></span> <span class='ocrx_word' id='word_1_175' title='bbox 859 4271 1009 4358; x_wconf 89' lang='lat' dir='ltr'><strong>apostoli,</strong></span> <span class='ocrx_word' id='word_1_176' title='bbox 1026 4281 1102 4339; x_wconf 85' lang='lat' dir='ltr'><strong>sicut</strong></span> <span class='ocrx_word' id='word_1_177' title='bbox 1120 4283 1202 4356; x_wconf 83' lang='lat' dir='ltr'><strong>prius</strong></span> <span class='ocrx_word' id='word_1_178' title='bbox 1218 4287 1378 4342; x_wconf 61' lang='lat' dir='ltr'><strong>tractuum</strong></span> <span class='ocrx_word' id='word_1_179' title='bbox 1394 4284 1457 4342; x_wconf 80' lang='lat' dir='ltr'><strong>fus·</strong></span> 
     </span>
     <span class='ocr_line' id='line_1_40' title="bbox 404 4373 1592 4453; baseline 0 -20"><span class='ocrx_word' id='word_1_180' title='bbox 404 4381 452 4433; x_wconf 84' lang='lat' dir='ltr'><strong>rat</strong></span> <span class='ocrx_word' id='word_1_181' title='bbox 472 4381 503 4431; x_wconf 89' lang='lat' dir='ltr'><strong>ct</strong></span> <span class='ocrx_word' id='word_1_182' title='bbox 522 4374 709 4447; x_wconf 88' lang='lat' dir='ltr'><strong>dispositum,</strong></span> <span class='ocrx_word' id='word_1_183' title='bbox 734 4373 818 4431; x_wconf 84' lang='lat' dir='ltr'><strong>venit</strong></span> <span class='ocrx_word' id='word_1_184' title='bbox 841 4373 879 4429; x_wconf 87' lang='lat' dir='ltr'><strong>ad</strong></span> <span class='ocrx_word' id='word_1_185' title='bbox 904 4373 1057 4453; x_wconf 85' lang='lat' dir='ltr'><strong>ecclesiam</strong></span> <span class='ocrx_word' id='word_1_186' title='bbox 1082 4375 1162 4432; x_wconf 85' lang='lat' dir='ltr'><strong>beati</strong></span> <span class='ocrx_word' id='word_1_187' title='bbox 1186 4376 1333 4444; x_wconf 85' lang='lat' dir='ltr'><strong>Nichclai,</strong></span> <span class='ocrx_word' id='word_1_188' title='bbox 1360 4382 1390 4434; x_wconf 88' lang='lat' dir='ltr'><strong>et</strong></span> <span class='ocrx_word' id='word_1_189' title='bbox 1414 4375 1592 4434; x_wconf 72' lang='lat' dir='ltr'><strong>ibiBenedi·</strong></span> 
     </span>
     <span class='ocr_line' id='line_1_41' title="bbox 404 4447 1525 4534; baseline 0.002 -19"><span class='ocrx_word' id='word_1_190' title='bbox 404 4465 467 4515; x_wconf 89' lang='lat' dir='ltr'><strong>tam</strong></span> <span class='ocrx_word' id='word_1_191' title='bbox 491 4459 554 4531; x_wconf 88' lang='lat' dir='ltr'><strong>ipse</strong></span> <span class='ocrx_word' id='word_1_192' title='bbox 579 4475 668 4531; x_wconf 89' lang='lat' dir='ltr'><strong>quam</strong></span> <span class='ocrx_word' id='word_1_193' title='bbox 693 4457 913 4530; x_wconf 85' lang='lat' dir='ltr'><strong>archiepiscopi,</strong></span> <span class='ocrx_word' id='word_1_194' title='bbox 932 4457 1069 4531; x_wconf 78' lang='lat' dir='ltr'><strong>episcopi,</strong></span> <span class='ocrx_word' id='word_1_195' title='bbox 1090 4463 1121 4514; x_wconf 92' lang='lat' dir='ltr'><strong>et</strong></span> <span class='ocrx_word' id='word_1_196' title='bbox 1143 4459 1196 4515; x_wconf 89' lang='lat' dir='ltr'><strong>alii</strong></span> <span class='ocrx_word' id='word_1_197' title='bbox 1217 4460 1366 4534; x_wconf 86' lang='lat' dir='ltr'><strong>principes</strong></span> <span class='ocrx_word' id='word_1_198' title='bbox 1383 4462 1456 4518; x_wconf 82' lang='lat' dir='ltr'><strong>Ten·</strong></span> <span class='ocrx_word' id='word_1_199' title='bbox 1469 4447 1525 4494; x_wconf 81' lang='lat'><strong>¹⁸⁵·</strong></span> 
     </span>
    </p>
   </div>
   <div class='ocr_carea' id='block_1_10' title="bbox 407 4716 1382 4860">
    <p class='ocr_par' dir='ltr' id='par_1_10' title="bbox 407 4716 1382 4860">
     <span class='ocr_line' id='line_1_42' title="bbox 440 4716 1382 4853; baseline 0.008 -84"><span class='ocrx_word' id='word_1_200' title='bbox 440 4719 600 4853; x_wconf 58' lang='lat' dir='ltr'><strong>¹Riccegno]</strong></span> <span class='ocrx_word' id='word_1_201' title='bbox 630 4717 768 4781; x_wconf 79' lang='lat' dir='ltr'><strong>Ravencia,</strong></span> <span class='ocrx_word' id='word_1_202' title='bbox 795 4718 829 4769; x_wconf 56' lang='lat' dir='ltr'>A</span> <span class='ocrx_word' id='word_1_203' title='bbox 859 4719 906 4780; x_wconf 81' lang='lat' dir='ltr'><strong>B.;</strong></span> <span class='ocrx_word' id='word_1_204' title='bbox 991 4716 1173 4787; x_wconf 56' lang='lat' dir='ltr'><strong>’deducerem</strong></span> <span class='ocrx_word' id='word_1_205' title='bbox 1186 4720 1340 4788; x_wconf 71' lang='lat' dir='ltr'><strong>dilacerent,</strong></span> <span class='ocrx_word' id='word_1_206' title='bbox 1352 4722 1382 4777; x_wconf 79' lang='grc'><strong>0.</strong></span> 
     </span>
     <span class='ocr_line' id='line_1_43' title="bbox 407 4801 560 4860; baseline -0.02 -8"><span class='ocrx_word' id='word_1_207' title='bbox 407 4801 517 4860; x_wconf 81' lang='lat' dir='ltr'><strong>Banna,</strong></span> <span class='ocrx_word' id='word_1_208' title='bbox 553 4835 560 4849; x_wconf 89' lang='lat'><strong>.</strong></span> 
     </span>
    </p>
   </div>
   <div class='ocr_carea' id='block_1_11' title="bbox 0 0 1828 5717">
    <p class='ocr_par' dir='ltr' id='par_1_11' title="bbox 0 0 1828 5717">
     <span class='ocr_line' id='line_1_44' title="bbox 0 0 1828 5717; baseline 0 0"><span class='ocrx_word' id='word_1_209' title='bbox 0 0 1828 5717; x_wconf 95' lang='lat' dir='ltr'><strong> </strong></span> 
     </span>
    </p>
   </div>
  </div>
 </body>
</html>
