3572 5744
381 742 424 808 62
580 753 742 805 osavtsn
765 752 925 804 Mortem
949 754 1222 805 CANTUARIENSIS

231 946 354 991 tlt-11⁸⁸·
382 943 400 967 ‘⁶
419 941 608 997 vehementer
625 941 755 997 animum
779 944 912 999 nostrum
936 958 988 1013 pro
1012 941 1057 997 eui
1082 941 1238 997 atrocitate
1261 939 1428 1007 commovit,

212 998 341 1099 fflffiiss
382 1028 399 1051 ‘⁴
419 1032 454 1081 ut
471 1026 537 1081 illos
555 1025 662 1080 debitae
680 1024 844 1080 severitatis
862 1025 961 1097 jaculo
979 1024 1126 1090 feriamus,
1146 1025 1196 1098 qni
1217 1042 1298 1081 more
1320 1025 1429 1097 praedo·

210 1099 350 1199 fflgflttho
381 1111 399 1135 “
418 1126 491 1165 uum
505 1108 722 1165 cantuariensis
740 1108 869 1164 ecclesiae
887 1110 1081 1180 possessiones
1097 1109 1232 1181 nequiter
1249 1108 1428 1175 invaserunt,
1465 1183 1471 1192 Ι

210 1210 341 1294 opopanacis
381 1196 399 1218 ‘¹
418 1193 475 1259 vel,
495 1194 526 1248 in
544 1197 628 1265 septa
645 1191 734 1248 ouriae
751 1192 963 1248 monachorum
988 1197 1019 1248 et
1042 1192 1169 1248 officinas
1191 1192 1320 1248 eii'raotis
1337 1193 1430 1248 muris

208 1254 342 1348 ‘imit'fffln‘
381 1278 399 1303 “
418 1277 577 1333 crudeliter
601 1277 757 1341 uiuentes,
785 1292 886 1331 eornm
909 1275 986 1331 bona
1010 1276 1157 1347 sacrilego
1179 1293 1254 1332 ausu
1274 1274 1430 1348 diripuisse

381 1364 399 1386 “
419 1365 594 1426 noscuntur;
621 1376 670 1415 eos
696 1375 811 1431 quoqne
835 1359 896 1430 qui,
915 1359 1065 1414 monachis
1088 1363 1119 1414 et
1142 1358 1308 1416 hominibus
1330 1377 1430 1415 eornm

362 1447 399 1513 ,⁶⁴
419 1444 589 1500 violentiam
607 1443 774 1510 inferentes,
793 1442 905 1498 cunam
927 1442 999 1515 ipsis
1022 1442 1287 1499 contradicentibus
1312 1461 1431 1516 oocupa-

381 1530 398 1555 ‘⁶
418 1533 496 1583 runt.
531 1527 618 1585 Unde
646 1526 782 1599 qnoniam
806 1525 1014 1599 prmdiotorum
1040 1526 1164 1582 fratrum
1194 1526 1318 1599 injurias
1348 1527 1430 1583 dissi·

380 1613 398 1637 ⁸⁶
418 1612 529 1667 maflare
547 1616 601 1667 neo
617 1628 771 1682 possumus
788 1627 843 1665 nec
867 1610 1016 1676 debemus,
1038 1610 1144 1682 quibus
1167 1616 1251 1666 tanto
1274 1610 1430 1682 benignius

380 1698 398 1720 “
418 1696 450 1750 iu
468 1711 521 1750 suo
541 1695 609 1766 jure
633 1701 768 1750 tenemur
791 1692 901 1759 messe,
922 1698 1031 1764 quanto
1056 1692 1088 1747 in
1109 1693 1240 1764 partibus
1257 1694 1430 1765 Anglioenis

380 1778 522 1849 “majori
550 1778 725 1850 praeminent
750 1777 911 1841 honmmte,
939 1781 1163 1848 presumpturos
1192 1777 1258 1832 illos
1288 1778 1339 1849 qui
1368 1783 1430 1833 tam

380 1862 545 1918 “enormis
569 1861 719 1933 sacrilegii
744 1860 856 1916 fuemus
880 1859 1072 1925 admiserunt,
1092 1866 1124 1916 et
1148 1877 1249 1916 eorum
1274 1861 1431 1934 complices

381 1949 398 1974 ¹⁴
419 1964 511 2018 usque
535 1945 573 2002 ad
597 1944 825 2001 satisfactionem
850 1943 1024 2014 condignam
1048 1943 1222 1999 auctoritate
1239 1945 1430 2015 presentium

381 2032 398 2055 ‘⁶
418 2030 603 2086 deceruimus
615 2028 797 2086 anathemati
809 2027 968 2100 subjacere,
983 2043 1036 2100 per
1054 2027 1212 2099 apostoliea
1223 2027 1307 2084 vobis
1320 2029 1431 2101 scripta

211 2106 335 2151 ¹¹⁰⁰'d‘m
381 2114 399 2138 “
419 2112 615 2184 praecipiendo
631 2114 811 2180 mandantes,
825 2112 963 2185 quatinus
981 2112 1067 2184 ipsos,
1087 2113 1113 2168 si
1125 2111 1267 2168 admoniti
1284 2112 1431 2169 noluerint

210 2158 354 2251 fflirfffit
381 2198 546 2267 “congrue
571 2197 749 2263 satisfacere,
775 2196 1050 2262 excommunicatos,
1076 2196 1152 2252 sieut
1168 2197 1258 2253 moris
1283 2201 1336 2261 est,
1363 2213 1430 2253 con·

211 2259 333 2355 ssfissffim
381 2283 398 2308 “
419 2279 593 2336 tradictiorie
617 2286 648 2336 et
671 2280 866 2352 appellatione
890 2284 1029 2346 cessante,
1050 2280 1240 2352 solempniter
1264 2285 1295 2336 et
1315 2280 1430 2353 publice

381 2366 398 2390 “
418 2364 570 2430 nuntietis,
590 2369 620 2419 et
645 2363 760 2420 faciatis
786 2363 823 2418 ab
848 2363 983 2419 omnibns
1000 2364 1114 2420 cantius
1138 2364 1261 2430 evitari;
1286 2366 1430 2421 attentius

381 2447 566 2520 “provisuri
592 2466 638 2515 ne,
665 2448 744 2521 quod
771 2448 856 2515 absit,
883 2465 919 2503 ex
945 2447 1057 2504 desidia
1077 2452 1177 2505 vestra
1206 2448 1237 2503 in
1267 2447 1323 2503 hac
1345 2454 1431 2521 parte

381 2535 399 2558 “
419 2532 587 2588 mandatnm
606 2533 798 2606 apostolicum
822 2534 1008 2604 negligatur3
1034 2532 1103 2604 qnia
1125 2549 1216 2603 grave
1242 2531 1327 2588 nobis
1353 2538 1428 2589 esset

382 2619 399 2642 “
419 2616 513 2673 modis
530 2617 664 2673 omuibus
681 2622 711 2672 et
728 2618 893 2684 molestum,
910 2634 964 2672 nee
982 2634 1132 2689 possemus
1150 2616 1353 2688 aequanimiter
1370 2635 1431 2672 sus·

382 2704 400 2726 “
420 2702 524 2757 tinere.
562 2701 687 2772 Quodsi
707 2702 791 2756 ambo
810 2701 856 2756 his
875 2700 1050 2773 exequendis
1066 2700 1260 2772 nequiveritis
1278 2701 1429 2767 interesse,

382 2785 495 2841 “alter
518 2791 648 2841 restrum
674 2802 709 2840 ea
732 2784 922 2840 nihilominus
943 2791 1112 2857 exequatur.
1150 2783 1261 2840 Datum
1282 2784 1430 2852 Laterani,

383 2872 401 2900 ‘⁶
420 2869 482 2925 xvi⁰
499 2870 640 2926 kalendas
657 2868 778 2940 Aprilis,
796 2868 980 2941 pontificatue
997 2868 1090 2923 nostri
1108 2885 1183 2924 anno
1201 2868 1326 2941 primo.”

220 3179 343 3224 aniles.
535 3162 664 3219 'Litterae
685 3153 862 3232 ejusdan'aa
881 3160 1111 3234 orolriepiseopum
1130 3160 1162 3216 de
1180 3161 1277 3217 eodan.

212 3284 330 3336 paenosa
419 3289 590 3346 “Clemens
608 3289 768 3362 episcopus,
787 3305 887 3345 servus
911 3294 1062 3344 servorum
1085 3288 1152 3355 Dei,
1170 3287 1331 3345 venerabili
1349 3289 1434 3345 fratri
1498 3290 1502 3295 ’

213 3347 352 3429 iilffvmto
384 3379 402 3402 “
422 3374 590 3431 Baldewino
603 3372 808 3429 Oantnariensi
825 3372 1042 3445 archiepiscopo
1060 3373 1227 3429 salutemet
1244 3374 1433 3445 apostolicam

211 3435 331 3530 fflssiff
384 3458 665 3516 “benedictionem
703 3456 817 3527 Quanto
835 3459 867 3514 iu
890 3457 1016 3514 ecclesia
1032 3457 1088 3513 Dei
1105 3457 1236 3514 scientias
1260 3475 1382 3514 munere
1403 3465 1433 3514 et

384 3546 402 3570 ‘⁸
422 3541 575 3612 religionis
592 3541 749 3613 praemineo
766 3539 928 3606 honestate,
948 3540 1159 3613 dignitatisque
1182 3542 1297 3614 apicem
1320 3543 1350 3598 in
1370 3559 1433 3615 par·

385 3631 402 3654 “
424 3627 503 3682 tibus
524 3624 697 3697 Anglioanis
722 3625 836 3697 optines
860 3624 1042 3696 ampliorem,
1065 3630 1148 3681 tauto
1173 3624 1257 3682 decet
1282 3626 1434 3683 mritatem

384 3714 403 3738 “
424 3716 504 3766 tuam
523 3708 705 3782 vigilantiori
726 3709 823 3766 studio
842 3725 860 3764 a
881 3708 1078 3780 subjectorum
1102 3708 1221 3781 injuriis
1244 3710 1292 3765 vel
1318 3726 1435 3783 oppres·

385 3798 403 3823 “
423 3793 552 3851 sionibus
570 3798 744 3864 temperare,
763 3797 802 3858 et,
820 3792 866 3849 his
883 3791 1051 3864 postpositis
1068 3810 1135 3864 qum
1149 3793 1274 3866 justitiae
1293 3795 1435 3867 pulcritu-

385 3882 403 3905 “
423 3878 521 3935 dinem
539 3876 713 3942 decolorant,
727 3874 902 3948 odoremque
919 3876 1002 3931 boare
1020 3876 1164 3948 opinionis
1181 3877 1348 3950 extingunt,
1368 3879 1434 3934 obe·

385 3964 403 3989 “
423 3961 563 4017 dientiam
581 3963 612 4014 et
629 3959 824 4014 reverentiam
845 3958 973 4014 debitam
994 3959 1153 4033 majoribus
1171 3960 1316 4018 exhibere.
1351 3960 1435 4017 Unde

385 4048 403 4073 ‘¹
422 4063 480 4101 non
497 4045 560 4100 sine
578 4060 664 4099 causa
681 4042 824 4099 miramur
841 4042 927 4114 quod,
942 4044 1018 4100 siout
1035 4043 1213 4118 proponitur,
1233 4049 1299 4116 post
1309 4045 1436 4118 appella·

417 4272 563 4340 ¹Litteroe]
600 4273 662 4323 Part
673 4270 703 4321 ol
719 4269 770 4321 this
781 4270 856 4322 letter·
867 4271 889 4321 is
936 4271 1121 4336 contemplated
1143 4271 1186 4321 the
1207 4270 1382 4336 appoiuunent
1409 4272 1439 4321 of

384 4369 479 4419 among
489 4353 533 4402 tbe
550 4350 672 4415 Epistola
685 4350 890 4412 Cantaurienses,
934 4350 1018 4413 ltelpb
1039 4349 1151 4400 earffinal
1170 4349 1200 4399 oi
1216 4350 1242 4401 S.
1261 4350 1386 4400 Praxedes
1409 4365 1437 4400 us

384 4434 433 4484 No.
453 4430 560 4491 cccviii,
576 4445 601 4494 p.
612 4436 670 4492 293,
688 4429 748 4480 with
767 4429 812 4479 the
830 4431 888 4479 date
934 4429 1025 4493 legate.
1059 4429 1083 4478 It
1103 4444 1192 4479 occurs
1211 4430 1291 4478 below
1310 4428 1371 4479 with
1393 4428 1437 4480 the

384 4511 537 4561 “vi‘’nonas
548 4506 660 4560 Martie·
692 4507 894 4573 Itisaoopyos
933 4508 1071 4559 samedate
1091 4522 1119 4558 as
1137 4506 1299 4570 here,under
1316 4508 1360 4559 the
1376 4523 1438 4574 year

387 4608 421 4642 an
442 4588 533 4640 earlier
555 4586 630 4639 letter
648 4587 733 4638 usum
755 4587 816 4637 “iv‘’
835 4586 891 4639 idus
936 4591 1008 4636 1189.

385 4676 404 4701 ‘⁶
412 4666 586 4728 Decembris,”
600 4670 672 4727 118⁸,
684 4666 756 4718 when
772 4666 815 4718 tbe
826 4680 891 4732 pope
