3628 5728
690 902 807 971 ernas,
826 904 1017 955 meremor.
1312 892 1376 956 431

327 1090 497 1157 imitantes
531 1091 750 1174 Saladinum;
784 1091 917 1158 dicebat
948 1091 1037 1158 enim
1075 1093 1163 1158 idem
1202 1092 1379 1159 saladinus
1393 1086 1532 1189 effi&

324 1185 488 1279 gloriosus
508 1193 544 1257 in
566 1215 610 1273 se,
634 1193 722 1279 quod
744 1193 958 1259 manifestum
982 1199 1067 1260 esset
1089 1199 1124 1259 et
1149 1194 1318 1280 probabile
1344 1217 1379 1260 se
1391 1189 1451 1284 3¹12?
1460 1186 1523 1232 ⁸⁸¹³·

320 1294 452 1380 justum
476 1300 511 1360 et
535 1295 659 1360 bonum
686 1294 795 1360 Deum
821 1294 934 1375 oolere‚
961 1296 1019 1382 qui
1045 1295 1219 1382 antiquam
1245 1301 1378 1382 patrum

326 1417 459 1460 suorum
486 1397 549 1461 sibi
577 1396 727 1462 restituit
750 1396 987 1463 haereditatem.
1034 1397 1090 1463 Sia
1113 1404 1148 1464 et
1169 1399 1226 1464 isti
1251 1420 1380 1464 exeom-

326 1498 485 1564 munioati
512 1498 674 1576 dicebant,
703 1498 935 1564 Baldewinum
961 1500 1005 1564 ob
1030 1507 1145 1566 saneta
1164 1522 1225 1566 sua
1251 1501 1379 1578 merita,

326 1598 400 1665 ideo
423 1599 547 1667 scilieet
568 1601 657 1686 quod
681 1599 952 1666 Cantuariensem
976 1602 1180 1668 devastasset
1202 1601 1379 1680 eeclesiam,

326 1701 422 1766 novis
453 1723 619 1769 oerusoare
649 1702 823 1769 miraculis.
886 1703 975 1784 Quid
999 1704 1132 1769 interim
1163 1709 1261 1791 putas
1293 1703 1379 1769 Can·

326 1804 501 1869 tuariensie
532 1805 710 1871 sustineret
741 1810 933 1885 conventus,
964 1806 1023 1892 qui
1052 1806 1204 1872 hostibus
1239 1807 1379 1892 publicis

327 1913 362 1970 et
385 1906 528 1991 privatis
556 1907 707 1993 undique
730 1907 866 1972 filerunt
890 1908 1038 1974 olsessil
1077 1908 1149 1974 Prae
1163 1908 1379 1973 multitudine

327 2007 477 2073 dolorum
501 2014 536 2073 et
562 2009 779 2086 anxietatum,
803 2009 920 2075 timore
946 2010 1070 2096 pariter
1094 2015 1128 2075 et
1152 2010 1378 2096 expectatione

327 2109 421 2196 quasi
446 2111 638 2194 praemortui
665 2111 744 2176 faeti
771 2116 858 2188 sunt,
882 2132 957 2177 eum
984 2111 1025 2177 de
1050 2116 1210 2199 perpetuo
1234 2110 1379 2198 periculo

327 2211 542 2276 formidarent
568 2212 721 2290 eeclesiae,
746 2218 781 2279 et
811 2219 930 2298 praeter
955 2213 1138 2279 cotidianas
1168 2213 1379 2279 nenessitates

328 2336 410 2400 quas
440 2315 650 2391 sustinebant
675 2321 710 2382 et
736 2315 873 2401 inopias,
895 2316 991 2380 novis
1018 2315 1166 2402 undique
1192 2316 1379 2380 rumoribus
1391 2308 1537 2403 mmo.

326 2417 533 2503 agitarentur
559 2423 593 2482 et
618 2417 725 2482 minis.
772 2416 936 2483 Dioebant
959 2417 1046 2481 enim
1069 2416 1254 2503 Romipetae
1276 2417 1379 2481 rumi-

327 2517 434 2603 geruli
469 2540 557 2585 nune
594 2520 764 2584 dominum
800 2539 929 2604 papam,
968 2539 1057 2583 nune
1102 2518 1253 2605 priorem,
1290 2539 1379 2584 nuno

327 2619 502 2686 monachos
540 2622 708 2706 quosdam,
736 2642 825 2686 nune
862 2641 940 2685 vero
977 2640 1089 2685 omnes
1121 2620 1227 2685 vitam
1257 2620 1377 2685 finisse.
1391 2649 1522 2694 osma„

329 2721 545 2788 Minabantur
582 2723 683 2789 etiam
716 2722 897 2788 adversarii
927 2743 1016 2788 nuno
1045 2721 1259 2807 suppriorem,
1290 2701 1465 2787 nuneh⁰⁰¹⁰'

327 2822 503 2889 monachos
535 2823 645 2909 plures
681 2824 863 2911 eapiendos,
894 2845 983 2890 nuno
1017 2845 1129 2888 omnes
1159 2822 1378 2908 expellendos

328 2945 417 2990 nune
439 2930 569 3011 portam
591 2947 658 3011 qua
678 2926 748 2991 sole
767 2926 948 3012 peregrinis
971 2924 1108 3011 patebat
1128 2925 1293 3011 ingressus
1309 2946 1380 2990 esse

328 3026 554 3105 claudendam,
581 3049 670 3093 nuno
700 3049 779 3093 vero
809 3028 959 3093 tumbam
987 3026 1102 3093 Sancti
1128 3026 1263 3092 Thomae
1293 3049 1379 3092 mar·

328 3129 422 3214 tyris,
438 3130 532 3216 cujus
557 3130 780 3195 oblationibus
803 3135 971 3215 uteunque
1001 3127 1274 3197 sustentabatur¹
1304 3151 1378 3196 eon·

327 3237 457 3311 ventus,
500 3232 662 3298 violentia
700 3231 787 3318 regis
826 3237 861 3296 et
899 3231 1133 3319 archiepiscopi
1176 3232 1378 3319 capiendam,

327 3331 404 3398 Jam
441 3333 554 3399 videre
586 3340 718 3421 poteras
749 3334 989 3419 quodammodo
1015 3334 1243 3421 repraesentari
1273 3334 1378 3400 oonsi-

326 3433 409 3498 lium
434 3435 616 3500 Arrhitofel
642 3441 677 3500 et
700 3435 854 3513 Absalon,
870 3434 924 3500 vel
951 3435 1054 3521 ipsius
1078 3435 1220 3501 Herodis
1244 3441 1279 3502 et
1303 3435 1378 3502 Oai·

326 3535 409 3622 pha.
457 3536 650 3604 Conventus
676 3543 797 3615 eutem,
813 3537 891 3602 lieet
917 3538 954 3601 in
980 3542 1124 3624 egestate
1145 3537 1288 3623 plurima
1302 3518 1510 3615 oon-ffiffi.

327 3638 476 3716 stitutus,
514 3638 653 3704 firmiter
688 3638 724 3703 in
759 3638 866 3724 primo
899 3638 1010 3704 stabat
1044 3639 1220 3724 proposito,
1250 3660 1378 3724 semper
1389 3621 1523 3715 affl&

327 3747 463 3825 paratus
488 3762 548 3827 pro
572 3741 726 3806 libertate
752 3739 896 3806 eeolesiae
920 3739 1136 3806 contumelias
1166 3746 1201 3805 et
1230 3744 1377 3816 terrores,

327 3842 503 3929 opprobrie
534 3848 568 3908 et
598 3842 742 3908 malitias
772 3841 944 3906 hominum
971 3841 1142 3919 sustinere,
1173 3846 1208 3907 et
1237 3847 1377 3907 mortem

327 3944 381 4007 vel
417 3944 576 4030 quicquid
608 3944 755 4009 humana
784 3942 837 4008 vel
869 3943 1031 4009 diabolica
1055 3950 1166 4029 posset
1191 3944 1378 4030 excogitare

326 4044 463 4111 malitia
510 4046 634 4111 Verum
660 4067 703 4113 ne
729 4064 828 4111 eausa
850 4044 993 4111 eeclesiae
1019 4065 1087 4110 una
1112 4065 1187 4110 eum
1218 4045 1376 4111 iratribus

327 4144 535 4230 exspiraret,2
557 4145 585 4211 si
610 4168 649 4211 ea
675 4167 749 4231 quae
765 4144 805 4210 de
822 4145 929 4231 priore
953 4167 1013 4210 suo
1037 4150 1072 4211 et
1090 4144 1249 4210 frutribus
1278 4146 1373 4212 audi·

326 4250 422 4310 erant
447 4246 589 4311 veritate
620 4246 739 4312 fulcita
761 4245 911 4323 fuissent
935 4246 1013 4313 lieet
1035 4247 1072 4311 in
1094 4252 1241 4334 egestate
1272 4247 1538 4347 ssimissffiffigg

326 4346 522 4412 victualium
545 4348 727 4423 constituti,
751 4352 894 4433 quatuor
915 4347 1092 4415 monachos
1116 4349 1158 4414 ad
1190 4348 1376 4415 Romanum
1389 4352 1503 4397 ΝΟΜ·

325 4448 489 4513 miserunt
511 4448 708 4535 pontificem,
731 4453 771 4513 ut
805 4470 879 4515 oum
914 4450 1022 4534 priore
1053 4457 1089 4516 et
1121 4450 1196 4516 aliis
1219 4450 1377 4516 fratnbus

361 4727 581 4795 'muniebatud
610 4728 826 4788 mateutabantur,
906 4728 1079 4795 ’uwirurefl
1094 4730 1286 4795 expirarunt.
1299 4732 1328 4783 B.

326 4809 357 4861 C.
