3646 5720
728 886 841 936 ornus
863 887 1055 938 nmrosrcu
1342 876 1407 939 223

180 1074 262 1143 ‚Hert
272 1071 333 1126 Bos·
352 1079 433 1153 regis
462 1080 592 1137 suturam
622 1070 895 1159 indignationem,
926 1094 1001 1139 oum
1019 1073 1092 1161 jam
1114 1078 1302 1162 perpetrata
1334 1096 1407 1143 cru-
1427 1083 1551 1130 «tv-11⁷⁰·

181 1158 206 1192 ⁷·
219 1146 244 1193 ⁷·
353 1174 472 1240 sensas
493 1174 580 1261 regn
600 1174 645 1241 au
666 1173 822 1241 noticiam
841 1177 1037 1262 patmus.
1082 1179 1346 1266 archiepiscopus
1362 1178 1406 1245 aa
1419 1148 1568 1259 aditi·-

351 1276 423 1344 haec
453 1291 604 1343 mansuete
628 1284 780 1359 respondit
802 1278 922 1358 dicens,
954 1304 1057 1359 regem
1083 1287 1120 1343 ob
1146 1287 1178 1343 id
1203 1307 1264 1345 non
1287 1282 1404 1349 debere
1417 1249 1554 1394 ἓξὲξ

351 1387 460 1444 offendi
483 1382 571 1467 quod
593 1388 630 1445 de
663 1406 723 1450 sua
744 1392 936 1468 permissione
973 1382 1040 1448 fuit
1061 1388 1179 1447 factum.
1226 1381 1313 1449 Cum
1347 1406 1406 1450 au·

349 1486 418 1547 tem
448 1484 578 1570 praefati
592 1487 714 1552 nuntii
745 1496 957 1569 episcoporum
986 1490 1138 1572 peterent
1168 1486 1404 1566 absolutionem,

349 1584 392 1649 ab
423 1586 665 1675 archiepiscopo
699 1611 803 1675 usque
835 1597 866 1652 in
895 1597 1062 1653 crastinum
1101 1587 1242 1653 dilatum
1276 1594 1327 1655 est
1348 1611 1405 1655 ne-

349 1687 486 1772 gotium.
544 1690 600 1755 Hli
632 1713 721 1769 vero,
751 1691 834 1758 elias
864 1690 1022 1777 litigandi
1054 1689 1261 1776 quaemntes¹
1295 1713 1405 1759 occas·

349 1789 450 1868 iones,
482 1796 602 1878 petunt
633 1793 697 1859 sibi
727 1794 809 1860 fides
843 1792 916 1859 dari
949 1792 992 1858 ad
1026 1793 1236 1860 securitatem
1266 1795 1353 1882 regis
1384 1817 1405 1862 a

348 1890 473 1960 clericis
520 1897 686 1962 extraneis
729 1919 811 1983 quos
852 1916 963 1962 secum
1002 1895 1188 1962 adduxerat
1228 1896 1403 1984 archiprae-

349 1994 409 2060 sul.
433 2041 435 2046 ι
455 1994 522 2062 Sed
559 1998 602 2064 ab
636 1997 700 2065 hac
730 1998 892 2086 petitione
926 1997 1008 2064 satis
1030 1998 1177 2065 modeste
1203 1999 1335 2087 repulsi,
1358 2001 1402 2067 ad

347 2097 549 2165 consiliarios
586 2121 662 2166 suos
706 2100 873 2188 episcopos
918 2099 1090 2166 mutilatos
1131 2100 1312 2167 Dovoriam
1353 2123 1404 2168 re·

348 2196 489 2265 dieunt.
549 2209 793 2282 Archiepiseopus
837 2207 950 2268 autem
994 2208 1042 2266 die
1068 2211 1204 2278 crastina,
1250 2203 1402 2271 kalendis
1415 2207 1536 2302 ssffiss

347 2301 472 2368 scilicet
486 2302 686 2382 Decembris,
701 2325 777 2370 cum
798 2304 906 2370 multo
928 2303 1051 2370 honore
1072 2309 1108 2370 et
1129 2304 1250 2371 laetitia
1271 2311 1307 2372 et
1328 2306 1402 2371 dul·
1414 2307 1509 2402 ffiggu

347 2403 485 2469 cissimis
514 2405 659 2471 lacrimis
684 2427 705 2472 a
734 2406 820 2472 clero
844 2410 878 2472 et
906 2406 1029 2492 populo
1060 2411 1095 2471 et
1124 2412 1291 2473 conventu
1314 2408 1566 2474 Can-mrim·

345 2506 506 2572 tuariensi
540 2523 697 2590 sumoeptus
727 2514 781 2575 est.
827 2508 1001 2574 Venerunt
1030 2508 1144 2594 itaque
1176 2530 1219 2575 ex
1252 2511 1403 2578 condicto

347 2606 562 2675 cantuariam
611 2620 722 2676 milites
750 2620 865 2692 prefati
910 2632 986 2677 cum
1035 2611 1233 2697 quibusdam
1277 2613 1403 2680 clericis

344 2718 544 2794 episcoporum
578 2713 621 2779 ab
651 2712 732 2800 ipsis
769 2713 929 2801 episcopis
958 2712 1059 2791 missi,
1093 2719 1244 2802 petentes
1273 2714 1400 2783 instan-

342 2809 412 2875 bius
444 2821 646 2895 episcoporum
663 2823 882 2881 absolutionem.
929 2815 1028 2881 Dixit
1049 2821 1162 2882 autem
1195 2816 1400 2904 archiepisco.
1414 2830 1459 2876 Hir
1470 2834 1571 2885 promise

343 2935 406 3000 pus
436 2913 524 3001 ipsos
566 2938 588 2982 s
621 2917 781 3004 superiori
806 2918 920 3004 judice
950 2918 1051 2989 fuisse
1080 2925 1198 2998 ligatos,
1227 2945 1281 2984 neo
1306 2883 1553 3000 ipsinsiiiiiiriiiu

344 3040 408 3080 esse
421 3030 532 3082 stante
546 3025 646 3097 jndice
669 3018 782 3084 datam
812 3019 1012 3087 sententiam
1042 3020 1197 3086 relaxare.
1243 3020 1399 3087 “Verum-

342 3123 360 3151 “
382 3117 522 3196 tamen,”
552 3118 672 3205 inquit,
703 3127 721 3156 “
736 3127 772 3183 de
802 3128 913 3185 domini
938 3148 1021 3203 papae
1047 3130 1203 3187 clementia
1224 3123 1400 3203 confidem,

343 3225 360 3252 “
384 3219 472 3305 ipsos
494 3221 615 3288 curabo
638 3221 815 3300 absolvere,
838 3222 868 3286 si
889 3230 1021 3301 prestita
1037 3230 1173 3288 cautione
1195 3227 1283 3291 stare
1304 3227 1399 3293 volu-

344 3326 363 3356 “
385 3321 473 3386 erint
505 3329 618 3402 judicio
647 3331 777 3389 ecclesiae
807 3349 895 3404 super
926 3321 979 3387 his
1013 3345 1074 3410 pro
1105 3334 1211 3405 quibus
1242 3327 1401 3394 fuerunb⁹

343 3433 360 3460 “
384 3424 653 3492 excommnnicati.”
707 3424 763 3489 IIli
802 3446 881 3491 vero
925 3425 969 3492 ad
1006 3426 1122 3492 audita
1156 3429 1399 3496 stomachantes

343 3529 494 3594 turbidas
512 3528 673 3615 jacientes
694 3528 802 3593 minas
822 3527 984 3594 abierunt.

171 3637 355 3691 neruum·
387 3631 662 3718 Archiepiscopus
688 3630 794 3717 igitur
821 3636 899 3717 post
928 3653 988 3696 sex
1016 3652 1121 3697 annos
1151 3633 1244 3698 exilii
1274 3656 1295 3700 a
1320 3635 1398 3701 filiis
1411 3651 1530 3713 neuros

171 3721 195 3758 '⁸
208 3712 233 3758 θ’
342 3738 419 3815 suis,
450 3742 490 3803 ut
519 3735 715 3823 pradictum
747 3739 807 3811 est,
832 3733 1022 3800 Cantuariee
1053 3740 1212 3822 receptus,
1241 3750 1308 3818 post
1336 3745 1398 3803 dies
1409 3701 1531 3816 iiiiiiirio

341 3866 449 3921 paucos
473 3863 576 3918 regem
595 3837 762 3924 juniorem
797 3836 931 3901 visurus
967 3844 1148 3901 Londoniam
1184 3805 1550 3924 properavitliiiioiui'oii

172 3956 214 4007 W.
227 3956 303 4009 Cant
340 3943 465 4009 Verum
496 3962 556 4029 per
589 3949 662 4006 duos
690 3949 812 4014 milites,
835 3939 892 4023 qui
922 3959 944 4003 a
968 3937 1071 4003 latere
1102 3938 1188 4026 regis
1213 3948 1296 4005 missi
1325 3939 1396 4005 fue·

167 4022 196 4073 ⁵³·
210 4027 248 4075 ω’
340 4051 427 4127 rant,
458 4045 564 4111 eidem
595 4041 724 4108 tumide
754 4041 949 4107 nuntiatum
981 4046 1040 4120 est,
1077 4062 1120 4107 ne
1152 4051 1286 4107 civitates
1324 4042 1395 4128 ejus

339 4148 576 4234 ingrederetur,
599 4145 658 4211 sed
681 4143 898 4210 Cantuariam
924 4143 1055 4209 rediens
1080 4142 1204 4209 ibidem
1229 4144 1393 4211 resideret

338 4249 456 4316 Paruit
478 4248 732 4336 archiepiscopus
754 4245 953 4333 prohibenti,
977 4251 1012 4311 et
1033 4250 1074 4311 ut
1095 4245 1210 4312 Deus⁴
1231 4246 1395 4332 disposuit
1405 4254 1557 4355 iiio-'iiim'

338 4360 527 4417 Oantuariam
556 4375 700 4416 reversus
749 4349 978 4436 spiritualibus
1024 4349 1144 4415 studiis
1190 4349 1393 4416 intendebat.
1406 4356 1506 4441 burs·

339 4454 410 4542 Ipsi
436 4458 550 4519 autem
579 4452 730 4541 suspensi
760 4457 795 4517 et
826 4452 1103 4519 excommunicati
1132 4472 1222 4519 mare
1251 4452 1394 4520 transito

371 4734 544 4803 ¹quoercntee]
558 4734 715 4801 querebant,
725 4734 758 4784 B.
860 4730 868 4865 Ι
921 4733 1100 4801 lamani]
1113 4734 1276 4800 praepararit,
1287 4734 1316 4788 O.
1367 4812 1370 4818 ,

922 4811 1032 4882 ΨΜ]
1047 4828 1097 4865 om.
1111 4815 1142 4868 C.

370 4815 508 4884 ’sm
522 4813 628 4878 nene
639 4812 668 4866 c.
