3628 5728
404 890 470 952 458
604 905 766 954 onavssn
789 903 949 953 uorrcrn
973 903 1247 954 carrummrsrs

251 1101 371 1205 pptrrp.
403 1075 444 1141 de
467 1077 602 1143 consilio
625 1079 702 1146 cleri
725 1089 872 1168 pastores
901 1106 1098 1172 praeponere,
1122 1091 1162 1151 ut
1191 1091 1287 1152 tanto
1319 1078 1455 1152 liberius

236 1214 384 1274 vammum
402 1199 496 1244 suam
529 1180 566 1245 in
599 1182 783 1250 Jerusalem
822 1192 953 1272 pararet
990 1188 1296 1275 peregrinationem,
1328 1195 1454 1275 quanto

235 1266 379 1368 ffilfflffi‘ffl‘
402 1282 523 1347 rectius
545 1285 680 1351 ecclesia
702 1287 766 1353 Dei
800 1289 933 1375 propria
953 1290 1113 1377 gauderet
1146 1290 1308 1357 libertate.
1354 1291 1453 1357 Vide·

402 1384 502 1450 batur
523 1386 611 1451 enim
634 1388 670 1453 in
704 1390 819 1475 primis
843 1390 960 1456 diebus
983 1392 1071 1478 quod
1105 1414 1235 1460 omnem
1259 1394 1454 1481 abnegasset

401 1485 616 1574 impietatem,
639 1496 674 1556 ct
696 1492 784 1578 quod
810 1493 986 1559 avaritiam
1019 1501 1266 1583 contempneret
1299 1501 1335 1562 et
1368 1496 1455 1561 dona

401 1587 549 1658 ferentes.
597 1591 663 1658 Sed
686 1593 721 1657 in
743 1593 884 1660 instanti
906 1616 928 1660 a
957 1595 1044 1661 bono
1076 1598 1244 1689 proposito
1275 1618 1453 1684 pravorum

401 1692 536 1758 consilio
567 1700 740 1761 revocatus
773 1702 832 1774 est,
866 1697 1018 1783 diemque
1050 1698 1282 1765 faciendarum
1308 1699 1454 1764 mutavit

233 1813 382 1917 papem-
402 1795 608 1874 electionum,
644 1796 817 1884 locumque
855 1799 896 1865 de
933 1800 1105 1865 Londonia
1142 1801 1185 1866 ad
1223 1800 1338 1866 villam
1379 1823 1453 1887 quae

233 1920 282 1959 en.
402 1897 604 1965 Gadintonia
648 1906 866 1988 nuncupatur.
922 1901 1046 1967 Videna
1091 1907 1203 1968 autem
1241 1902 1453 1968 Baldewinus

402 2000 649 2067 cantuariensis
679 2003 941 2091 archiepiscopus
975 2004 1064 2090 quod
1096 2005 1220 2091 absque
1254 2006 1454 2072 conscientia

400 2125 461 2169 sua
483 2103 610 2190 regium
633 2110 718 2170 esset
739 2109 906 2171 mutatum
929 2106 1110 2184 consilium,
1133 2107 1239 2173 iratus
1273 2111 1324 2173 est
1346 2107 1451 2173 valde.

232 2217 357 2321 pawn
401 2205 456 2273 Ira
485 2207 587 2272 etiam
621 2207 725 2294 ipsius
758 2206 892 2273 aliunde
925 2215 1025 2273 aucta
1056 2214 1116 2286 est,
1137 2230 1176 2274 eo
1207 2208 1333 2276 scilicet
1364 2209 1453 2295 quod

231 2319 351 2421 mm
399 2306 568 2375 Johannes
590 2308 692 2374 frater
713 2308 800 2397 regis
822 2308 926 2374 filiam
948 2308 1078 2375 comitis
1102 2308 1311 2376 Gloecestriae
1334 2309 1370 2375 in
1387 2316 1451 2376 ter·

398 2410 447 2478 tio
464 2411 569 2500 gradu
585 2412 861 2499 consanguineam
883 2410 1035 2478 duxisset
1049 2432 1194 2477 uxorem.
1231 2412 1329 2479 Unde
1344 2412 1451 2479 eidem

398 2513 544 2580 Johanni
577 2513 860 2581 comminatoriam
892 2513 985 2579 misit
1017 2512 1197 2600 epistolam,
1232 2513 1387 2580 inhibens
1420 2515 1451 2579 ei

397 2617 459 2682 sub
481 2616 692 2684 anathemate
715 2623 755 2682 ut
776 2637 940 2683 aceessum
963 2636 1032 2682 non
1054 2615 1193 2682 haberet
1213 2616 1256 2681 ad
1278 2616 1452 2704 virginem,

397 2719 590 2806 praecipiens
599 2725 639 2785 ut
650 2719 686 2782 in
695 2719 749 2785 die
764 2717 984 2806 peremptorio
995 2717 1219 2804 inpraesentia
1229 2718 1335 2805 ipsius
1346 2718 1452 2784 archi·

398 2821 541 2908 episcopi
564 2826 736 2908 appareret
759 2820 800 2886 de
823 2825 920 2886 tanta
941 2820 1201 2906 transgressione
1227 2842 1450 2907 responsurus

256 2927 361 2981 Set-1⁵·
443 2924 560 2989 XVII0
596 2923 757 2989 kalendas
795 2921 948 2988 Octobris
985 2926 1212 2993 convenerunt
1246 2923 1337 3009 apud
1375 2922 1452 3009 Pip-

229 2996 352 3107 iffi,
397 3025 493 3090 welle
513 3025 656 3112 episcopi
672 3030 707 3090 et
728 3024 865 3090 abbates
880 3023 1020 3110 Angliae,
1036 3023 1094 3089 ubi
1117 3024 1153 3088 in
1175 3025 1352 3110 prasentia
1366 3024 1452 3111 regis

229 3097 367 3217 {impp
397 3133 432 3193 et
446 3127 679 3215 archiepiscopi
705 3127 763 3193 isti
786 3127 881 3194 electi
909 3132 1005 3192 sunt:
1037 3126 1235 3192 Godefn'due
1262 3126 1452 3205 Wintoniae,

228 3224 330 3277 ΜΨ·
397 3229 557 3295 Ricardus
601 3229 789 3307 Londoniae,
827 3229 1000 3295 Hubertus
1038 3227 1234 3307 Salesbiriae,
1266 3229 1452 3295 Willelmus

397 3331 609 3421 cancellarius
632 3332 783 3398 Heliensi
804 3331 956 3409 eoclesiae,
972 3335 1006 3397 et
1029 3331 1217 3409 (lanfr-idua,
1241 3331 1344 3398 frater
1365 3332 1452 3420 regis

398 3435 456 3501 sed
488 3434 620 3514 nothus,
651 3434 854 3502 Eboracenai
901 3434 1049 3499 Abbates
1081 3456 1210 3520 quoque
1244 3433 1341 3500 electi
1363 3441 1451 3512 sunt,

231 3654 335 3698 eudon
398 3538 554 3707 ffiiehddt
570 3536 1452 3727 Filiiddliiiiffligiliiabiorlidbsmireddirdtbmddiscilibl

228 3705 361 3807 infimi
398 3744 660 3831 archiepiscopus
682 3765 797 3810 versus
820 3741 1034 3809 Oantuariam
1067 3741 1132 3808 iter
1162 3740 1301 3820 reflexit,
1324 3747 1360 3808 et
1393 3764 1450 3829 pa·

228 3807 368 3851 mom
397 3870 467 3916 cem
491 3847 759 3934 quamfecerat1
789 3868 864 3913 cum
887 3850 1055 3913 conventu
1079 3843 1328 3911 Oantuariensis
1350 3846 1451 3913 eccle-

396 3952 455 4018 siae
478 3951 603 4038 primus
626 3950 776 4017 violavit
821 3949 919 4014 Villis
952 3970 1095 4035 namque
1127 3954 1162 4014 et
1194 3948 1381 4015 redditibus
1413 3955 1453 4015 ut

395 4056 592 4144 promiserat
613 4055 754 4120 necdum
790 4050 834 4118 ad
868 4051 1003 4139 plenum
1035 4050 1210 4129 restitutis,
1233 4051 1384 4118 eeclesias
1417 4058 1452 4118 et

396 4159 493 4225 villae
515 4164 582 4223 tres
605 4156 728 4223 eisdem
751 4152 805 4221 vel
829 4176 895 4221 non
919 4152 1065 4219 reddidit
1086 4152 1142 4219 vel
1159 4153 1280 4220 iterum
1303 4154 1451 4233 abstulit,

396 4262 546 4349 eoquod
580 4282 648 4326 non
677 4258 839 4325 auderent
865 4255 1159 4323 excommunicatis
1194 4256 1321 4322 domini
1354 4279 1450 4344 papae

396 4373 431 4434 et
453 4363 718 4432 malefactoribus
740 4361 809 4426 suis
824 4360 1071 4427 communicare.
1119 4358 1316 4424 Petentibus
1338 4366 1450 4426 autem

395 4469 565 4536 monachis
587 4471 623 4533 et
645 4464 816 4532 orantibus
839 4463 948 4528 uteie
979 4458 1116 4527 omnia²
1149 4461 1330 4527 secundum
1363 4460 1451 4548 quod

396 4573 591 4662 promiserat
623 4568 884 4643 restituerentur,
916 4585 1005 4630 nunc
1043 4562 1125 4628 dure
1159 4584 1248 4629 nunc
1284 4563 1451 4652 benigne³

429 4780 436 4810 ¹
442 4778 558 4844 fecerat]
571 4791 622 4825 om.
633 4775 664 4825 B.
981 4766 1068 4815 ³armc
1086 4763 1149 4814 dure
1170 4780 1235 4814 nuere
1257 4762 1372 4831 desipere]
1398 4754 1451 4816 non

431 4856 546 4923 ²‹mraaq
561 4864 627 4921 qua,
638 4854 686 4904 ine.
698 4853 734 4903 A.
745 4851 778 4902 Β.
947 4848 1009 4897 dure
1023 4860 1075 4896 non
1086 4842 1208 4910 benigne,
1218 4844 1249 4897 C.
