3666 5724
750 913 863 963 ornus
885 909 1077 961 smromcn
1373 890 1439 959 317

387 1102 406 1130 “
427 1099 585 1160 servetur.
641 1092 713 1160 Psx
750 1092 839 1159 enim
877 1090 1076 1157 omnimodis
1112 1087 1343 1175 amplectende
1379 1092 1438 1165 est,
1470 1092 1594 1138 mm*

387 1203 405 1230 “
428 1214 504 1260 cum
526 1192 584 1259 ille
606 1193 704 1258 valde
727 1192 858 1278 sopiens
879 1190 983 1256 iuuerit
1005 1189 1065 1276 qui
1089 1187 1288 1265 dixitj'ist
1311 1209 1379 1275 pnx
1401 1188 1439 1253 in
1453 1158 1584 1273 qm?

388 1304 406 1331 “
428 1294 546 1361 diebus
571 1294 713 1372 nostris3
736 1286 796 1380 pro
820 1292 892 1358 Deo
916 1311 1031 1377 pacem
1057 1288 1196 1375 diligite,
1211 1310 1325 1376 pacem
1350 1310 1440 1376 quse
1451 1270 1595 1374 tim

388 1406 406 1433 “
428 1397 499 1474 rite,
525 1404 568 1474 et,
595 1400 759 1482 quantum
784 1393 933 1482 potestis,
969 1391 1042 1479 poci
1068 1390 1278 1458 oonsentite.”
1324 1382 1530 1456 Innuitffl

387 1503 500 1563 eutem
533 1517 595 1562 rex
627 1494 795 1563 Rsndulfo
828 1495 869 1561 de
904 1493 1074 1560 Glsnvills
1110 1492 1264 1579 praesecto
1301 1490 1442 1579 Angliae,

387 1618 487 1684 quem
520 1602 602 1663 tunc
635 1595 721 1662 forte
754 1586 865 1661 secum
896 1594 1049 1671 duxerat,
1080 1598 1121 1658 ut
1154 1592 1352 1679 loqueretur,
1383 1591 1471 1679 qui⁸
1508 1591 1574 1684 ηιμ

389 1698 497 1764 dixit:
523 1707 541 1734 “
556 1697 768 1764 Perturbetio
801 1695 867 1762 ists
899 1696 1042 1782 pessime
1075 1700 1135 1774 est,
1168 1699 1204 1760 et
1234 1699 1304 1760 tum
1338 1693 1443 1772 vobis,
1456 1689 1580 1737 (Μὴ

390 1806 406 1834 “
429 1817 529 1883 quam
566 1797 632 1863 toti
668 1795 862 1883 Anglicnnoe
899 1795 1043 1863 ecclesiae
1080 1795 1271 1881 perniciose
1321 1795 1445 1862 Rever-

391 1906 408 1934 “
431 1898 544 1963 timini
566 1897 610 1964 ed
631 1918 700 1975 vos,
723 1917 791 1962 non
814 1896 903 1963 enim
925 1896 1065 1983 potestis
1091 1897 1148 1962 its·
1165 1896 1446 1983 procacemque

390 1999 523 2066 “nullo
553 1999 650 2066 modo
681 1999 881 2085 permittunt
910 1997 1063 2085 episcopi.
1109 1997 1176 2063 Sed
1209 1998 1339 2064 animos
1373 2020 1446 2064 ves·

390 2106 499 2167 “tros
533 2099 701 2186 paulisper
732 2100 866 2176 flectite,
900 2103 936 2165 et
967 2098 1012 2165 sd
1044 2099 1187 2165 medium
1220 2100 1321 2179 viem,
1344 2120 1445 2186 quem

390 2211 408 2239 “
431 2202 586 2269 dominus
616 2201 764 2288 repperit
792 2222 861 2280 rex,
892 2200 991 2267 cordo
1019 2205 1132 2266 vestre
1159 2199 1327 2267 inclinate
1389 2200 1446 2265 In·

391 2311 408 2339 “
432 2302 630 2389 dempniteti
653 2307 774 2367 vestrm
794 2300 908 2366 studet
929 2299 1081 2365 dominus
1104 2303 1197 2366 meus
1211 2322 1289 2381 rex;
1311 2302 1352 2367 de
1369 2302 1447 2388 jure

390 2412 408 2439 “
431 2409 542 2470 vestro
563 2402 650 2469 nihil
672 2402 796 2488 peribit
817 2402 872 2468 vel
894 2422 1021 2489 perum,
1036 2406 1072 2467 et
1094 2399 1178 2467 forte
1200 2402 1330 2469 fecilius
1352 2402 1448 2468 incli-

392 2513 409 2539 “
431 2504 602 2569 nubuntur
638 2504 784 2590 episcopi
820 2502 864 2569 ed
900 2502 1182 2569 consentiendum.
1237 2504 1299 2570 Fst
1334 2510 1447 2570 sutem

392 2616 410 2644 “
433 2607 496 2673 hoc
522 2605 611 2691 quod
633 2605 721 2691 petit
745 2604 899 2670 dominus
922 2625 982 2670 rex
1005 2610 1047 2669 ut
1072 2605 1266 2684 concedatis,
1293 2606 1449 2672 videlicet

394 2716 411 2743 “
433 2713 474 2771 ut
495 2705 667 2793 episcopus
689 2703 936 2781 londoniensis,
959 2702 1122 2770 velotius
1144 2705 1336 2772 electionem
1359 2707 1450 2774 dicet

394 2817 411 2846 ‘⁴
434 2806 497 2873 hoc
530 2805 651 2872 modo:
683 2805 775 2871 ‘Nos
806 2804 959 2891 episcopi,
992 2809 1027 2871 et
1059 2804 1158 2892 prior,
1192 2813 1228 2873 et
1264 2814 1449 2876 conventus
1460 2821 1617 2919 pemmo-u

395 2918 413 2946 “
435 2908 603 2975 ‘ecclesie
627 2906 754 2973 Christi
778 2904 1035 2985 centuariensis,
1060 2927 1136 2973 cum
1162 2929 1297 2976 assensu
1323 2909 1549 2977 dominiorum

395 3016 414 3045 “
437 3008 547 3096 ‘regis
584 3007 737 3095 eligimus
774 3008 877 3073 istum
892 3007 924 3072 :'
961 3007 1016 3074 vel
1052 3015 1093 3073 ut
1129 3009 1220 3094 prior
1256 3010 1448 3079 electionem

306 3146 312 3159 ·
396 3109 630 3197 “pronuntiet
653 3113 689 3176 et
713 3108 812 3187 dicet,
837 3108 1015 3197 ‘Episcopi
1041 3109 1181 3197 Angue,
1208 3117 1243 3179 et
1268 3135 1329 3202 ego
1344 3102 1448 3200 prior,

396 3222 412 3248 “
437 3219 497 3277 ‘et
530 3215 713 3277 conventus
747 3209 1005 3288 cantuariensis,
1029 3232 1105 3278 cum
1149 3234 1284 3281 assensu
1323 3217 1449 3283 domini

395 3323 413 3350 “
437 3313 546 3400 ‘regis
572 3312 726 3398 eligimus
752 3311 873 3378 istum!
921 3311 1012 3393 Quid
1042 3315 1132 3380 enim
1161 3316 1294 3383 nocebit
1323 3319 1352 3384 si
1380 3320 1450 3407 epi·

403 3423 420 3451 “
444 3434 559 3499 scopos
573 3418 702 3478 vestros
717 3413 754 3477 in
772 3411 932 3480 electione
947 3414 1081 3481 nomine
1097 3422 1195 3482 tenus
1209 3420 1450 3506 praeponstis3”

397 3515 459 3580 Ad·
473 3514 545 3581 haec
566 3514 664 3600 prior,
687 3512 957 3592 “Conferamus”
979 3515 1037 3593 eit,
1051 3524 1164 3582 '“cum
1189 3517 1350 3586 frutribus
1375 3499 1603 3645 nos-3535?

397 3626 415 3653 “
438 3617 509 3695 tris,
539 3621 575 3681 et
605 3614 762 3681 citissime
794 3635 986 3702 responsum
1020 3617 1220 3703 reportabo?
1265 3599 1567 3695 Metuentes&

398 3717 503 3804 igitur
539 3721 574 3781 et
610 3715 785 3782 metientes
832 3715 984 3783 monachi
1021 3718 1185 3785 melitium
1220 3724 1387 3809 temporis,
1418 3729 1453 3791 et

398 3819 587 3885 libertatem
624 3837 719 3883 susm
756 3816 873 3883 saltem
910 3817 1082 3904 pnlJistsm
1120 3819 1242 3889 hebere
1273 3825 1453 3910 cupientes,

400 3919 615 4007 praebuerunt
635 3938 805 3984 msensnm
827 3917 1046 4004 petitionibus
1072 3922 1179 4008 regiis,
1205 3924 1253 3990 sic
1276 3930 1392 3993 temen
1413 3932 1454 3993 ut

401 4021 491 4107 prior
513 4018 764 4085 Centusriensis
794 4019 884 4105 quod
905 4020 1070 4106 reliquum
1093 4029 1165 4089 eret
1186 4025 1354 4092 electionis
1377 4049 1453 4095 exe-

400 4123 563 4208 queretur.
610 4118 684 4200 Quo
705 4118 829 4196 audito,
851 4121 1010 4207 pmcepit
1030 4143 1090 4188 rex
1111 4128 1152 4189 ut
1172 4123 1244 4191 hoec
1265 4128 1355 4212 pecis
1379 4148 1453 4215 pec-

401 4222 450 4287 tio
480 4220 683 4286 scriberetur.
729 4219 938 4286 Timentibus
967 4225 1080 4286 autem
1112 4225 1288 4305 monachis,
1320 4249 1364 4294 ne
1395 4225 1599 4321 perfflffl*

402 4321 465 4387 hoo
478 4320 638 4407 scriptum
652 4319 701 4385 eis
722 4319 859 4406 laqueus
880 4319 1072 4387 tenderetur
1092 4323 1221 4391 invisus
1242 4327 1271 4391 si
1294 4329 1454 4418 episcopis
1465 4327 1616 4373 '‘mm‘'

403 4420 598 4496 traderetur,
622 4419 711 4484 dixit
733 4442 801 4497 rex,
824 4420 906 4486 “Ne
928 4421 1084 4499 timeatis,
1105 4446 1173 4490 non
1195 4428 1284 4492 enim
1317 4428 1380 4497 hec
1413 4432 1455 4497 de

403 4530 421 4558 “
443 4542 543 4588 ceusu
564 4519 723 4613 scriptum
749 4526 836 4606 peto,
861 4526 902 4586 ut
930 4522 1089 4609 episcopis
1118 4526 1293 4607 tribuetur,
1324 4531 1382 4596 sed
1411 4554 1454 4599 ne

404 4622 527 4710 “quid
555 4621 593 4686 in
622 4642 658 4686 re
687 4620 816 4707 sgendn
844 4623 1046 4707 superfluum
1076 4624 1227 4704 addetur,
1257 4629 1311 4694 vel
1344 4652 1453 4699 neccs-

405 4734 423 4761 “
445 4723 568 4789 serium
592 4720 834 4787 subtmhetur.'’
880 4722 1070 4808 Composito
1092 4732 1204 4792 sutem
1229 4730 1351 4817 scripto
1376 4733 1455 4800 doto
