3666 5724
419 866 483 930 410
630 878 792 928 ouavssn
815 875 974 927 nossem
998 871 1271 928 esurummusrs

268 1055 390 1162 23¹?
421 1066 546 1139 “hujus
563 1066 632 1121 anni
656 1064 724 1121 inde
750 1064 861 1136 integre
886 1063 1000 1129 habeat,
1019 1068 1050 1119 et
1073 1069 1221 1120 trausacto
1245 1080 1323 1119 anno
1346 1061 1472 1119 creditor

250 1148 382 1225 orme}
421 1151 440 1175 ‘⁴
459 1148 592 1205 redditus
607 1148 754 1213 rehabeat,
773 1148 815 1202 ita
831 1146 909 1218 quod
927 1147 1048 1212 fructus,
1061 1164 1133 1217 quos
1151 1145 1218 1201 inde
1236 1143 1421 1218 perceperit,¹
1441 1144 1472 1198 in

251 1232 361 1326 mg&
420 1234 440 1258 ‘⁸
459 1232 601 1288 solutione
619 1231 710 1287 debiti
728 1236 942 1302 computentur,
962 1235 992 1285 et
1017 1229 1147 1285 debitum
1165 1235 1232 1301 post
1258 1229 1471 1300 susceptionem

419 1318 439 1342 ‘⁴
459 1315 553 1372 crucis
570 1315 711 1388 quamdiu
728 1313 843 1369 debitor
860 1314 917 1369 erit
934 1314 966 1367 in
983 1313 1219 1384 peregrinatione
1236 1331 1296 1368 nou
1313 1317 1425 1368 usuret.

455 1402 475 1427 “
493 1399 565 1456 VII.
587 1398 735 1454 Statutum
762 1396 902 1468 estquod
927 1414 1037 1463 omnes,
1065 1407 1125 1451 tam
1151 1395 1252 1453 clerici
1276 1414 1364 1468 qnam
1390 1394 1468 1459 laici,

418 1485 437 1511 ⁴¹
455 1483 507 1554 qni
525 1482 557 1536 in
573 1482 628 1537 hac
645 1480 880 1552 peregrinatione
905 1479 1133 1552 proficiscentur,
1152 1480 1266 1550 possint
1282 1478 1364 1535 licite
1391 1478 1468 1533 iuva

418 1570 437 1594 ‘⁴
458 1565 537 1619 diare
564 1582 665 1620 omnes
691 1563 823 1619 redditus
850 1579 918 1618 suos
937 1562 999 1617 sive
1024 1562 1235 1618 ecclesiasticos
1253 1562 1315 1618 sive
1341 1561 1424 1625 alios,
1453 1578 1471 1614 a
1567 1604 1570 1610 .

419 1651 438 1675 “
458 1647 571 1705 Pascha
588 1648 620 1702 in
636 1665 695 1718 quo
713 1647 770 1701 iter
788 1645 966 1716 arripuerint
983 1662 1074 1718 nsque
1092 1645 1129 1700 ad
1147 1651 1208 1701 tres
1220 1662 1321 1710 annos,
1335 1645 1377 1701 ita
1392 1642 1470 1715 quod

419 1734 438 1759 ‘⁶
458 1732 625 1797 creditores,
644 1728 783 1800 quicquid
806 1728 842 1783 de
860 1727 1040 1785 debitoribus
1058 1728 1218 1799 contingat,
1238 1729 1350 1785 fructus
1369 1744 1469 1783 omnes

418 1819 438 1842 ‘⁴
456 1813 624 1869 reddituum
641 1830 714 1884 qnos
732 1811 763 1866 in
776 1811 862 1866 vadio
879 1810 1050 1876 habebuut‚²
1063 1829 1081 1866 a
1097 1811 1237 1883 praedicto
1248 1811 1362 1867 Pascha
1378 1827 1469 1882 usque

419 1902 438 1925 “
457 1897 495 1953 ad
511 1904 572 1952 tres
590 1913 681 1951 annos
700 1894 816 1966 integre
834 1893 1006 1965 percipiant.

454 1977 750 2036 ⁴·v111.statntum
776 1981 821 2032 ost
846 1976 936 2031 etiam
954 1976 1032 2047 quod
1056 1975 1221 2048 quicunque
1246 1976 1277 2031 in
1302 1976 1468 2049 peregrina·

418 2068 438 2092 ⁴‘
458 2064 538 2119 tione
556 2059 711 2117 decesserit
728 2059 881 2132 pecuniam
907 2077 999 2126 suam,
1021 2077 1109 2131 quam
1128 2077 1226 2115 secum
1246 2061 1276 2114 in
1301 2060 1469 2132 peregrina·

419 2150 438 2174 ‘⁴
458 2147 538 2203 tione
555 2143 696 2210 attulerit,
716 2142 754 2198 ad
771 2142 1011 2197 sustentationem
1030 2143 1220 2198 servientium
1237 2161 1366 2209 suorum,
1385 2142 1470 2198 etad

419 2232 439 2257 ‘⁶
458 2228 600 2284 amilium
624 2231 711 2281 terrae
737 2225 991 2290 Jerosolimitanae,
1018 2231 1049 2280 et
1074 2225 1111 2281 ad
1136 2226 1374 2281 sustentationem
1399 2244 1470 2297 pau·

420 2316 438 2340 “
458 2329 561 2385 perum
580 2309 699 2375 dividet,
715 2308 801 2381 juxta
818 2309 973 2365 consilinm
999 2308 1190 2366 discretorum
1208 2309 1338 2365 virorum
1365 2308 1415 2382 qui
1433 2309 1470 2365 ad

420 2398 438 2423 ⁴⁴
458 2395 514 2449 hoc
532 2392 725 2449 statuentur.”

250 2503 388 2549 uxamae.
462 2479 652 2564 Exsurgens
674 2480 785 2541 autem
809 2475 845 2539 in
870 2475 978 2540 medio
996 2475 1069 2561 jam
1091 2481 1262 2561 assumpta
1277 2497 1371 2542 cruce
1395 2475 1470 2541 Bal·

249 2555 406 2650 hidri’h‘m
419 2582 567 2648 dewiuus
583 2577 830 2645 Oantuarieusis
845 2577 1116 2663 archiepiscopus,
1131 2578 1286 2663 editaque
1300 2578 1344 2642 ad
1365 2600 1469 2665 popu-

248 2658 346 2700 ⁰¹'⁸¹“
418 2684 488 2750 lum
510 2703 659 2748 sermone
685 2679 919 2755 exhortatorio,
943 2679 1243 2745 excommunicavit
1276 2680 1469 2765 omnesqui

418 2787 505 2852 infra
526 2787 652 2869 septem
685 2802 789 2847 anuos
811 2801 963 2868 guerram
986 2780 1169 2867 inciperent
1202 2779 1282 2845 vel⁸
1304 2781 1469 2867 inceptam

417 2889 577 2954 foverent.

248 3004 389 3108 ffiffi.
461 2988 590 3057 Deinde
623 3006 702 3051 vero
735 2982 946 3049 conversione
978 2982 1066 3048 facta
1099 2983 1142 3048 ad
1173 2983 1348 3049 monachos
1383 2984 1468 3051 Oan-

249 3104 378 3165 serorque
417 3090 544 3168 tuariae,
582 3084 819 3173 querimoniam
850 3082 1000 3148 institnit
1037 3083 1078 3148 de
1116 3084 1231 3171 priore,
1266 3086 1363 3171 quod,
1394 3104 1468 3153 cum

248 3155 390 3308 ἓξὲξ
418 3191 559 3260 eundem
597 3185 740 3253 dccxiii
772 3184 901 3250 fecisset
933 3183 1102 3261 eximium,
1137 3192 1252 3251 contra
1273 3208 1349 3251 eum
1372 3209 1468 3252 suum

249 3306 368 3400 nuptm
417 3289 581 3359 levaverit
611 3287 807 3355 mlcaueum.
868 3285 1092 3350 Denuntiavit
1128 3287 1229 3352 etiam
1267 3288 1356 3373 qnod
1393 3311 1469 3376 sup-

249 3368 279 3401 m
302 3356 372 3410 m
418 3394 559 3482 priorem
582 3386 932 3464 excommunicaverat,
955 3386 1148 3472 praecipiens
1171 3387 1330 3475 episcopis
1352 3394 1387 3454 et
1408 3411 1470 3456 cae·

417 3495 506 3573 teris,
540 3497 580 3558 ut
612 3512 688 3557 eum
719 3489 881 3554 haberent
912 3488 1242 3555 excommunicatum.
1288 3489 1472 3557 Suscitavit

418 3603 530 3665 autem
561 3594 652 3660 Deus
674 3591 828 3678 spiritum
855 3589 1031 3676 Reginsldi
1063 3588 1297 3656 Bethaniensis
1320 3591 1471 3678 episcopi,

418 3699 485 3786 qni,
500 3703 592 3762 stans
615 3694 651 3759 in
666 3692 780 3759 ordine
796 3713 864 3770 suc,
880 3690 1011 3758 dicebat
1025 3691 1202 3758 monachos
1219 3691 1472 3759 Osntuarieuses

417 3798 597 3889 apostolica
618 3795 816 3862 auctoritate
850 3793 950 3858 scrisse
974 3793 1128 3871 munitos,
1151 3797 1191 3858 ut
1213 3794 1377 3879 pendente
1411 3796 1470 3861 lite

248 3915 397 3973 russina>
418 3903 545 3969 nullam
567 3901 604 3964 in
637 3920 692 3964 eos
714 3901 826 3983 posset
858 3894 1122 3982 archiepiscopus
1155 3895 1363 3983 promulgare
1397 3920 1470 3963 sen·

249 3969 347 4065 iffi
417 4006 565 4073 tentiam.
613 3998 792 4067 Iucundnit
813 3998 857 4063 ad
888 3997 960 4064 haec
992 3997 1253 4084 archiepiscopus
1265 4021 1274 4078 ;
1304 3998 1363 4087 sed
1384 4021 1471 4065 com·

315 4102 321 4115 '
418 4129 528 4196 presso
551 4102 681 4192 spiritu,
704 4099 837 4167 distulit
862 4100 906 4165 ad
939 4105 1079 4186 tempus,
1102 4099 1206 4165 totius
1237 4099 1375 4166 malitiae
1401 4123 1470 4167 suae

418 4232 527 4298 regem
565 4205 685 4272 habere
726 4202 861 4289 cupiens
898 4201 1104 4267 advocatum.
1167 4200 1329 4288 Sumpsit·
1358 4208 1469 4268 autem

419 4336 546 4382 crucem
577 4309 746 4376 iohannes
776 4305 946 4393 episcopus
980 4304 1201 4370 Norwioensis
1235 4308 1270 4369 et
1300 4304 1470 4392 episcopus

346 4467 351 4478 .
420 4411 657 4480 Liucclniensis
694 4415 729 4474 et
765 4407 906 4494 populus
938 4406 1071 4472 multus.
1118 4406 1329 4493 Tandemque
1367 4407 1470 4472 finitis

418 4514 623 4583 sermonibus
657 4513 698 4577 de
732 4509 919 4575 defensione
950 4508 1119 4574 orientalis
1153 4508 1304 4588 ecclesiae,
1337 4509 1377 4574 de
1408 4510 1470 4574 im·

452 4741 622 4810 ¹pcrcepers't]
637 4738 756 4806 percepit,
768 4738 799 4790 C.
998 4733 1071 4802 ἠοῖ]
1086 4743 1120 4799 ct,
1133 4737 1163 4789 C.

450 4821 608 4888 Nubebant]
622 4819 756 4880 habeant,
769 4818 799 4870 C.
