3628 5728
747 897 858 949 orsru
881 899 1071 948 nrsrosrcs.
1361 879 1426 949 473

375 1076 483 1151 dicam
513 1086 696 1163 muliebris,
727 1086 790 1151 sub
820 1086 1029 1152 vestimentis
1054 1080 1282 1170 exquirebant
1343 1084 1428 1151 Tota
1457 1084 1579 1132 &Il-¹1⁸⁹·

375 1188 429 1253 die
455 1189 618 1274 janitores
648 1188 699 1253 illi
738 1189 947 1255 contumeliis
981 1188 1190 1267 insistebant,
1220 1193 1317 1253 nocte
1348 1154 1587 1300 veropzllllssdebo‘i

375 1290 489 1356 choros
511 1292 677 1358 ducebant
700 1311 760 1378 pro
789 1291 916 1357 foribus
946 1292 1143 1358 clamoribus
1173 1291 1363 1357 insistentes
1394 1296 1429 1357 et
1467 1267 1578 1309 senemr.

374 1390 522 1470 saltibus,
549 1392 615 1458 ne¹
640 1392 769 1458 miseris
796 1392 965 1458 monachis
991 1397 1087 1458 nocte
1113 1391 1168 1457 vel
1184 1392 1237 1458 die
1263 1397 1428 1458 tormenta

375 1492 532 1559 deessent.
579 1493 723 1574 Quidam
747 1492 847 1559 etism
871 1515 913 1559 ex
936 1492 1112 1571 monachis,
1131 1494 1167 1557 in
1193 1494 1354 1559 cimiterio
1377 1494 1427 1557 in-

374 1600 549 1681 terceptus,
581 1603 698 1684 captus
737 1602 772 1662 et
813 1597 959 1682 turpiter
997 1596 1161 1662 abductus
1198 1601 1258 1673 est,
1288 1596 1428 1682 pedibus

374 1697 479 1783 ipsius
505 1699 568 1763 sub
591 1704 708 1764 ventre
728 1698 874 1784 jumenti
900 1718 994 1764 cerno
1016 1698 1179 1785 colligetis
1205 1699 1242 1762 in
1268 1718 1427 1765 carcerem

374 1802 493 1877 trusus,
525 1799 612 1865 fame
643 1806 679 1865 et
707 1799 827 1886 frigore
864 1798 1006 1865 afflictus
1036 1805 1087 1865 est
1117 1803 1152 1865 et
1177 1804 1318 1885 utroque
1345 1799 1571 1904 pedoffffiffi

373 1900 516 1965 vinculis
541 1901 658 1966 ferreis
687 1901 731 1966 ad
757 1921 813 1966 eos
844 1900 901 1984 qui
932 1922 1008 1966 eum
1035 1900 1265 1965 custodiebant
1290 1901 1428 1967 ursticos

373 2000 553 2088 colligatus.
610 2002 730 2067 Relata
766 2006 846 2067 sunt
886 2000 957 2067 haec
987 2001 1164 2079 monachis,
1194 2002 1261 2067 illis
1299 2002 1356 2087 qui
1387 2002 1428 2067 da
1526 2072 1530 2091 ¹

374 2103 511 2169 concilio
542 2104 722 2170 Londonire
752 2103 941 2180 veniebant,
964 2110 999 2168 et
1025 2103 1114 2188 quod
1140 2104 1176 2167 in
1200 2103 1343 2169 crastino
1369 2125 1428 2191 per

373 2206 540 2271 ministros
579 2209 669 2292 regis
707 2228 819 2271 omnes
850 2212 959 2271 essent
989 2204 1141 2271 monachi
1172 2204 1427 2272 cantuarienses

373 2309 521 2385 eiciendi,
547 2331 568 2373 a
594 2309 732 2374 minimo
757 2330 860 2394 usque
887 2308 930 2373 ad
959 2306 1150 2372 maximum.
1197 2307 1316 2375 Clerici
1348 2331 1427 2394 quo·
1440 2331 1558 2376 sessor

373 2432 437 2495 que
459 2410 694 2496 archiepiscopi
717 2411 880 2486 dicebant,
897 2409 986 2495 quod
1010 2408 1098 2474 infra
1120 2431 1241 2496 paucos
1263 2411 1333 2476 dies
1356 2382 1554 2486 vicellisblll

374 2512 608 2577 monachorum
631 2512 667 2577 'm
694 2511 830 2577 ecclesis
852 2510 1085 2577 Oontuariensi
1108 2511 1217 2577 clerici
1240 2514 1351 2579 essent
1373 2515 1424 2578 in-
1440 2482 1523 2527 dm

373 2613 542 2678 stitnendi.
604 2613 642 2678 si
672 2613 773 2691 dolor,
804 2613 833 2678 si
871 2613 993 2677 mentis
1038 2612 1192 2678 anxietas
1234 2614 1425 2681 confuderit

372 2715 548 2783 monachos
579 2737 654 2783 curn
686 2737 780 2781 suam
814 2716 968 2781 viderent
982 2714 1156 2781 imminere
1187 2715 1425 2802 dispersionem

373 2822 407 2883 et
435 2824 632 2905 perpetuum
655 2817 823 2904 religionis
845 2816 1080 2883 exterminium
1104 2815 1352 2884 Oantuariensis
1376 2841 1427 2886 ec·

372 2920 487 2998 alesius,
510 2941 577 2985 non
593 2925 645 2984 est
666 2919 864 2984 mirandum.
912 2916 968 2981 Illi
993 2937 1072 2983 vero
1099 2918 1156 3003 qui
1183 2918 1224 2983 de
1255 2919 1588 3016 Londoniafflggn·

372 3023 559 3101 veniebant,
575 3022 780 3109 fugientibus
803 3042 915 3086 eorum
938 3019 1082 3098 famulis,
1097 3021 1133 3085 in
1156 3023 1281 3099 curiam
1302 3023 1427 3090 intrare
1440 3023 1558 3116 ffi‘ggP

372 3125 522 3211 permissi
546 3128 633 3190 sunt.
681 3123 874 3195 Maluenmt
896 3122 985 3188 enim
1016 3143 1223 3189 communem
1254 3146 1329 3190 curn
1360 3125 1426 3192 fra-

372 3227 479 3292 tribus
520 3227 682 3292 sustinere
719 3226 897 3303 miseriem,
932 3246 1032 3311 quam
1071 3226 1245 3313 specialem
1282 3249 1428 3313 quaerere

371 3329 566 3395 libertatem.
614 3329 655 3392 In
683 3330 827 3393 crastino
857 3332 980 3406 autem,
1010 3332 1052 3392 ut
1075 3328 1161 3394 male
1191 3329 1426 3416 prophetatum

371 3438 430 3508 est,
455 3436 621 3497 venerumt
654 3431 874 3496 Oantuoriam
906 3430 1061 3497 officiales
1090 3432 1177 3517 regis
1208 3439 1243 3497 et
1272 3432 1425 3499 hostiarii

371 3554 446 3598 cum
476 3533 603 3598 clericis
632 3532 880 3617 archiepiscopi,
914 3531 1072 3597 videlicet
1102 3540 1142 3596 ut
1172 3533 1349 3598 monachos
1371 3554 1425 3600 ee-
1438 3537 1562 3641 fflffif

371 3638 490 3721 perent
511 3633 566 3698 vel
588 3633 632 3699 ad
667 3633 941 3698 consentiendum
978 3654 1185 3718 quocumque
1211 3635 1310 3699 modo
1336 3638 1535 3702 coar-⁰fflfflff·

372 3741 490 3802 tarent.
526 3735 611 3802 Cum
627 3739 739 3801 autem
754 3735 875 3812 miseri,
890 3735 992 3799 immo
1007 3740 1170 3820 martyres
1193 3736 1345 3802 monachi
1368 3759 1427 3823 per

302 3835 307 3843 ’
371 3838 500 3924 aliquot
526 3838 596 3903 dies
619 3836 720 3901 minis
744 3840 779 3900 et
802 3835 1057 3921 allegationibus
1083 3836 1185 3900 variis
1208 3837 1268 3900 vix
1291 3839 1427 3904 tandem

373 3945 413 4004 ut
442 3936 620 4004 omnibus²
657 3935 836 4003 videbatur
865 3936 1105 4022 frangerentur,
1131 3942 1167 4002 et
1191 3937 1263 4022 jem
1288 3939 1426 4025 jamque

372 4042 445 4128 capi
469 4040 522 4106 vel
546 4040 607 4106 eici
631 4039 832 4116 debuissent,
847 4036 966 4103 utilius
989 4039 1037 4104 eis
1060 4039 1170 4104 visum
1193 4046 1245 4105 est
1270 4041 1314 4106 ad
1341 4047 1425 4106 tem-

372 4165 435 4228 pus
465 4142 564 4229 regies
588 4163 703 4228 parere
727 4140 907 4217 voluntati,
923 4145 958 4206 et
983 4142 1019 4206 in
1046 4141 1188 4207 arbitros
1213 4143 1425 4229 compromit
1438 4139 1580 4238 ffgffilg

372 4251 450 4321 tere,
489 4266 589 4329 quom
626 4249 821 4330 perpetuam
863 4243 974 4308 subire
1013 4243 1256 4329 dispersionem.
1325 4244 1425 4310 Unde
1438 4244 1553 4336 {mli

370 4346 478 4433 gavisi
502 4347 585 4433 regii
614 4346 737 4423 nuntii,
775 4366 850 4411 cum
888 4345 1057 4411 monachis
1093 4359 1174 4410 1u1⁰r
1211 4367 1233 4412 a
1258 4353 1425 4412 conventu
1437 4296 1574 4441 ΜΞ

370 4448 479 4513 missis
506 4469 582 4514 oum
607 4448 729 4513 litteris
752 4446 1006 4539 ratihabitionis
1027 4448 1200 4514 redierunt
1229 4449 1273 4514 ad
1305 4470 1423 4536 regem.
1437 4442 1522 4489 Μ·

371 4551 465 4618 illice
483 4551 598 4637 januae
620 4555 773 4616 reserate
796 4554 876 4614 sunt
897 4554 933 4614 et
953 4550 1057 4615 amoti
1080 4550 1231 4616 custodes
1246 4571 1423 4619 murorum.

404 4754 469 4821 ¹ne]
485 4762 522 4817 ut,
535 4754 566 4807 G.
886 4750 892 4821 Ι
938 4751 1084 4819 'mibuJ
1102 4752 1257 4818 horninibus,
1267 4755 1304 4807 A.
1311 4757 1343 4807 B.
