3662 5728
385 877 451 939 180
585 889 748 941 amusan
771 890 933 941 mousom
955 889 1229 942 caurufflunsrs

234 1082 291 1127 ιι)
297 1074 395 1128 ues‘
398 1072 531 1129 ‘exinde
553 1073 663 1147 poterit
685 1073 838 1147 episcopm
861 1075 959 1147 ipsum
977 1079 1143 1133 accusatum
1161 1073 1390 1132 ecclesiastioa'
1377 1091 1439 1146 Jus-
1429 1083 1496 1137 -w
1508 1083 1582 1136 cmi.

215 1146 340 1241 ficffifffi
386 1158 406 1185 “
425 1158 493 1214 titia
510 1176 650 1216 coercere.
1452 1169 1470 1203 ¹
1484 1155 1523 1203 17.

216 1247 353 1292 ⁰¹⁵¹⁰¹¹d⁰⁰³
421 1256 440 1282 ‘
432 1254 505 1310 XI.
523 1255 744 1328 Archiepisoopi
769 1255 945 1328 etepiseopi
969 1261 1000 1312 et
1023 1256 1167 1313 universae
1190 1225 1320 1328 personae
1344 1253 1440 1325 regni,

385 1339 405 1367 “
425 1338 476 1410 qui
499 1338 536 1394 de
559 1357 631 1411 rege
654 1344 755 1396 tenent
778 1340 810 1395 in
834 1341 942 1412 capite,
966 1340 1077 1397 habent
1099 1339 1295 1412 possessiones
1320 1356 1387 1395 suas
1405 1337 1441 1393 do

385 1424 403 1449 ‘⁸
424 1421 543 1481 domino
567 1440 638 1495 rege
662 1423 740 1479 sicut
763 1422 915 1478 baroniam
940 1428 971 1480 et
994 1423 1062 1479 inde
1080 1422 1255 1496 respondent
1268 1421 1395 1495 justitiis
1412 1427 1442 1476 at

385 1505 569 1581 “ministris
592 1505 682 1577 ragis,
707 1510 739 1561 et
759 1510 925 1577 sequuntur
943 1511 973 1561 et
990 1506 1102 1562 faciunt
1125 1523 1227 1562 omnes
1251 1504 1442 1562 rectitudines

385 1591 410 1662 “⁸
425 1596 455 1646 et
478 1580 703 1665 consuetudines
726 1588 834 1661 regias,
853 1595 884 1645 et
907 1590 984 1646 sicut
1006 1590 1130 1646 barones
1150 1590 1251 1646 caeteri
1274 1590 1383 1646 debent
1398 1589 1441 1644 iu-

385 1675 405 1701 “
423 1680 531 1732 teresse
545 1673 667 1747 judiciis
685 1674 775 1730 euriae
792 1672 872 1745 regis
890 1690 958 1729 curn
971 1673 1129 1730 baronibus
1146 1691 1238 1745 usque
1254 1672 1442 1745 perveniatur

386 1758 406 1784 ‘⁶
425 1756 586 1829 injudicio
603 1758 641 1813 ad
659 1756 883 1813 diminutionem
903 1757 1103 1812 membrorum
1121 1757 1169 1813 vel
1187 1756 1226 1812 ad
1242 1762 1378 1813 mortem.

421 1854 520 1909 “XII.
539 1852 614 1910 (lum
632 1853 781 1909 vacaverit
800 1852 1067 1926 archiepiscopatus
1084 1853 1149 1909 vel¹
1168 1852 1358 1926 episcopatus,
1376 1850 1441 1908 vel¹

385 1939 405 1967 ‘⁶
425 1938 551 2006 abbatia,
564 1937 613 1993 vel
632 1937 778 2008 prioratus
798 1936 835 1991 de
856 1935 986 1992 dominio
1000 1936 1093 2008 regis,
1111 1935 1199 1992 debet
1218 1954 1283 1993 esse
1303 1937 1334 1992 iu
1352 1954 1442 1991 manu

386 2022 405 2048 ‘⁴
425 2022 497 2093 ejus,
520 2024 552 2077 et
570 2014 674 2075 exinde
690 2019 830 2092 percipiet
853 2036 953 2075 omnes
976 2019 1109 2077 redditus
1130 2025 1161 2076 et
1179 2019 1274 2077 exitus
1298 2020 1375 2077 sicut
1392 2019 1441 2075 do·

387 2106 405 2132 “
425 2104 558 2160 minicos.
596 2103 636 2159 Ft
653 2120 720 2159 cum
744 2106 867 2158 ventum
891 2102 982 2183 fuerit
1005 2103 1043 2159 ad
1066 2103 1278 2159 consulendum
1301 2102 1440 2167 ecelesiae,

386 2188 407 2215 ‘⁸
426 2186 512 2244 debet
532 2185 666 2243 dominus
684 2203 736 2241 rex
753 2184 891 2241 mandare
909 2191 1029 2258 propter
1045 2183 1224 2260 potentiores
1241 2203 1378 2258 personas
1395 2202 1440 2240 ec·
1533 2182 1541 2192 '

386 2272 407 2299 “
425 2269 534 2336 clesiae,
553 2275 584 2326 et
606 2268 639 2324 in
657 2268 769 2341 capella
786 2268 850 2340 ejus
869 2268 955 2325 debet
971 2269 1035 2325 fieri
1060 2269 1176 2336 electio,
1194 2285 1312 2324 assenm
1329 2267 1441 2323 domini

384 2356 405 2383 ⁴⁸
424 2355 505 2426 regis
526 2359 556 2410 et
579 2352 700 2410 consilio
720 2370 911 2424 personarum
934 2353 1020 2424 regni
1040 2370 1112 2425 quas
1134 2352 1172 2409 ad
1195 2353 1251 2408 hoc
1274 2352 1440 2408 faciendum

384 2438 405 2466 ⁴‘
423 2438 580 2504 vocaverit,
599 2444 630 2493 et
647 2435 689 2491 ibi
710 2436 797 2492 faciet
820 2436 930 2491 electus
953 2426 1124 2507 homagium
1149 2442 1179 2492 et
1202 2435 1374 2492 fidelitatem
1392 2435 1441 2490 do·

385 2524 406 2551 “
424 2521 505 2578 mino
527 2521 594 2593 regi
624 2521 701 2577 sicut
729 2520 809 2593 legio
838 2519 957 2576 domino
980 2519 1018 2576 de
1042 2520 1104 2576 vita
1127 2526 1158 2576 et
1187 2519 1327 2577 membris
1351 2526 1381 2577 et
1405 2520 1441 2575 de

385 2604 532 2663 “honore
555 2623 608 2664 suo
625 2610 753 2673 terreno,
771 2606 854 2662 salvo
874 2604 975 2660 ordine
1000 2623 1063 2672 suo,
1082 2605 1255 2725 priusquam
1278 2606 1318 2662 sit
1342 2622 1440 2662 conse·

386 2691 533 2746 “.oratus

420 2787 539 2843 “.XIII
561 2787 594 2844 si
614 2786 770 2883 quisquam
787 2784 824 2840 de
845 2785 1013 2856 proceribus
1029 2785 1117 2858 regni
1133 2785 1336 2843 detortiaverit
1348 2785 1440 2841 arehi-

385 2872 570 2945 1ὀρὶιοορο,
595 2872 643 2928 vel
667 2871 811 2942 episeopo
835 2868 885 2924 vel
909 2868 1113 2926 archidiacono
1132 2870 1168 2926 de
1193 2887 1224 2927 se
1247 2872 1296 2927 vel
1321 2870 1357 2926 de
1381 2870 1441 2925 suis

386 2953 568 3027 “justitiam
586 2954 733 3019 exhibere,
746 2952 881 3007 dominus
896 2968 949 3007 rex
964 2951 1051 3009 debet
1069 2953 1227 3025 justitiare.
1264 2954 1344 3010 Ft'
1322 2972 1347 3010 s1
1367 2954 1442 3009 forte

387 3038 533 3112 “aliquis
557 3038 736 3094 distortiarat
766 3034 885 3091 domino
908 3037 973 3107 regi
996 3037 1204 3094 rectitudinem
1228 3056 1321 3106 suam,
1346 3037 1440 3093 archi·

387 3122 408 3149 “
426 3121 564 3193 episcopi,
589 3120 728 3192 episcopi,
754 3126 784 3176 et
802 3118 1002 3176 archidiaconi
1022 3120 1131 3178 dehent
1150 3139 1219 3178 eum
1237 3121 1387 3194 justitiare
1408 3126 1442 3176 ut

387 3206 406 3232 “
424 3202 543 3260 domino
561 3203 625 3274 regi
644 3203 814 3259 satisfaciat.

422 3300 442 3327 “
452 3298 536 3356 XIV.
556 3298 670 3355 Catella
694 3315 795 3353 eorum
814 3296 867 3369 qui
891 3304 961 3355 sunt
983 3297 1016 3354 in
1039 3299 1188 3357 forisfacto
1211 3300 1291 3372 regis
1311 3316 1371 3355 non
1392 3300 1441 3356 de·

386 3382 407 3409 “
427 3382 519 3438 tineat
542 3381 667 3438 ecclesia
689 3381 738 3436 vel
762 3381 941 3438 cimiterium
960 3387 1061 3438 contra
1081 3383 1230 3455 justitiam
1253 3383 1344 3454 regis,
1373 3383 1442 3455 quia

387 3465 406 3494 “
424 3464 519 3537 ipsius
537 3465 616 3537 regis
633 3472 703 3521 sunt
721 3465 781 3521 sive
799 3463 832 3519 in
849 3464 981 3521 ecclesiis
1000 3465 1064 3522 sive
1083 3471 1165 3522 entra
1182 3467 1293 3522 fuerint
1310 3467 1439 3523 inventa.

420 3559 511 3617 “XV
511 3600 519 3615 .
537 3559 652 3616 Placita
669 3559 706 3615 de
724 3558 831 3614 debitis
850 3574 916 3629 quae
940 3558 997 3615 fide
1022 3558 1196 3632 interposita
1214 3550 1367 3626 debentur,
1391 3561 1441 3617 vel

386 3644 406 3672 ‘⁸
424 3644 534 3715 absque
552 3642 775 3716 interpositione
792 3639 869 3707 fidei,
889 3642 950 3697 sint
967 3641 1133 3714 injustitia
1150 3644 1261 3699 domini
1278 3645 1369 3716 regis.

422 3739 534 3797 “XVI.
553 3738 624 3795 Filii
640 3737 819 3794 rusticorum
837 3753 897 3792 non
914 3735 1022 3793 debent
1040 3737 1170 3794 ordinari
1186 3739 1297 3810 absque
1320 3757 1441 3797 assensu

386 3823 406 3849 “
426 3821 537 3879 domini
555 3822 591 3878 de
610 3822 693 3894 cujus
710 3825 790 3876 tarra
806 3819 869 3875 nati
888 3836 950 3875 esse
969 3819 1168 3877 dinoscuntur.

214 3937 336 4033 mm
428 3921 493 3987 His
515 3922 620 4009 igitur
642 3918 953 4008 perversitatibus
943 3941 981 3985 ιιι
1002 3920 1174 3987 audientia
1196 3922 1344 3988 omnium
1366 3946 1440 4011 per-
1452 3949 1495 4000 w
1507 3945 1583 3998 cant.

215 4038 352 4085 sethuml
383 4024 485 4103 lautia,
513 4032 675 4105 requiritur
702 4020 928 4108 archiepiscopi
955 4031 1089 4103 sigillum
1116 4033 1153 4089 ad
1178 4034 1437 4091 confirmationem
1451 4014 1522 4066 111·

214 4088 350 4184 1111111111
385 4076 599 4200 Obstdpescit
620 4113 664 4180 ad
693 4111 766 4178 haec
787 4110 1000 4177 vehementer
1029 4110 1302 4201 archiepiscopus,
1322 4130 1352 4181 et
1374 4126 1438 4180 ncl-

383 4212 500 4270 latenus
518 4218 580 4268 tam
598 4210 745 4283 perversis
769 4200 928 4286 nequitiis
949 4208 1119 4304 adquiescit.
1139 4210 1241 4267 Unde
1259 4212 1438 4269 vociferatur

384 4291 523 4357 abdicit
552 4310 587 4355 sa
617 4308 826 4376 nequaquam
846 4290 1023 4372 promisisse
1049 4302 1083 4352 ut
1108 4297 1302 4366 confirmaret,
1328 4299 1381 4357 sed
1404 4304 1439 4356 ut

384 4392 536 4450 dominum
554 4409 641 4448 suum
665 4392 845 4465 regemari
869 4390 1025 4464 aliquando
1042 4390 1126 4447 risus
1148 4398 1194 4449 est
1216 4392 1372 4459 restitisse,
1391 4409 1437 4449 oo-

294 4476 299 4485 '
384 4490 449 4529 ram
467 4471 657 4545 optimatibus
675 4472 738 4528 suis
755 4471 847 4529 uerbo
864 4477 950 4529 tenus
962 4470 1130 4529 honoraret

819 4761 827 4795 ¹
840 4761 895 4829 ccl]
909 4776 961 4816 om.
972 4763 1004 4817 Ο.
