3646 5720
401 875 478 964 250
621 887 784 937 omvrsn
807 886 969 939 uourcm
991 886 1264 938 crurummusrs

258 1083 382 1158 ali-ura
411 1092 522 1138 muros
537 1071 710 1158 effringere
724 1070 779 1137 vel
799 1070 932 1158 penitus
947 1072 1138 1140 subvertere
1149 1071 1352 1139 nitebantur.
1385 1072 1465 1160 Spe·

242 1147 394 1259 hialim
410 1175 531 1241 rabant
560 1175 649 1242 enim
680 1178 758 1240 ante
780 1174 867 1261 regis
894 1174 1077 1241 adventum
1100 1176 1270 1241 civitatem
1302 1176 1467 1264 egregiam

242 1252 345 1293 mm
412 1298 609 1363 expugnare,
631 1282 672 1342 ut
701 1299 760 1363 per
790 1298 863 1343 eam
892 1298 1003 1363 regem
1033 1277 1283 1344 aNormannia
1315 1278 1466 1344 valerent

411 1379 591 1444 excludere.
631 1378 698 1444 Sed
712 1378 811 1445 homo
832 1380 988 1465 proponit
1002 1385 1037 1445 et
1051 1378 1143 1445 Deus
1157 1378 1344 1467 disposuitl.
1376 1380 1465 1446 Nam

411 1481 499 1547 cives
514 1481 654 1546 interius
668 1480 811 1546 viriliter
824 1481 1023 1559 resistentes,
1038 1486 1133 1547 extra
1153 1483 1279 1568 positos
1301 1482 1465 1569 principes

411 1582 626 1661 contumeliis,
641 1581 805 1667 reliquum
820 1604 899 1648 vero
914 1581 1035 1669 wulgus
1055 1583 1217 1649 machinis
1239 1588 1275 1649 et
1295 1584 1396 1650 armis
1418 1583 1466 1649 la-

411 1705 534 1751 cessere
556 1705 624 1750 non
644 1684 822 1750 cessabant.
869 1683 943 1749 Rex
965 1688 1078 1750 autem
1100 1683 1273 1762 Hernicus,
1304 1685 1466 1771 archiepi-

264 1800 314 1860 ιη’,
341 1811 355 1842 0
412 1807 509 1872 scopo
540 1785 771 1851 cantuariensi
800 1785 943 1871 gratiose
966 1784 1109 1864 dimisso,
1137 1785 1310 1852 festinavit
1340 1785 1467 1852 Retho-

269 1864 304 1963 θ,
348 1879 354 1894 ’
412 1908 555 1974 magum,
578 1892 614 1952 et
644 1887 904 1972 archiepiscopus
931 1887 968 1951 in
991 1887 1148 1973 Angliam
1170 1888 1352 1975 navigavit.
1400 1886 1467 1953 Sed

412 2010 487 2055 cnm
517 1988 681 2075 principes
717 1986 982 2074 oppugnantium
1009 1988 1181 2055 civitatem
1210 1991 1297 2075 regis
1327 1988 1466 2055 Hemici

411 2111 604 2177 prosperum
625 2089 797 2156 novissent
818 2089 1009 2167 adventum,
1035 2090 1079 2155 ab
1104 2089 1354 2178 impugnatione
1384 2089 1466 2156 civi·

412 2192 493 2257 tatis
523 2190 686 2277 paulatim
709 2211 833 2256 cessare
855 2191 1054 2276 coeperunt.¹
1079 2190 1226 2257 Tandem
1249 2191 1399 2278 deposita
1418 2191 1467 2256 fe·

412 2293 550 2358 recitate
572 2292 749 2379 proposita,
770 2292 880 2357 missis
902 2292 945 2358 ad
960 2313 1070 2379 regem
1086 2291 1217 2379 Angliae
1231 2292 1467 2380 spectabilibus

412 2394 540 2481 legatis,
569 2393 741 2461 recedendi
777 2393 945 2460 licentiam
983 2394 1254 2481 impetraverunt,
1284 2394 1466 2462 constituto

244 2507 376 2554 memrot
414 2501 526 2562 tamen
547 2496 618 2562 loco
640 2501 675 2562 et
696 2500 843 2581 tempore
866 2494 1020 2580 colloquii
1042 2494 1083 2561 de
1105 2516 1185 2581 pace
1206 2494 1357 2563 facienda
1378 2497 1467 2562 inter
1477 2512 1572 2591 penca

244 2559 399 2662 dixirim*
412 2620 523 2684 regem
538 2603 573 2664 et
586 2597 672 2664 filios
693 2618 778 2662 suos.
823 2596 971 2662 Recessit
992 2596 1096 2683 igitur
1109 2619 1171 2663 rex
1191 2597 1340 2665 Franoiae
1360 2595 1494 2664 Irodo-L
1507 2581 1549 2632 ⁷⁵·

413 2700 507 2766 vicus
530 2721 604 2766 cum
628 2699 776 2765 exercitu
798 2719 867 2776 suo,
896 2698 1016 2764 comite
1039 2697 1205 2765 blandriae
1234 2721 1310 2765 cum
1332 2699 1467 2765 milibus

413 2803 491 2881 suis,
520 2824 562 2868 ne
592 2801 680 2867 forte
709 2800 799 2867 cives
825 2796 1059 2885 erumperent,8
1080 2806 1156 2887 post
1186 2794 1287 2888 'terga
1323 2801 1466 2868 dimisso.

412 2904 500 2970 Acta
522 2909 601 2969 sunt
623 2903 694 2968 haec
716 2901 883 2968 mediante
900 2902 973 2988 jam
995 2922 1106 2968 mense
1128 2902 1289 2991 Augusto,
1304 2904 1390 2970 eirca
1404 2904 1467 2969 As·

243 3002 1468 3193 “⁰¹¹:tltilhhtttallthnltltdzhtllst

167 3203 174 3209 ’
413 3210 567 3286 timanas,
597 3207 775 3294 apostolico
805 3206 961 3272 detentus
983 3207 1164 3288 mandato;
1195 3208 1284 3294 quod
1314 3210 1378 3274 sibi
1407 3232 1467 3296 per

244 3319 378 3366 rhoathe·
414 3309 543 3376 litteras
573 3308 700 3375 clausas
729 3329 832 3392 usque
862 3306 942 3371 dum
971 3308 1160 3393 perveniret
1180 3308 1386 3376 Londoniam
1415 3312 1574 3377 oce-Bene&

245 3370 395 3416 dralchureh
1478 3379 1495 3431 ἱ,
1508 3381 1548 3431 70,

244 3422 386 3516 ffipgt
415 3408 543 3477 latum³
565 3410 638 3477 est.⁴
681 3409 772 3474 Dum
794 3408 908 3495 itaque
929 3409 976 3474 ibi
1000 3415 1184 3476 moraretur
1197 3411 1385 3490 invitusset
1406 3434 1467 3478 rex

386 3502 394 3524 ,

245 3522 290 3576 seo
317 3527 336 3566 ⁶·
415 3514 546 3601 Angliae
589 3512 754 3578 Henricus
790 3512 833 3578 ad
872 3510 1105 3577 debellandum
1142 3513 1322 3579 Ricardum
1358 3514 1467 3580 filium

413 3637 512 3681 suum
542 3615 724 3681 exercitum
754 3616 955 3699 praepararet
981 3613 1018 3678 in
1040 3612 1225 3691 Pictaviam
1248 3614 1466 3702 dirigendum,

414 3718 549 3786 ecclesia
566 3718 692 3785 Christi
708 3714 898 3783 Oantuariae
913 3720 984 3781 tam
1006 3715 1150 3781 mirabili
1172 3738 1272 3801 quam
1287 3718 1467 3784 miserabili

413 3821 565 3887 incendio
591 3819 643 3884 sui
672 3822 766 3904 parte
788 3816 910 3903 potiori
933 3838 1009 3882 cum
1031 3816 1229 3901 quibusdam
1251 3817 1388 3885 officinis
1410 3839 1467 3886 cu-

414 3924 472 3989 riae
494 3922 591 3988 nonis
615 3920 818 4007 Septembris
840 3919 1013 3985 combusta
1042 3923 1099 3984 est.

459 4025 620 4091 Ricardus
642 4028 756 4088 autem
779 4021 937 4088 Pictaviae
967 4041 1075 4087 comes
1096 4020 1258 4107 impetum
1287 4020 1392 4108 patris
1414 4023 1466 4088 sui

413 4127 498 4194 ferre
529 4147 598 4192 non
634 4124 757 4202 valens,
795 4123 1041 4190 lacrimabiliter
1078 4144 1196 4188 manus
1233 4123 1333 4191 dedit.
1391 4124 1466 4206 Quo

246 4239 389 4335 Spppiuion
413 4230 509 4307 facto,
532 4250 593 4294 rex
614 4226 779 4293 Henricus
801 4225 845 4290 ad
871 4224 1070 4310 colloquium
1100 4225 1320 4292 constitutum
1349 4248 1465 4314 prope-

245 4291 382 4437 {pnpesm
390 4302 510 4408 ⁸ravit‚
533 4333 568 4393 et
589 4328 627 4392 in
648 4326 792 4393 crastino
813 4330 890 4411 post
910 4324 1032 4390 festum
1056 4324 1172 4391 Sancti
1187 4326 1358 4393 Michaelis
1380 4327 1467 4394 filios

274 4404 309 4445 μ’
343 4422 349 4435 ’
414 4453 490 4496 suos
523 4429 560 4494 in
590 4428 732 4515 gratiam
761 4426 894 4513 recepit.
940 4424 1060 4512 Sicque
1093 4448 1173 4512 pace
1203 4428 1290 4514 regis
1319 4429 1467 4515 undique

414 4533 546 4599 firmata
568 4531 659 4596 Deus
682 4529 719 4595 in
740 4534 888 4615 martyre
909 4548 969 4593 suo
992 4527 1119 4595 Thoma
1139 4529 1342 4616 glorificatus
1364 4537 1423 4598 est.

449 4766 458 4800 ¹
470 4764 604 4832 disposuit]
619 4763 738 4828 disponit,
751 4763 782 4814 C.
999 4760 1139 4828 ’alatum
1154 4763 1284 4827 matum,
1293 4765 1327 4816 A.
1339 4763 1369 4815 Β.
1382 4764 1413 4817 0.

449 4843 635 4909 ²erumpereat]
655 4841 830 4906 irrumperent,
841 4840 875 4891 A,
887 4839 917 4893 0.
998 4839 1072 4911 ⁴0³1]
1087 4856 1137 4894 om.
1149 4842 1178 4896 O.
