3662 5728
416 902 483 967 214
617 914 780 965 oaavasu
803 912 964 967 nossem
987 911 1262 962 caurummssrs

266 1128 390 1174 sarrae.
416 1111 619 1181 nemesium
641 1111 721 1185 regis
744 1126 916 1182 responsam
939 1099 1167 1187 archiepiscopo
1197 1100 1382 1181 referebant,
1413 1123 1475 1170 nec
1486 1122 1634 1175 narasse

247 1190 338 1287 {3⁰11}ssss
346 1244 388 1289 ιω
417 1205 480 1272 hoc
516 1225 577 1271 nec
606 1202 691 1267 illud
721 1209 845 1265 suadere
871 1200 1027 1266 volebant.
1062 1202 1322 1289 archiepiscopus
1351 1210 1472 1284 autem,
1484 1190 1520 1240 iv.
1532 1195 1573 1240 2⁹·

248 1296 364 1391 {W
418 1314 458 1375 ut
480 1314 527 1372 vir
547 1304 706 1394 providus
729 1307 764 1368 et
785 1303 946 1369 discretus
968 1307 1003 1368 et
1032 1303 1153 1368 astutis
1182 1305 1332 1383 astutior,
1362 1305 1398 1371 id
1424 1307 1475 1394 ip-

418 1431 493 1477 sum
507 1407 705 1494 intelligens,
720 1404 867 1472 oblatam
882 1431 983 1485 pacem
999 1405 1143 1491 recipere
1166 1406 1283 1486 noluit,
1298 1418 1357 1474 nisi
1372 1409 1473 1476 etiam

418 1519 499 1593 pacis
525 1518 661 1574 osculum
690 1507 885 1580 traderetur.
932 1504 1017 1571 sum
1054 1506 1159 1593 igitur
1196 1508 1267 1574 dies
1300 1509 1371 1597 jam
1401 1533 1474 1598 per.

419 1614 520 1679 ducta
542 1615 629 1676 asset
650 1610 687 1675 in
708 1630 888 1698 vesperam,
912 1613 947 1674 et
968 1631 1084 1696 regum
1106 1618 1237 1692 hospitia
1251 1620 1386 1677 Mantua
1400 1639 1475 1694 pre·

417 1729 522 1799 parata
544 1714 693 1791 fuissent,
720 1734 800 1801 pace
825 1711 1020 1799 imperfecta
1049 1733 1162 1778 omnes
1191 1708 1378 1780 abinvicem
1408 1715 1474 1780 dis·

418 1821 594 1884 cesserunt.
656 1815 734 1881 Ibat
774 1815 888 1901 itaque
926 1840 978 1879 rex
1006 1821 1126 1895 anglise
1159 1837 1218 1901 per
1246 1824 1329 1881 viam
1370 1839 1473 1897 suam,

418 1919 689 2006 archiepiscopum
714 1918 917 1993 maledicens,
940 1908 978 1982 eo
1001 1917 1089 2004 quod
1111 1923 1246 2004 propter
1267 1941 1343 1984 eum
1365 1924 1418 1987 tot
1440 1927 1475 1987 et

418 2028 530 2089 tantas
553 2022 731 2087 sustinuerit
761 2029 935 2086 vexationes.
981 2020 1072 2085 Dum
1101 2019 1173 2086 haeo
1206 2022 1256 2087 its
1288 2028 1472 2108 agerentur,

417 2126 680 2213 archiepiscopus
694 2133 727 2189 in
744 2134 857 2205 capella
873 2150 939 2206 quae
957 2131 1135 2204 Martyrium
1151 2130 1371 2213 nuncupatur,
1385 2128 1472 2215 regis

416 2227 602 2314 Anglomm
623 2226 877 2314 praestolabatur
898 2249 1078 2305 responsum.

461 2332 557 2397 Misit
578 2332 682 2419 igitur
703 2352 763 2397 rex
788 2329 938 2397 Franoiae
960 2328 1089 2394 litteras
1112 2334 1147 2395 et
1165 2332 1301 2398 nuntios
1321 2353 1397 2399 cum
1419 2335 1472 2401 his

417 2456 498 2522 quos
528 2434 791 2521 archiepiscopus
827 2432 872 2497 ad
909 2452 1076 2496 summum
1104 2432 1241 2498 miserat
1273 2436 1472 2521 pontificem,
1484 2431 1570 2551 ffib

416 2543 532 2626 petens
559 2545 592 2601 in
616 2544 727 2601 virtute
753 2542 861 2599 amoris
886 2546 917 2597 et
938 2532 1078 2597 obtentu
1108 2542 1250 2615 obsequii,
1282 2562 1320 2601 ne
1350 2545 1506 2617 manusc.
1521 2538 1578 2617 19,Ι

247 2650 355 2704 Nereus·
416 2639 617 2698 frustratorias
635 2642 807 2710 prorogaret
823 2635 987 2691 dilationes.
1022 2634 1080 2690 Sed
1097 2639 1128 2690 et
1144 2635 1320 2703 willelmus,
1333 2656 1525 2712 veneras-w,
1538 2658 1611 2710 eant,

245 2701 390 2800 mi&
416 2734 471 2790 dus
490 2729 700 2788 Senonensium
718 2719 905 2795 celassis
927 2718 1060 2806 propria
1081 2740 1221 2806 persona
1241 2742 1363 2809 papam
1385 2732 1471 2803 petiit
1482 2725 1500 2776 i.
1512 2729 1552 2776 ⁶⁸·

246 2804 327 2851 Μ’
417 2840 453 2892 ut
470 2828 559 2891 tarra
588 2821 674 2909 regis
688 2829 806 2901 Angliae
824 2828 979 2885 interdicto
998 2829 1179 2885 subiceretur
1194 2830 1253 2886 nisi
1270 2849 1327 2903 pax
1343 2831 1471 2888 ecclesia
1499 2830 1507 2837 “

246 2957 367 3012 amn
416 2924 611 2993 redderetur.¹
667 2922 764 3005 Quod
801 2943 912 3008 regem
942 2921 1076 3008 penitus
1114 2922 1217 2989 latere
1253 2945 1321 2989 non
1351 2925 1477 3011 potuit.

222 3034 229 3093 “,
246 3011 398 3107 mamppp
416 3028 479 3095 Ille
508 3048 588 3094 vero
617 3026 684 3093 alia
713 3030 749 3090 et
778 3024 926 3090 enormia
954 3046 1105 3111 quaemus
1131 3025 1335 3103 diverticula,
1365 3046 1469 3092 novas

245 3110 393 3208 griffi.
416 3130 600 3218 pravitates
641 3127 678 3192 in
707 3126 865 3213 Angliam
902 3126 1003 3205 misit,
1042 3127 1204 3193 mandans
1248 3133 1283 3192 et
1320 3127 1468 3193 districte

245 3211 336 3266 ‘'mm’'
416 3231 611 3320 praecipiens
633 3233 674 3295 ut
700 3249 822 3307 omnes,
848 3249 943 3294 senes
968 3250 1044 3295 cum
1063 3228 1259 3315 junioribus,
1283 3250 1337 3295 eas
1360 3235 1469 3295 custo-

416 3335 535 3413 dirent,
565 3337 601 3399 et
628 3337 670 3397 ut
692 3352 805 3397 omnes
828 3328 971 3396 earum2
993 3331 1256 3397 observationem
1296 3331 1469 3418 compelle-

416 3444 533 3503 rentur
551 3436 672 3522 jurare.
722 3431 877 3499 Harum³
899 3434 1119 3500 traditionum
1140 3434 1207 3499 ista
1228 3438 1280 3499 est
1301 3434 1469 3500 forma:—

453 3541 472 3568 “
486 3540 511 3595 1.
531 3538 564 3596 si
589 3537 655 3610 qais
679 3555 697 3592 a
713 3535 874 3592 festivitate
897 3536 999 3593 Sancti
1017 3536 1143 3592 Dionisii
1161 3535 1298 3592 inventus
1322 3537 1413 3593 fuerit
1437 3538 1469 3593 in
1503 3576 1509 3583 -

417 3625 438 3653 “
456 3621 598 3694 Angliam
616 3622 713 3676 ferens
737 3620 853 3676 litteras
877 3619 990 3675 domini
1013 3638 1097 3693 papea
1120 3621 1168 3677 vel
1189 3620 1308 3676 Thomas
1327 3620 1469 3693 archiepi-

417 3709 436 3735 “
457 3705 540 3778 scopi
557 3702 785 3770 cantuariensis,
806 3704 853 3759 vel
871 3702 991 3776 aliquod
1008 3702 1179 3759 mandatum
1201 3720 1237 3758 ex
1254 3709 1337 3775 parta
1356 3721 1467 3771 eorum,

417 3792 437 3820 “
456 3789 510 3846 de⁴
527 3787 697 3852 interdicto,
713 3785 846 3857 capiatur
864 3792 895 3841 et
912 3786 1014 3842 statim
1031 3787 1084 3841 fiat
1101 3784 1138 3841 de
1156 3803 1191 3842 eo
1205 3786 1323 3857 justitia
1340 3788 1417 3843 sicut
1434 3788 1470 3843 da

417 3873 598 3930 “traditore
618 3869 730 3927 domini
754 3870 835 3941 regis
860 3874 891 3925 et
915 3871 1001 3941 regni
1026 3871 1081 3925 sui.
1117 3870 1331 3927 Verumtamen
1348 3871 1395 3926 illi
1418 3872 1469 3944 qui

416 3963 437 3989 “
457 3958 536 4031 capti
553 3962 625 4014 sunt
643 3972 710 4011 oum
731 3955 870 4012 mandato
887 3955 936 4012 rel
954 3955 1065 4011 litteris
1085 3955 1253 4028 hujusmodi
1273 3961 1342 4012 ante
1359 3956 1468 4013 festum

417 4045 436 4071 “
457 4042 558 4100 Sancti
576 4038 710 4105 Martini,
723 4038 927 4095 custodiantur
944 4057 1036 4112 usque
1053 4038 1091 4095 sd
1107 4039 1233 4096 eundem
1250 4040 1420 4108 terminum,
1437 4046 1469 4098 et

416 4129 437 4155 ‘⁴
455 4130 557 4199 postea
573 4125 625 4179 fiat
642 4123 679 4178 de
697 4122 740 4178 eis
755 4122 875 4194 justitia
892 4122 969 4178 sicut
985 4128 1165 4196 praeceptum
1183 4129 1237 4179 est.

451 4211 471 4237 ⁴⁴
484 4210 528 4265 II.
549 4207 582 4264 Si
594 4205 723 4281 episcopi
743 4207 791 4263 vel
812 4206 941 4272 abbates,
965 4208 1172 4281 cujuscumque
1197 4206 1308 4263 ordinis
1326 4207 1395 4275 sint,
1420 4210 1468 4265 vel

415 4294 632 4366 “quicumque
653 4289 753 4346 clerici
773 4290 821 4347 vel
841 4290 911 4347 laici
931 4292 1106 4347 sententiam
1126 4290 1276 4347 interdicti
1297 4292 1468 4357 tenuerint,⁶

415 4380 435 4406 “
455 4377 556 4433 statim
573 4374 719 4431 eiciantur
735 4391 754 4430 a
768 4378 848 4430 terra
864 4381 895 4431 et
911 4379 976 4431 tota
991 4376 1127 4446 cognatio
1143 4391 1255 4440 aarum,
1268 4381 1298 4430 et
1313 4375 1367 4430 tali
1382 4375 1468 4431 modo

415 4462 436 4491 “
455 4466 491 4516 ut
506 4460 552 4515 nil
568 4459 665 4514 ferant
682 4457 719 4513 de
734 4458 848 4514 catallis
864 4459 924 4514 suis
942 4474 1051 4523 secum,
1063 4458 1115 4516 sed
1130 4457 1229 4515 omnia
1244 4458 1352 4514 catalla
1365 4475 1467 4514 eornm
1555 4507 1563 4523 ,

414 4546 436 4575 “
454 4549 486 4600 ot
504 4561 604 4600 omnes
622 4540 818 4614 possessiones
836 4559 897 4599 sus
916 4543 948 4598 in
966 4560 1057 4599 mann
1075 4543 1187 4598 domini
1204 4541 1284 4614 regis
1301 4540 1467 4599 saisiantur.

445 4811 455 4845 ¹
468 4811 508 4864 Cf.
520 4783 616 4863 Beued.
628 4814 684 4863 Pet.
695 4812 711 4863 i.
724 4818 748 4863 8.
995 4810 1060 4880 ⁴⁴10]
1075 4830 1125 4864 om.
1137 4816 1168 4864 B.

444 4891 566 4957 haram]
581 4906 677 4952 aarum,
689 4892 719 4946 C,
995 4891 1006 4924 ⁶
1018 4893 1151 4960 maana]
1166 4901 1313 4954 tenuerunt,
1325 4893 1355 4945 C.

444 4970 456 5003 ³
469 4969 582 5037 Herm]
597 4970 747 5034 antemius.
757 4969 788 5023 C.
