3628 5728
436 911 501 975 482
644 921 806 974 ussvssn
829 922 989 972 rosacei
1012 921 1287 972 emrusnruusrs

281 1127 364 1223 iiiam
349 1130 412 1224 rpp
436 1113 572 1200 legatus
603 1119 637 1178 ct
671 1114 713 1178 ab
752 1113 911 1198 episcopis
948 1110 1079 1197 Anglire
1116 1110 1216 1175 simul
1253 1115 1288 1175 et
1324 1114 1489 1174 conventu

268 1245 329 1291 vsu
337 1247 410 1291 ouh
437 1216 669 1282 Cantauriensi
691 1216 871 1281 solenniter
897 1220 1066 1301 susceptus
1089 1219 1147 1279 est.
1194 1213 1236 1277 In
1266 1212 1357 1278 curia
1378 1233 1491 1278 mona·

268 1296 349 1349 Μ
437 1318 582 1396 chorum,
605 1319 691 1384 sicut
721 1319 795 1384 et
786 1340 855 1404 ipse
885 1317 1155 1403 archiepiscopus,
1178 1315 1221 1380 ad
1251 1335 1410 1401 expensas
1440 1335 1491 1379 ar-

438 1422 634 1509 chiepiscopi
664 1421 851 1508 hospitatus
882 1426 941 1498 est,
972 1419 1134 1485 ministris
1163 1416 1494 1503 archiepiscopalibus

438 1524 584 1609 undique
606 1530 727 1610 septus,
750 1545 792 1588 ne
815 1528 935 1609 praeter
957 1544 1070 1587 eorum
1091 1521 1258 1587 licentiam
1274 1521 1428 1605 cuiquam
1451 1519 1494 1584 ad

271 1638 316 1682 His
298 1637 414 1731 merigge
439 1650 513 1694 eum
551 1632 681 1715 pateret
718 1627 890 1713 ingressus
961 1623 1149 1691 conventui
1194 1629 1307 1689 tamen
1349 1644 1494 1687 seorsum

270 1741 343 1834 {pem
306 1699 409 1832 ripn}
439 1730 533 1815 quasi
556 1729 672 1794 fiirtim
696 1733 812 1794 vocato
835 1727 975 1803 dicebat,
995 1749 1030 1791 se
1057 1748 1099 1791 ex
1123 1749 1177 1792 ore
1200 1726 1286 1813 regis
1316 1724 1379 1788 sub
1401 1723 1496 1788 testi·

439 1833 549 1898 monio
572 1832 798 1918 episcoporum
828 1830 968 1908 audisse,
992 1830 1080 1915 quod
1111 1852 1149 1895 eo
1172 1829 1238 1895 fine
1268 1849 1310 1892 ex
1337 1848 1495 1893 consensu

438 1934 673 2021 archiepiscopi
696 1938 731 1998 et
752 1932 986 1998 monachorum
1008 1953 1107 1998 causa
1128 1931 1246 1998 firisset
1267 1935 1496 2011 determinata,

440 2044 479 2102 ut
501 2038 608 2124 priore
624 2035 773 2121 deposito
796 2035 922 2121 capella
941 2038 1126 2099 remaneret
1140 2035 1263 2121 absque
1286 2036 1497 2103 conventuali

439 2138 583 2225 collegio,
606 2137 734 2203 duobus
756 2137 811 2201 vel
841 2136 950 2201 tribus
980 2136 1204 2202 sacerdotibus
1234 2138 1271 2202 in
1293 2140 1407 2204 eadem
1436 2158 1497 2225 pro

438 2242 549 2306 anima
581 2240 668 2326 regis
699 2237 837 2304 Henrici
871 2239 988 2304 divina
1019 2239 1269 2307 celebrantibus
1325 2241 1388 2309 Oui
1421 2262 1495 2306 curn

439 2342 650 2428 responderet
681 2346 863 2407 conventus
887 2345 922 2405 et
953 2340 1086 2418 diceret,
1109 2362 1144 2405 se
1176 2363 1349 2427 nunquam
1380 2342 1496 2430 hujus·

439 2446 529 2510 modi
561 2448 695 2531 pactum
728 2443 869 2520 audisse,
891 2463 953 2508 nee
975 2464 1072 2507 suum
1106 2442 1284 2529 aliquando
1318 2446 1497 2531 prebuisse

439 2569 616 2624 assensum,
654 2547 743 2612 idem
780 2546 909 2632 legatus
945 2551 1022 2631 post
1057 2544 1170 2630 aliqua
1207 2546 1355 2613 dicebat:
1393 2557 1410 2583 “
1419 2547 1498 2614 Non

440 2649 686 2717 “aestimabam
712 2671 774 2727 me,
797 2648 955 2726 fratres,
945 2669 982 2712 m
1004 2648 1155 2734 partibus
1184 2648 1258 2714 istis
1288 2651 1456 2717 tantam
1446 2672 1497 2715 ιιι-

273 2762 310 2806 Η
318 2761 366 2805 hal
373 2761 458 2804 noct
481 2754 593 2819 venire
616 2749 827 2837 nequitiam”
873 2749 919 2815 Et
947 2750 1089 2836 adjecit:
1113 2749 1278 2817 “Dolores
1307 2757 1433 2818 vestros
1464 2759 1498 2819 et

272 2810 463 2922 diffiido&
451 2853 652 2941 ‘angustias
682 2851 872 2918 audivimus
895 2855 930 2915 et
959 2850 1061 2917 oculis
1091 2852 1328 2938 perspeximus,
1350 2855 1408 2919 sed
1437 2875 1498 2921 nec

271 2914 316 2957 οἵ
317 2913 387 2956 uon.
442 2966 458 2992 “
481 2956 576 3022 nobis
596 2976 656 3021 nec
671 2954 765 3020 vobis
780 2953 823 3018 ad
838 2973 981 3070 presens
996 2973 1182 3019 succurrere
1197 2954 1355 3021 valemus.
1400 2955 1498 3036 Nam,

442 3062 657 3144 “postquam
696 3055 848 3122 venimus
885 3055 922 3119 in
960 3055 1045 3120 hanc
1087 3059 1219 3134 terram,
1253 3057 1303 3124 ita
1342 3059 1498 3124 custoditi

442 3168 459 3195 “
481 3181 595 3224 sumus
627 3157 715 3243 quod
745 3177 807 3222 nec
829 3155 923 3222 vobis
957 3177 1017 3222 nec
1040 3156 1136 3223 alteri
1170 3157 1273 3224 libere
1296 3159 1387 3245 loqui
1410 3160 1498 3227 vale-

442 3271 460 3298 “
482 3284 564 3339 mus,
595 3261 667 3325 sed
683 3281 743 3326 nec
772 3263 920 3325 nostram
950 3258 1062 3346 egredi
1092 3280 1264 3340 cameram,
1294 3267 1334 3328 ut
1363 3284 1403 3329 ea
1425 3285 1500 3349 quae

444 3374 460 3401 “
483 3370 604 3430 natura
633 3360 774 3448 requirit
795 3361 898 3428 libere
927 3362 1090 3448 possimus
1119 3363 1302 3450 expedire”
1346 3365 1500 3432 Monachi

273 3481 371 3577 ussup
346 3480 387 3525 uk
444 3468 622 3533 dixenrnt:
661 3463 857 3550 “Quicquid
895 3464 936 3529 de
966 3464 1041 3529 eliis
1063 3465 1211 3531 articulis
1242 3487 1348 3533 causas
1378 3475 1500 3535 nostrie

274 3585 396 3679 ppodnh
445 3569 580 3635 “nobis
617 3567 796 3653 contingat,
833 3566 875 3632 de
913 3566 1205 3634 excommunicatis
1242 3568 1367 3633 domini
1404 3591 1499 3657 papae

393 3671 566 3758 ι(ι·(ιιιιὶι1
595 3670 761 3747 faciemus,
785 3668 904 3753 quibus
936 3668 1035 3734 inviti
1065 3670 1304 3737 communicare
1334 3673 1500 3759 compelli-

344 3767 350 3778 ’
445 3773 603 3839 “murt’'
648 3772 854 3858 Praeceperat
868 3771 957 3835 enim
972 3769 1234 3858 archiepiscopus
1249 3779 1289 3838 ut
1311 3774 1500 3854 servientes,

444 3879 501 3964 qui
532 3898 600 3964 prae
631 3873 758 3941 caeteris
788 3872 1056 3940 malefactoribus
1087 3874 1230 3960 dampna
1259 3878 1438 3943 conventui
1465 3883 1500 3943 et

443 3979 658 4047 contumelias
688 3976 944 4042 innumerabiles
966 3975 1122 4054 fecerant,
1145 3977 1181 4042 in
1209 3978 1401 4045 ministeriis
1431 3982 1500 4046 suis

444 4083 577 4171 pacifice
621 4080 876 4167 susciperentur,
914 4078 994 4145 licet
1028 4079 1152 4165 ubique
1185 4086 1303 4146 notum
1341 4090 1427 4149 esset
1463 4085 1500 4149 in

443 4184 572 4271 populo,
604 4183 693 4269 quod
723 4181 855 4269 publice
886 4185 997 4246 essent
1028 4182 1310 4249 excommunicati.
1357 4184 1500 4252 Militem

444 4289 544 4352 etiam
568 4285 744 4372 quendam,
767 4284 825 4369 qui
848 4282 952 4349 fracto
976 4304 1072 4348 muru
1094 4283 1220 4350 curiam
1243 4285 1419 4364 invaserat,
1442 4304 1501 4374 per

443 4411 578 4456 manum
609 4386 762 4454 monachi
792 4385 928 4474 fugitivi
966 4386 1096 4452 Acelini
1127 4387 1262 4465 scilicet,
1295 4389 1353 4474 qui
1385 4390 1501 4457 relicto

443 4495 609 4560 conventu
647 4488 926 4575 archiepiscopum
968 4488 1176 4574 sequebatm,
1214 4490 1325 4556 omnia
1362 4492 1501 4578 capituli

443 4595 615 4662 denudans
652 4592 803 4671 archana,
834 4591 926 4657 misit
956 4591 993 4656 in
1023 4597 1235 4671 conventum,
1273 4592 1436 4659 mandans
1466 4601 1501 4661 et

444 4697 639 4786 praecipiens
672 4700 712 4761 ut
741 4694 829 4758 idem
868 4694 1172 4760 excommunicatus
1208 4695 1252 4762 ab
1282 4695 1435 4761 omnibus
1463 4702 1499 4762 et

445 4800 583 4886 singulis
620 4797 840 4884 susciperetur
876 4797 912 4862 in
950 4795 1060 4863 osculo
1098 4797 1196 4884 pacis.
1251 4797 1351 4864 Dixit
1387 4805 1500 4865 autem
