3572 5744
747 928 860 979 orum
882 929 1073 989 uncorum.
1387 912 1428 981 75

381 1121 400 1148 “
421 1119 499 1192 tare,
535 1121 569 1180 et
600 1116 768 1182 abbatiam
800 1116 915 1182 Sancti
938 1116 1127 1202 Augustini,
1158 1138 1232 1201 quae
1262 1137 1366 1202 usque
1388 1116 1592 1220 adffffioffl

383 1217 525 1303 “ipsius
555 1223 704 1304 tempora
737 1219 884 1305 maligna
915 1216 1163 1284 cantuariensis
1196 1219 1338 1285 ecclcsiae
1361 1224 1513 1283 eratnever

1445 1278 1577 1337 thoughtot
1608 1280 1614 1289 '
1681 1310 1686 1333 ,

383 1327 400 1351 “
422 1340 477 1385 cor
499 1342 602 1385 unum
636 1326 671 1386 et
703 1322 815 1387 anima
848 1343 923 1399 una,
946 1323 1047 1408 coepit
1080 1343 1166 1388 novo
1197 1321 1329 1387 nominc
1352 1321 1563 1420 bap-obeam

384 1432 402 1457 “
423 1425 540 1504 tizare‚·
556 1430 591 1491 et
612 1427 795 1493 Romanam
829 1427 988 1514 capellam
1020 1428 1198 1492 nominare.
1246 1427 1358 1513 Usque
1389 1427 1432 1491 ad
1445 1390 1586 1529 ἓξὲξ

385 1526 523 1614 “hujus
556 1529 705 1614 praedicti
729 1529 889 1594 Willclmi
922 1536 1072 1615 tempora
1104 1530 1353 1595 Cantuariensis
1383 1542 1565 1633 ecgffghm

384 1638 402 1663 “
424 1630 522 1696 clesia
544 1637 658 1697 contra
680 1632 848 1698 abbatiam
873 1631 964 1697 illam
989 1631 1147 1696 Romanis
1170 1631 1351 1718 privilegiis
1366 1652 1433 1715 non

385 1739 402 1764 “
423 1733 489 1796 fuit
520 1734 656 1798 munita.
720 1733 802 1814 Quis
833 1734 921 1798 enim
956 1734 997 1798 de
1029 1755 1110 1819 capa
1141 1755 1202 1798 sua
1234 1733 1288 1798 vel
1322 1732 1432 1819 pallio,

384 1842 401 1867 ‘⁴
425 1834 538 1900 tunica
551 1835 604 1900 vel
620 1836 733 1921 caliga,
749 1836 897 1901 Romana
920 1836 1040 1921 quaerit
1062 1835 1262 1922 privilegia?
1285 1835 1433 1900 Primatu

383 1945 400 1969 “
423 1937 553 2023 Anglize
567 1943 723 2003 contenta
737 1939 878 2024 indeque
894 1938 1075 2025 privilegiis
1090 1939 1223 2016 vallata,
1239 1938 1279 2003 de
1295 1938 1433 2025 singulis

385 2048 402 2073 “
424 2040 492 2105 suis
507 2039 726 2127 dignitatibus
748 2041 934 2128 specificare
957 2035 1098 2117 nolebat,
1120 2062 1227 2126 neque
1250 2040 1338 2107 enim
1355 2048 1434 2106 tunc

384 2152 400 2177 ⁴·
424 2142 580 2229 temporis
597 2165 679 2229 opus
703 2149 780 2209 erat.
827 2144 938 2229 Hujus
958 2149 1070 2208 autem
1090 2143 1183 2208 castri
1199 2142 1353 2209 diabolici
1375 2143 1434 2208 sti·
1446 2154 1602 2216 Nawshoob

384 2253 401 2277 “
423 2245 521 2310 mulis
543 2245 670 2331 agitata
692 2251 726 2311 et
748 2244 886 2311 failaeiis
909 2245 1037 2325 edocta,
1055 2246 1216 2310 fraternas
1238 2245 1331 2321 acies,
1347 2207 1595 2352 bellabibblighgm

384 2356 400 2380 “
423 2346 542 2423 civilia,
565 2346 796 2413 intestinorum
818 2347 1071 2434 repugnantiam
1086 2352 1230 2435 experta,
1246 2345 1433 2434 praecavens
1447 2319 1540 2409 iiiii-⁰⁴

383 2449 459 2513 “in
474 2449 634 2526 futunrm,
656 2449 843 2536 apostolicis
866 2454 900 2514 et
922 2449 1021 2533 regiis
1036 2472 1070 2514 sc
1085 2449 1231 2514 munivit
1253 2449 1434 2536 privilegiis

382 2560 400 2585 “
423 2551 617 2629 Innocentii,
641 2552 744 2629 Lucii,
770 2552 920 2638 Eugenii,
955 2551 1103 2628 Adriani,
1138 2551 1435 2628 Alexandri,'licet

385 2663 401 2687 ‘¹
424 2653 478 2719 hic
514 2654 704 2719 Alexander
741 2654 920 2740 Rogerium
957 2653 1111 2718 abbatem
1150 2653 1359 2735 benedixerit
1396 2655 1433 2718 in

384 2764 401 2790 ⁴‘
424 2756 536 2821 odium
559 2763 595 2822 et
616 2757 849 2823 contumeliam
874 2756 1007 2822 Ricardi
1029 2755 1265 2844 archiepiscopi
1281 2761 1315 2821 et
1330 2755 1435 2822 Cant-

385 2868 402 2892 “
424 2859 584 2925 uariensis
607 2859 758 2926 ecclesiae.

430 2962 604 3027 “Mortuo
635 2984 723 3049 papa
752 2962 854 3030 Lucio
892 2963 949 3047 qui
980 2967 1056 3048 post
1079 2962 1307 3028 Innocentium
1338 2962 1433 3039 sedit,
1447 2981 1589 3037 Amhuuhoo

1408 3064 1415 3078 .
1446 3033 1562 3077 humbald

386 3072 402 3099 ‘¹
426 3065 593 3152 Eugenius
630 3065 792 3143 successit,
824 3072 859 3131 ct
888 3065 924 3129 in
954 3064 1125 3130 Franciam
1157 3066 1293 3130 veniens
1327 3086 1433 3130 concr—
1446 3085 1591 3179 ggggcpgpe

386 3167 506 3232 “lium
529 3167 642 3234 Remis
665 3168 852 3235 celebravit.
907 3168 962 3232 Ad
992 3167 1080 3253 quod
1103 3168 1181 3254 quia
1203 3167 1433 3233 Theodbaldus
1448 3184 1543 3277 siglam

384 3270 686 3359 “archiepiscopus
724 3271 847 3356 absque
886 3266 971 3357 regis
1016 3270 1158 3347 licentia,
1197 3292 1296 3355 quam
1330 3270 1433 3356 impe-
1446 3239 1555 3355 mgna
1655 3322 1658 3328 .

385 3382 402 3407 “
424 3377 512 3439 tram
541 3394 609 3439 non
638 3374 756 3460 potuit,
787 3373 948 3438 ministris
977 3373 1063 3459 regis
1085 3395 1127 3438 ne
1157 3374 1314 3438 transiret
1345 3394 1434 3438 mare
1447 3336 1588 3432 ididm'·

384 3485 402 3510 ‘¹
425 3475 685 3555 observantibus,
718 3476 928 3562 naufragium
966 3497 1143 3562 perpessus,
1176 3476 1224 3540 ire
1253 3497 1434 3563 praesump·

386 3587 402 3612 “
426 3578 478 3657 sit,
505 3600 526 3645 a
556 3579 689 3644 domino
719 3600 806 3665 papa
835 3583 930 3644 tanto
960 3578 1081 3665 gaudio
1104 3584 1273 3665 susceptus
1304 3585 1362 3655 cst,
1395 3584 1434 3642 ut

386 3674 548 3748 “diceret
575 3703 652 3747 eum
678 3681 721 3747 ob
745 3682 962 3746 reverentiam
987 3681 1076 3746 Petri
1103 3687 1137 3746 et
1163 3703 1257 3746 suam
1287 3682 1433 3747 natando

386 3784 531 3871 “magis
565 3806 665 3871 quam
702 3783 891 3871 navigando
925 3783 1062 3849 venisse.
1118 3784 1254 3850 Peracto
1287 3783 1432 3862 concilio,
1447 3803 1540 3847 newa·

386 3895 404 3921 ‘⁴
427 3909 501 3952 cum
541 3886 756 3953 cantuariam
793 3887 946 3964 veniaset,
979 3886 1075 3972 jussu
1113 3887 1197 3973 regis
1231 3886 1273 3951 ab
1310 3853 1588 3974 Angliaiibiiiii,by

386 3998 403 4024 “
425 3989 581 4077 expulsus
609 3996 666 4068 cst,
692 3990 839 4056 redditus
870 3990 923 4055 sui
945 3989 1121 4056 confiscati
1144 3994 1179 4053 ct
1208 3989 1357 4056 hominos
1380 3990 1433 4054 sui
1446 3955 1594 4100 ibicibus}

386 4093 523 4158 “rebus
560 4093 700 4180 propriis
738 4092 869 4180 spoliati
906 4097 986 4158 sunt
998 4115 1006 4172 ;
1048 4093 1135 4157 unde
1173 4090 1434 4179 archiepiscopus
1446 4055 1598 4201 ἓξὲξ

387 4204 403 4229 “
427 4196 538 4272 iratus,
566 4195 636 4262 zelo
652 4196 770 4261 ductus
797 4195 1077 4281 justitiarum
1109 4201 1229 4260 terram
1256 4195 1342 4281 regis
1363 4216 1433 4259 sus-
1563 4186 1568 4202 ⁸

388 4306 403 4331 “
426 4296 551 4383 pendit,
581 4318 640 4367 nec
669 4319 691 4363 a
717 4297 882 4363 sententia
913 4296 1043 4362 destitit
1076 4296 1178 4363 donec
1209 4302 1326 4384 pacato
1358 4318 1434 4384 rege

386 4408 404 4435 “
426 4400 469 4465 ad
491 4421 585 4465 suam
607 4400 643 4464 in
675 4408 753 4487 pace
777 4400 899 4465 rediret
921 4399 1096 4465 ecclesiam.
1143 4399 1296 4466 Monachi
1322 4405 1433 4466 autem
1447 4420 1533 4473 niem

388 4512 403 4537 ‘⁴
428 4504 543 4571 Sancti
569 4504 759 4590 Augustini,
785 4508 985 4588 praeceptum
1008 4502 1241 4590 archicpiscopi
1266 4510 1433 4589 contemp·
1446 4472 1578 4566 didisti

388 4615 404 4639 “
427 4612 552 4683 nentes,
584 4605 719 4673 nuncios
751 4605 794 4669 ad
824 4626 944 4691 papam
967 4604 1136 4669 miserunt.
1184 4604 1247 4685 Qui
1265 4627 1285 4670 a
1300 4604 1433 4670 domino
1446 4574 1598 4669 iinihicbffl'

389 4720 404 4743 “
428 4730 513 4795 papa
527 4707 733 4775 contumeliis
748 4706 866 4785 affecti,
876 4707 1010 4772 domum
1026 4707 1131 4773 redire
1146 4715 1180 4775 et
1195 4706 1435 4795 archiepiscopo
1447 4674 1511 4726 Μ

388 4821 404 4847 “
427 4834 486 4877 suo
501 4811 632 4876 obedire
654 4807 813 4895 compulsi
836 4814 923 4876 sunt.
968 4808 1071 4874 Dedit
1093 4815 1203 4875 autem
1219 4810 1255 4874 in
1270 4810 1435 4876 mandatis

387 4924 404 4952 ‘⁸
428 4914 593 5002 Eugenius
625 4935 710 5002 papa
743 4912 993 5001 archiepiscopo,
1017 4919 1056 4977 ut
1086 4913 1236 4981 uionachi
1267 4936 1327 5001 pro
1362 4934 1436 4980 con·
