3666 5724
428 876 494 945 344
627 894 790 946 onavssn
812 893 974 946 nossent
996 893 1270 948 carminarem

196 1144 199 1149 .
257 1081 398 1177 Dssffli
427 1086 444 1113 “
466 1079 535 1154 fiat,
557 1078 679 1145 iterum
701 1078 872 1145 etiterum
886 1078 997 1147 sedem
1022 1078 1238 1166 apostolicam
1263 1079 1478 1166 appellamus,

257 1189 444 1241 uroenmrsr“
466 1186 502 1247 et
523 1181 651 1248 Laetare
673 1181 857 1249 Jerusalem
888 1182 1067 1248 terminum
1100 1182 1303 1269 praefigimus
1334 1181 1479 1269 appella-

256 1244 411 1399 ffllm
428 1292 443 1318 “
467 1284 578 1349 tioni.''
623 1291 641 1321 “
654 1283 758 1362 Non,'’
791 1283 902 1369 inquit
938 1282 1209 1370 archiepiscopus,
1241 1284 1307 1350 “in
1340 1284 1481 1353 dedecus

340 1377 346 1390 ’
428 1395 444 1421 “
467 1386 521 1452 vel
555 1386 791 1452 detrimentum
824 1385 969 1453 ecclesiae
1005 1385 1067 1453 hoo
1104 1386 1200 1463 facio,
1234 1386 1293 1452 sed
1329 1386 1373 1453 ad
1409 1387 1481 1473 ejus

427 1497 443 1524 “
466 1488 697 1555 fortitudinem
719 1492 755 1554 et
776 1487 946 1568 decorem
967 1493 1003 1554 et
1025 1492 1065 1553 ut
1086 1488 1204 1555 melius
1232 1488 1311 1575 jura
1333 1487 1481 1555 Cantus·

429 1600 445 1627 “
468 1591 585 1656 riensis
616 1589 760 1658 ecclesiae
784 1594 1028 1668 conserventur,
1061 1595 1097 1656 et
1130 1589 1283 1658 illibata¹
1308 1612 1480 1678 permane·

430 1702 446 1730 “
469 1693 555 1767 ent'¹
594 1693 640 1759 Iit
661 1713 739 1779 ego:
763 1691 925 1769 “Immo,''
941 1693 1085 1778 inquam,
1101 1698 1169 1759 “ut
1184 1693 1264 1759 ordo
1280 1694 1481 1761 monasticus

128 1866 130 1870 ,
258 1813 406 1912 (Ἀκμὴ
429 1805 447 1833 “
470 1796 604 1884 penitus
625 1796 847 1872 subvertatur,
871 1795 950 1880 quia
971 1794 1082 1861 clerici
1104 1796 1296 1865 monasticae
1329 1797 1482 1884 religioni

257 1869 389 1965 iiiiii*
429 1908 445 1935 “
469 1921 598 1986 sempor
619 1897 736 1963 infesti
751 1901 838 1963 sunt
876 1896 955 1962 Non
977 1896 1067 1963 enim
1089 1897 1174 1964 bene
1195 1899 1401 1967 conveniunt
1422 1921 1483 1965 nee

258 1968 348 2022 b¹³h⁰¹’‘
429 2002 507 2066 “in
532 2023 600 2067 nna
633 2000 710 2065 sede
743 2003 924 2066 morantur.
970 1998 1062 2079 Quot
1093 1999 1184 2077 anni,
1215 2005 1299 2086 quot
1332 2006 1483 2087 tempora

428 2115 445 2141 “
469 2104 605 2170 evolute
630 2107 711 2170 sunt
748 2123 791 2166 ex
828 2122 893 2187 quo
935 2101 1013 2188 jura
1050 2100 1300 2169 Oantuariensis
1336 2103 1481 2169 ecclesia

427 2216 444 2242 “
467 2206 591 2292 absque
628 2203 820 2290 hujusmodi
856 2203 1046 2271 clericorum
1084 2210 1252 2271 conventu
1286 2209 1482 2271 conservata

427 2319 445 2345 ⁴‘
468 2314 570 2375 sunti
616 2308 715 2374 Certe
736 2328 757 2373 a
780 2313 928 2393 tempore
951 2305 1066 2373 beati²
1087 2307 1270 2395 Augustini
1296 2308 1480 2396 Anglornm

428 2408 609 2497 “apostoli
643 2430 748 2495 nsque
781 2410 839 2501 adx
856 2408 928 2476 haeo
960 2409 1074 2475 domni
1106 2416 1257 2497 tempora
1287 2410 1481 2489 Baldewini,

428 2522 445 2548 “
468 2512 548 2578 anni
570 2510 695 2577 scilieet
717 2510 840 2577 secanti
863 2510 1037 2596 sexaginte
1058 2511 1205 2578 novem.¹'
1249 2512 1349 2578 Dixit
1369 2518 1482 2579 autem

259 2632 366 2699 aarum
428 2614 698 2700 archiepiscopus,
714 2613 865 2679 “Nonne
885 2612 963 2680 licet
985 2613 1087 2679 michi
1109 2615 1144 2678 in
1165 2614 1269 2680 fundo
1288 2636 1362 2681 meo
1382 2615 1481 2683 ecole-

257 2688 377 2799 iiiefitito
429 2727 446 2754 “
469 2718 553 2783 siam
575 2715 718 2782 iundare
741 2715 797 2781 vel
821 2716 911 2801 quod
937 2714 1015 2782 volo
1029 2715 1189 2783 facerel’'
1236 2717 1300 2783 Oui
1322 2719 1481 2784 nuntius:

258 2789 384 2899 liiiio
428 2819 547 2884 “Non
569 2819 693 2904 utique,
717 2819 797 2905 quia
818 2817 942 2883 fundus
964 2824 1042 2883 tuus
1064 2817 1188 2883 fundus
1218 2825 1329 2886 noster
1358 2826 1417 2899 est,
1447 2825 1483 2886 et

257 2889 354 2982 liiif'n
427 2933 443 2958 “
467 2929 556 2990 terra
578 2928 638 2988 tua
660 2927 749 2989 terra
770 2927 885 2988 nostra
906 2927 966 2999 est,
988 2922 1047 2987 sed
1069 2928 1105 2988 et
1126 2923 1239 2989 omnia
1262 2946 1337 3009 quae
1358 2924 1481 2993 videris

426 3035 444 3062 “
467 3025 656 3102 hebereos
675 3025 751 3110 jure
773 3028 888 3093 nostra
910 3029 997 3091 sunt.
1044 3024 1132 3093 Nam
1154 3047 1291 3112 eaquae
1313 3027 1424 3103 habes,
1439 3027 1480 3092 de

427 3137 444 3165 ‘⁸
467 3128 604 3195 ecclesia
629 3126 731 3192 habes
757 3126 812 3191 vel
832 3148 932 3192 causa
953 3126 1104 3205 ecclesiae
1132 3149 1206 3212 quae
1236 3149 1297 3195 nec
1325 3128 1389 3193 tibi
1421 3150 1482 3195 neo

256 3227 382 3325 ffigtlffld
428 3242 444 3268 “
467 3229 729 3315 archiepiscopis,
752 3229 809 3293 sed
832 3229 976 3296 ecclesiae
999 3228 1126 3295 Christi
1152 3230 1274 3297 collata
1302 3237 1383 3297 sunt
1411 3252 1481 3296 om-

256 3330 395 3430 fflffigg
428 3340 445 3370 “
467 3333 532 3398 nia.
571 3330 716 3415 Ideoque
731 3329 843 3396 omnia
866 3351 940 3415 quae
962 3330 1007 3397 ad
1028 3351 1089 3396 nos
1110 3336 1262 3418 spectant
1283 3332 1481 3399 intrinsecus

257 3431 373 3476 anemae.
425 3445 443 3473 “
466 3441 500 3501 et
522 3434 733 3511 extrinsecus,
749 3454 905 3520 personas
927 3453 1040 3499 omnes
1056 3439 1091 3497 et
1113 3437 1240 3500 statum
1255 3435 1400 3502 ecclesiae
1418 3436 1480 3501 sub
1541 3493 1553 3514 ,

427 3548 445 3575 “
467 3536 671 3624 protectione
693 3535 820 3601 domini
842 3556 938 3622 papea
960 3535 1123 3621 ponimus,
1145 3542 1182 3601 et
1211 3537 1321 3603 sedem
1351 3543 1480 3624 aposto·

426 3651 442 3678 “
465 3641 561 3707 licem
584 3636 818 3729 appellamus.'’
863 3638 958 3705 'lunc
980 3638 1070 3703 dixit
1091 3639 1362 3727 archiepiscopus,
1383 3642 1481 3729 “Ap-

426 3753 443 3780 “
465 3741 680 3830 pellationem
698 3748 842 3807 vestram
862 3741 1014 3826 suscipis,
1028 3746 1065 3807 et
1085 3742 1199 3828 ego,si
1221 3764 1351 3810 necesse
1371 3743 1481 3825 fuerit,

428 3856 443 3881 “
466 3846 503 3910 in
526 3845 658 3931 propria
674 3866 814 3931 persona
836 3844 900 3921 ibo,
916 3843 971 3908 vel
993 3865 1104 3909 meum
1119 3844 1340 3931 responsalem
1356 3846 1482 3912 mitto.”

256 3936 378 4047 ffigih·
473 3948 703 4014 Discesserunt
723 3946 827 4032 igitur
849 3946 1043 4025 abinvicem,
1065 3951 1101 4012 et
1122 3948 1177 4012 die
1199 3948 1307 4026 tertia,
1329 3948 1485 4017 videlicet

257 4045 404 4148 ffiffiffi„
427 4048 515 4117 xvii⁰
537 4049 696 4115 kalendae
718 4048 881 4126 Jenuarii,
907 4048 989 4114 feria
1015 4049 1124 4127 tertia,
1147 4051 1242 4115 venit
1271 4050 1482 4138 archiepisco·

259 4145 354 4190 ΒΜ
427 4177 490 4242 pus
520 4152 746 4218 Canthariam.
794 4150 881 4231 Quia
910 4173 989 4219 vero
1018 4151 1108 4217 fama
1136 4152 1202 4217 luit
1231 4155 1321 4240 quod
1350 4154 1413 4222 hae
1442 4155 1483 4220 de

427 4279 526 4325 cauea
548 4256 701 4333 venisset,
724 4259 765 4319 ut
787 4253 900 4321 eadem
931 4255 995 4333 die,
1016 4254 1143 4321 seilicet
1167 4256 1268 4322 tertia
1294 4256 1386 4335 feria,
1408 4279 1483 4344 qum

428 4360 472 4425 eb
493 4358 684 4425 memoriam
707 4357 861 4444 martyrii
884 4356 1000 4424 Sancti
1022 4357 1158 4423 'l'homee
1180 4359 1317 4425 celebris
1332 4359 1482 4439 habetur,

427 4484 531 4529 novos
561 4463 598 4527 in
627 4461 796 4529 ecclesiam
827 4459 942 4527 Sancti
973 4461 1136 4547 Stephani
1168 4461 1301 4529 clericos
1333 4463 1483 4530 introdu-

428 4570 524 4644 ceret,
546 4563 708 4650 praemisit
729 4563 820 4650 prior
842 4562 1011 4629 Honorius
1036 4565 1212 4632 monachos
1237 4565 1281 4631 ed
1311 4566 1484 4652 praefatam

461 4833 596 4903 mutua]
610 4835 721 4902 illabata,
732 4836 762 4890 C.
951 4835 958 4904 Ι
1004 4835 1104 4906 meae]
1120 4853 1169 4892 om.
1182 4840 1217 4892 Δ.
1230 4841 1259 4895 0.
