3628 5728
715 883 827 934 ornas
849 883 1038 936 mammos
1336 868 1401 936 463

353 1072 370 1098 ‘⁴
393 1071 567 1130 ‘trinitatis
586 1074 750 1131 Cantnarioe
772 1076 906 1131 salutem.
942 1074 1117 1131 Mandamus
1134 1073 1216 1129 vobis
1234 1073 1311 1146 quod
1335 1073 1400 1129 nul·
1430 1090 1552 1135 Amiso,

353 1157 372 1182 “
394 1157 528 1212 ‘latenas
555 1158 706 1215 confidatis
732 1157 769 1214 de
793 1158 958 1230 apostolica
984 1157 1060 1213 sedis
1084 1157 1191 1229 legato,
1216 1163 1247 1213 et
1272 1157 1350 1231 quod
1368 1157 1399 1212 in
1438 1142 1544 1186 ΟΜΝ·

352 1242 372 1266 “
393 1241 540 1312 ‘regnum
558 1246 688 1297 nostrum
705 1260 760 1309 nec
786 1248 904 1313 propter
930 1239 1080 1312 negotium
1106 1245 1239 1299 nostrum
1265 1258 1319 1297 uec
1336 1259 1399 1296 ves·
1413 1210 1570 1323 medaii&

353 1325 371 1349 ‘⁸
393 1327 493 1379 ‘trum
512 1325 658 1381 ullatenus
684 1326 806 1382 intrabit
833 1326 870 1381 ad
897 1331 1005 1381 terram
1029 1330 1158 1380 nostram
1185 1325 1398 1381 destruendam.
1412 1322 1560 1406 &sponsus

353 1408 370 1455 ‘.‘
393 1406 473 1462 ‘Sed
491 1408 516 1463 si
534 1410 769 1480 compromittere
786 1408 938 1465 volueritis
956 1408 988 1463 in
1006 1408 1155 1481 episcopos
1181 1414 1210 1464 et
1228 1408 1347 1464 abbates
1370 1416 1400 1465 et
1412 1412 1501 1456 monis.

352 1493 371 1518 “
393 1492 492 1548 ‘viros
509 1493 663 1565 religiosos
680 1494 765 1565 regni
782 1494 885 1560 nostri,
902 1512 955 1549 nos
973 1493 1004 1548 id
1022 1492 1237 1564 archiepiscopo
1255 1493 1400 1565 signitica-

353 1577 370 1602 ‘⁶
393 1575 520 1643 ‘bimus
541 1582 571 1633 et
587 1594 640 1633 nos
659 1578 821 1634 necessaria
847 1577 1006 1633 ministrari
1025 1577 1165 1632 sociemus
1183 1576 1232 1630 xii.
1250 1577 1400 1633 monachis

352 1660 373 1685 “
391 1661 399 1685 ⁴
414 1659 450 1715 de
468 1666 613 1717 conventu
630 1667 727 1717 vestro
745 1661 796 1732 qui
815 1668 931 1733 propter
948 1662 1003 1716 hoc
1029 1659 1066 1715 ad
1091 1677 1144 1715 nos
1172 1658 1309 1717 accedent
1332 1679 1399 1716 cnm

351 1743 372 1769 '‘
393 1743 517 1799 ‘litteris
540 1744 793 1809 ratihabitionis3¹
818 1749 848 1799 et
876 1743 1058 1816 significate²
1087 1743 1171 1798 nobis
1200 1744 1225 1798 si
1250 1744 1281 1798 id
1305 1744 1400 1799 facere

351 1827 370 1852 ‘⁴
393 1827 582 1882 ‘volueritis'
618 1827 692 1898 Quia
709 1828 801 1898 igitur
818 1828 856 1883 ed
879 1828 1008 1883 radicem
1033 1827 1143 1882 arboris
1170 1827 1280 1882 securis
1306 1829 1401 1899 posita

351 1911 370 1935 “
391 1917 445 1975 est,
473 1928 528 1966 nec
557 1911 655 1983 aliquo
679 1912 765 1967 modo
793 1910 916 1967 evadere
943 1927 1094 1982 possumus
1119 1910 1190 1982 quin
1217 1911 1248 1965 in
1274 1910 1399 1966 arbitros

352 1995 370 2020 ‘⁶
390 1994 669 2066 compromittamus,
682 2013 719 2050 ne
737 1995 821 2051 nobis
839 1995 932 2066 possit
950 1994 1097 2066 imputari,
1111 1994 1159 2050 vel
1177 2011 1230 2050 nos
1248 1995 1284 2050 ab
1302 1995 1400 2067 aliquo

353 2078 370 2104 “
391 2079 476 2149 argui
495 2079 573 2151 quod
590 2079 686 2135 minue
710 2096 792 2152 raquo
816 2084 848 2134 et
873 2078 948 2134 citra
973 2095 1056 2150 posse
1081 2083 1211 2134 nostrum
1236 2079 1399 2144 fecerimus,

351 2164 370 2189 “
390 2162 445 2217 hoc
462 2163 544 2219 robis
562 2163 767 2236 significamus.
803 2163 865 2219 Vos
882 2163 1017 2218 videritis
1036 2163 1062 2218 si
1089 2163 1190 2218 ordine
1217 2180 1274 2235 qno
1301 2182 1399 2236 proee-

351 2250 371 2274 “
390 2247 519 2304 dandum
545 2249 604 2304 fuit
629 2248 820 2320 processistis,
840 2256 878 2314 et,
901 2248 928 2303 si
951 2265 1020 2313 non,
1039 2248 1171 2320 requirat
1195 2249 1273 2304 Dens
1300 2249 1399 2322 hrq'us-

352 2333 372 2358 “
390 2331 470 2387 modi
495 2332 531 2387 de
556 2334 689 2388 menibus
714 2333 830 2388 vestris.
869 2332 968 2388 Clausi
994 2350 1093 2399 sumus
1120 2339 1151 2387 et
1175 2332 1294 2398 obsessi,
1312 2333 1400 2391 rebus

352 2417 371 2442 “
390 2422 421 2471 et
437 2415 598 2472 redditibus
622 2416 754 2471 omnibus
779 2416 905 2488 spoliati,
925 2414 1043 2488 quidam
1071 2415 1108 2471 de
1126 2417 1266 2473 iratribus
1293 2420 1400 2475 nostris

351 2500 371 2526 “
391 2498 632 2554 excommunicati
650 2497 824 2562 denuntiati,
837 2497 956 2569 quidam
974 2498 1051 2571 capti
1069 2506 1099 2553 ct
1110 2498 1259 2555 inhoneste
1271 2502 1398 2568 uastati,

351 2582 371 2609 “
390 2581 550 2637 servientes
574 2581 668 2636 nostri
686 2581 718 2636 in
735 2580 853 2637 vincula
869 2580 1002 2653 projecti,
1021 2599 1120 2637 omnes
1138 2587 1282 2653 quotquot
1299 2601 1399 2640 sumus

352 2667 371 2692 “
391 2664 433 2718 ita
449 2663 608 2735 angustiati
626 2668 657 2719 et
674 2663 783 2730 afflicti,
804 2663 882 2735 quod
898 2664 960 2718 vita
976 2670 1076 2720 nostra
1092 2682 1148 2719 non
1168 2664 1263 2719 solum
1279 2665 1400 2721 tediosa

352 2747 549 2804 “sedetiam
567 2747 667 2804 odiosa
684 2752 730 2802 est
752 2747 845 2803 nobis.
883 2749 927 2803 De
945 2754 1052 2804 cestero
1079 2748 1170 2803 nichil
1188 2750 1270 2805 vobis
1294 2750 1399 2806 scribe-
1412 2763 1567 2809 lthcistodo

349 2834 371 2860 “
390 2850 465 2897 mus,
484 2832 553 2904 quia
578 2850 633 2887 nec
658 2829 804 2887 scribendi
831 2831 942 2904 copiam
970 2849 1025 2887 nec
1050 2848 1155 2904 pueros
1180 2832 1321 2888 habemns
1347 2853 1400 2908 per
1410 2815 1531 2915 Q&

353 2916 373 2942 “
391 2933 462 2987 quos
485 2916 604 2988 negotio
629 2922 727 2971 nostra
750 2931 884 2995 exercerc
908 2915 1059 2986 possimus.
1097 2914 1130 2971 Si
1154 2916 1238 2971 nobis
1262 2918 1310 2973 vel
1335 2937 1399 2975 sero
1411 2917 1550 3011 mm

350 3000 540 3056 “volueritis
569 3000 733 3064 subvenire,
760 3005 791 3055 et
819 2999 927 3054 famam
957 3005 1085 3055 vestram
1115 3017 1182 3055 cum
1212 3001 1274 3057 vita
1302 3010 1400 3060 nostra
1478 2998 1484 3010 ’

349 3085 369 3110 “
388 3080 544 3148 redimere,
571 3084 666 3139 multa
691 3099 763 3155 opus
794 3088 840 3138 est
869 3081 1086 3138 acceleratione.
1135 3083 1275 3157 Alioquin
1302 3093 1400 3143 actum

349 3169 368 3195 '⁴
387 3174 433 3223 est
449 3167 486 3223 de
504 3167 587 3222 nobis
605 3167 689 3223 etde
707 3168 831 3223 ecclesia
848 3166 1061 3234 Cantuariensi,
1080 3169 1163 3241 cujus
1181 3186 1268 3227 causa
1285 3178 1316 3228 et
1333 3190 1400 3227 eon·

348 3250 460 3306 “ditio
496 3251 724 3321 circumquaque
758 3250 912 3305 notissima
941 3268 1044 3306 eorum
1072 3252 1159 3308 faciet
1189 3253 1220 3307 in
1250 3253 1400 3311 infamiam

349 3333 551 3389 “redundare
576 3332 716 3405 quicquid
744 3332 771 3387 ei
801 3332 839 3387 de
874 3350 925 3388 suo
949 3334 1017 3405 jure
1043 3334 1223 3391 subtractum
1249 3337 1348 3404 iacnt,
1371 3345 1402 3395 ct

348 3420 369 3446 ‘⁴
388 3435 513 3489 qnorum
531 3416 672 3489 patientia
689 3420 720 3472 et
737 3415 968 3472 dissimulatione
987 3417 1212 3489 deperierint.’'⁸

393 3513 502 3598 Igitur
522 3510 674 3578 monachi
694 3517 762 3576 tres
782 3512 825 3577 ad
845 3534 955 3599 regem
971 3512 1087 3579 directi
1107 3516 1281 3599 sponsione
1302 3519 1397 3604 quin-
1411 3538 1559 3685 plumati&

346 3620 520 3701 gestarum
544 3636 726 3681 marcarum
749 3614 853 3701 ipsius
872 3621 1027 3701 parantes
1049 3615 1205 3695 animum,
1221 3620 1399 3687 audierunt
1426 3604 1453 3653 ³⁰
1475 3648 1514 3687 so

250 3716 259 3729 ⁸
347 3718 390 3783 ab
417 3719 489 3804 ipso
513 3718 550 3782 in
572 3717 673 3782 verbo
696 3716 786 3803 regio
809 3705 896 3802 quod
923 3717 1049 3803 capella
1074 3723 1160 3784 stare
1187 3742 1254 3786 non
1279 3730 1398 3810 posset,
1411 3704 1462 3736 Μ’
1478 3706 1496 3736 ”“

348 3825 382 3885 et
403 3820 492 3906 quod
514 3840 574 3906 pro
597 3818 824 3884 nominatione
847 3819 966 3909 prioris
992 3841 1060 3906 pax
1082 3821 1227 3889 ecclesia
1251 3846 1316 3891 non
1347 3849 1397 3892 re·

347 3927 502 3988 maneret
549 3920 691 3987 Volebat
722 3921 834 3987 enim⁴
864 3926 903 3986 ut
932 3922 1105 3988 duodecim
1135 3925 1288 3992 monachi
1321 3950 1396 3994 cum
1411 3946 1540 3991 necnee·

346 4025 468 4090 litteris
505 4023 752 4089 ratihabitionis
784 4030 991 4090 occurrerent
1017 4025 1048 4089 ei
1080 4030 1115 4090 et
1145 4026 1231 4092 clero
1264 4028 1396 4116 Angliae
1410 3997 1558 4092 ffliisieir}

346 4126 407 4192 hec
434 4126 475 4190 de
497 4146 596 4192 causa
618 4124 824 4191 Londoniam
848 4126 1005 4204 venienti,
1028 4131 1068 4192 ut
1089 4127 1213 4193 auditis
1237 4131 1335 4196 cartis
1362 4109 1467 4198 etQ

345 4227 528 4315 privilegiis
559 4227 730 4313 utriusque
757 4228 861 4315 partis
891 4234 926 4294 et
956 4229 1219 4316 allegationibus,
1249 4234 1396 4300 omnium

342 4329 468 4414 judicio
491 4334 587 4395 tanta
618 4328 777 4394 dissensio
799 4329 899 4395 finem
924 4331 1073 4397 debitum
1096 4332 1276 4399 sortiretur.
1324 4335 1397 4401 Hoc

315 4424 319 4431 ⁴
346 4431 435 4496 enim
466 4438 602 4518 egerant
631 4430 893 4520 archiepiscopus
920 4438 955 4498 et
980 4433 1036 4498 ille
1068 4432 1300 4502 Ooventrensis
1326 4440 1393 4525 epi-

381 4652 389 4684 ¹
401 4651 598 4719 ratihabitionis]
629 4652 847 4713 ratihabitationia,
928 4656 1114 4724 'deperierintJ
1126 4659 1293 4724 depretiem,
1304 4663 1335 4712 B.

347 4731 378 4783 (t.
928 4737 939 4768 ⁴
951 4737 1027 4804 enias]
1040 4745 1133 4802 suum,
1144 4739 1172 4791 O.

378 4809 549 4876 'eademi
564 4809 716 4877 deuitare
726 4814 757 4867 B·
