3662 5728
416 902 481 966 162
616 914 779 965 oanvssn
802 914 965 965 nossem
987 914 1264 965 onurufflunsrs
1373 896 1380 921 ¹

263 1110 386 1157 annu.
415 1097 499 1162 bant
520 1097 651 1162 comitis
673 1097 821 1161 animum
836 1097 880 1161 ad
903 1096 1131 1162 rebellandum
1158 1096 1294 1182 quidam
1320 1096 1472 1182 potentes

245 1176 401 1288 ffffllss‘
416 1199 599 1287 proditores
620 1199 657 1263 in
672 1199 797 1286 Anglia
811 1197 910 1263 simul
937 1203 972 1263 et
987 1197 1105 1275 Walia,
1127 1203 1162 1263 et
1183 1197 1348 1284 praecipue
1370 1196 1472 1282 Hugo

245 1281 322 1323 Μ·
417 1302 458 1399 de
473 1301 605 1367 Mortuo
628 1301 722 1379 Mari,
738 1300 797 1387 qui
813 1300 913 1365 etiam
936 1305 1037 1386 prout
1061 1300 1174 1386 potuit
1200 1298 1358 1365 rebellam
1381 1297 1473 1384 cupi-

245 1408 337 1503 323⁰?
375 1433 377 1437 ·
416 1404 501 1469 ebat.
563 1402 660 1482 Quod
696 1408 737 1468 ut
775 1402 862 1466 vidit
892 1401 1081 1467 Gilebertus
1111 1401 1221 1467 Foliot
1250 1422 1289 1467 eo
1326 1405 1473 1486 tempore

244 1473 391 1606 3¹3?ng
417 1502 668 1569 Herefordensis
689 1502 870 1589 episcopus,
894 1503 1176 1589 consanguineum
1198 1523 1297 1567 suum
1320 1501 1473 1568 comitem

246 1611 365 1707 must
416 1604 596 1691 Rogerium
613 1604 707 1682 adiit,
723 1604 859 1690 ejusque
881 1604 998 1671 ferocis
1020 1604 1125 1669 animi
1148 1605 1310 1690 impetum
1332 1602 1474 1669 facunda

365 1695 372 1708 ⁶
416 1706 566 1773 cohibuit
588 1705 785 1791 eloquentia,
801 1726 941 1791 eumque
955 1706 1092 1770 tandem
1107 1706 1144 1769 in
1166 1705 1322 1771 Passione
1337 1704 1474 1770 Domini

415 1807 467 1873 ad‘
489 1807 636 1873 debitam
676 1806 763 1893 regis
797 1806 1017 1873 reverentiam
1052 1808 1224 1873 revocavit
1253 1813 1288 1873 et
1322 1807 1473 1893 gratiam,

415 1910 591 1996 resignatis
614 1907 748 1995 quidem
775 1907 937 1994 praesidiis
961 1907 1083 1994 quibus
1107 1909 1286 1974 admodum
1309 1908 1402 1973 visus
1424 1913 1475 1973 est

245 2033 359 2088 mering
416 2010 557 2098 gloriari
603 2010 705 2097 Hugo
719 2014 832 2075 autem
848 2009 889 2075 de
912 2009 1045 2075 Mortuo
1061 2010 1156 2088 Mari,
1178 2031 1265 2075 novo
1280 2011 1350 2096 regi
1370 2009 1475 2075 rebel-

246 2085 388 2184 lllss'lrmaa
417 2113 486 2178 lare
515 2113 668 2199 gestiens,
697 2112 765 2177 tria
798 2115 914 2176 contra
943 2133 1055 2198 regem
1092 2111 1228 2178 castella
1264 2112 1415 2177 firmavit
1440 2117 1475 2177 et

246 2188 338 2233 mm*
417 2215 536 2292 tenuit,
567 2213 726 2290 Olooberi,
757 2211 952 2300 Wigemore,
984 2217 1019 2278 et
1060 2212 1195 2300 Bruges.
1257 2213 1331 2279 Rex
1361 2219 1474 2279 autem

417 2316 582 2382 Hemicus
612 2314 711 2381 citius
737 2336 776 2380 eo
805 2315 973 2392 advolans,
1005 2315 1187 2381 exercitum
1213 2337 1311 2379 suum
1341 2314 1378 2379 in
1407 2320 1475 2380 tres

322 2413 325 2419 ’
416 2423 544 2483 turmas
567 2416 692 2493 divisit,
708 2422 743 2481 et
765 2416 925 2502 praedicta
946 2417 1082 2482 castella
1103 2416 1324 2483 incontinenti
1346 2416 1476 2483 obsedit

416 2524 451 2584 et
470 2523 547 2605 post
557 2518 594 2582 in
608 2517 703 2582 brevi
719 2518 816 2604 cepit,
831 2518 1005 2604 ipsumque
1021 2518 1199 2605 Hugonem
1214 2519 1258 2585 ad
1273 2518 1476 2585 deditionem

417 2620 533 2686 coeit

248 2743 344 2788 caman
462 2641 542 2785 dost
564 2719 691 2785 Pascha
705 2742 784 2785 vero
806 2718 914 2785 factus
937 2724 989 2790 est
1002 2726 1186 2786 conventus
1207 2721 1369 2807 generalis
1392 2743 1476 2807 prae·

247 2793 400 2905 maffia
417 2821 527 2887 sulum
543 2825 578 2887 et
592 2821 779 2908 principum
795 2820 899 2886 totius
916 2820 1046 2907 Angliae
1069 2822 1159 2908 apud
1174 2821 1475 2911 Walingefordiam,

247 2894 392 2989 ppna-
417 2924 477 2989 un
499 2924 654 3009 adjurata
668 2928 720 2988 aa
734 2922 858 3009 anglia
872 2922 942 3008 regi
957 2928 992 2988 a
1014 2922 1201 2989 naeoenaus
1216 2925 1293 3002 sua,
1310 2922 1475 2988 wuelmo

204 3034 208 3035 ’
417 3025 542 3091 scilicet
563 3025 592 3090 si
617 3025 792 3112 plusquam
814 3021 931 3111 pater1
956 3023 1095 3102 viveret,
1119 3030 1154 3090 et
1176 3025 1320 3091 Hemico
1338 3023 1476 3111 puerulo

417 3126 446 3190 si
474 3124 640 3191 Willelmo
663 3124 811 3189 fataliter
840 3123 1020 3191 accidisset.
1068 3124 1124 3192 Sic
1145 3126 1183 3190 in
1212 3126 1306 3191 brevi
1331 3125 1475 3192 Domino

417 3233 612 3313 cooperante
635 3248 703 3313 pax
724 3248 784 3313 per
806 3226 1065 3314 Angliamnata
1089 3232 1125 3293 et
1146 3228 1341 3294 confirmata
1362 3248 1475 3294 omnes

417 3330 506 3416 pacis
529 3329 614 3394 filios
636 3328 829 3407 laetificavit,
852 3333 887 3394 et
909 3334 1029 3396 cuncta
1050 3329 1168 3396 bellica
1190 3330 1406 3416 proturbavit.

463 3430 694 3497 Theodbaldus
710 3429 959 3497 Cantuarlensis
982 3430 1254 3519 archiepiscopus,
1280 3432 1384 3498 totius
1404 3432 1476 3496 An-

269 3510 394 3643 {rica
417 3531 495 3617 glise
530 3533 654 3619 primas
684 3538 719 3599 et
748 3533 936 3619 apostolicae
968 3533 1054 3599 sedis
1084 3533 1222 3621 legatus,
1253 3533 1350 3600 nonis
1380 3533 1476 3599 Junii

264 3661 310 3695 une
332 3630 358 3694 .'
418 3635 561 3700 sacravit
602 3634 784 3700 Robertum
827 3634 1048 3701 Exoniensem
1087 3636 1229 3702 electum
1258 3644 1337 3701 ante
1372 3635 1476 3701 altare

419 3734 545 3801 Christi
573 3734 772 3813 cantuaria,
796 3736 983 3802 astantibus
1010 3742 1045 3801 ot
1068 3736 1319 3824 cooperantibus
1346 3736 1476 3802 Hilario

418 3832 637 3918 Oioesnensi,
664 3838 814 3905 Jocalino
850 3837 1092 3917 Saresbiriensi,
1138 3839 1271 3927 Nigello
1316 3838 1476 3916 Heliensi,

417 3939 578 4007 Walterio
601 3940 758 4007 Roffensi.

788 4110 1097 4179 meavi-XVII.

263 4259 387 4306 annua
462 4238 537 4305 Rex
567 4238 734 4304 Hemicus
773 4239 1015 4317 transfretavit,
1045 4244 1081 4305 et
1121 4237 1257 4305 Thomas
1289 4234 1475 4304 cancellarii

246 4322 393 4418 ξῗᾙξξω
418 4341 471 4404 sui
493 4361 614 4427 magno
629 4340 735 4406 fretus
758 4340 884 4407 auxilio
906 4346 1014 4408 castra
1029 4338 1181 4407 Gaulridi
1200 4339 1312 4406 fratris
1334 4339 1394 4419 sui,
1416 4339 1475 4426 qui

244 4424 399 4526 happfflm
417 4442 576 4509 rebellare
596 4443 794 4529 temptabat,
818 4443 929 4509 valide
951 4443 1108 4530 optinuit,
1129 4442 1279 4509 hominia
1293 4448 1328 4509 et
1343 4441 1473 4509 obsides

244 4523 363 4626 w*
417 4543 459 4609 a
482 4549 555 4611 aa
569 4544 752 4631 aqnana
773 4550 809 4611 a
831 4544 993 4614 baana
1017 4546 1138 4634 exegit,
1161 4550 1197 4613 a
1217 4545 1352 4632 accepia
1399 4544 1473 4627 ouo

416 4643 513 4723 facto,
536 4643 683 4711 reditum
706 4646 744 4710 in
767 4645 924 4734 Angliam
949 4645 1105 4735 paravit⁸

447 4835 553 4907 'ml
568 4839 665 4893 Μ·
679 4840 707 4892 ¹³·
942 4839 948 4911 Ι
994 4816 1362 4910 'immiminuta'
