3572 5744
158 1320 162 1325 ,
250 1275 362 1319 thearch-

419 858 461 923 66
619 870 780 920 ussvssu
803 870 963 919 uouscm
986 868 1260 919 osmusnrsusrs

267 1061 321 1105 Ab.
330 1063 388 1104 naa.
420 1056 440 1081 “

250 1124 301 1177 Any
310 1125 377 1168 doen·
421 1144 440 1168 u

221 1179 375 1275 ⁴:frasu
422 1225 440 1249 «ι

251 1325 333 1378 bishop
341 1338 388 1368 was

234 1400 236 1409 ι
250 1378 331 1418 «rnen
339 1389 372 1429 up

251 1427 349 1470 without
358 1427 398 1470 tire

250 1480 345 1519 consent
354 1478 377 1519 oi

252 1527 292 1571 tho
300 1530 406 1570 corruent.
422 1558 440 1583 „

460 1053 501 1110 sic
527 1053 637 1109 sactum
654 1058 698 1109 est
717 1070 818 1108 eorum
839 1052 963 1123 justitia
982 1052 1184 1125 proejudioium
1203 1070 1351 1125 generare.
1389 1051 1472 1123 Quod

460 1139 485 1194 si
499 1140 563 1212 jam
581 1139 677 1194 dictus
694 1138 929 1211 archiepiscopus
947 1138 995 1195 vel
1013 1139 1118 1212 aliquis
1135 1140 1199 1210 ejus
1217 1156 1364 1195 successor
1382 1139 1471 1211 scrip·

461 1229 556 1278 turam
575 1239 662 1294 super
680 1221 773 1277 forma
789 1222 869 1294 pacis
892 1222 981 1292 hujus
1005 1222 1176 1294 quandoque
1199 1222 1363 1294 protulerit,
1382 1239 1469 1278 nove·

422 1311 441 1335 ‘⁴
460 1307 526 1363 ritis
544 1308 638 1380 ipsam
656 1307 793 1363 iratribus
807 1307 870 1377 jam
888 1305 975 1361 dictas
997 1307 1126 1363 ecclesiia
1147 1324 1201 1362 nec
1224 1306 1469 1363 consentientibus

421 1392 440 1416 “
459 1407 513 1444 nec
543 1388 703 1445 scientibus
729 1390 889 1446 conlectam
922 1390 1019 1456 subse,
1047 1390 1187 1462 uobisque
1217 1390 1383 1463 petentibus
1410 1407 1470 1446 nou

422 1475 441 1500 ‘⁸
460 1473 629 1537 exhibitam,
642 1473 692 1544 qui
711 1472 748 1528 ad
765 1491 882 1530 causam
900 1473 993 1546 ipsam
1011 1492 1028 1529 a
1046 1491 1158 1530 summo
1177 1474 1316 1546 pontifice
1334 1472 1471 1529 destinati

453 1574 522 1627 ‚rem
535 1561 649 1627 gestam
664 1557 710 1611 rel
724 1557 896 1612 confirmare
915 1556 1077 1622 debuimus,
1091 1555 1116 1611 si
1132 1556 1258 1627 justitiae
1275 1555 1470 1620 concordaret,

421 1642 439 1666 ‘⁴
458 1641 516 1705 vel,
536 1640 561 1694 si
580 1657 664 1695 secus
682 1645 748 1695 acta
765 1644 850 1704 esset,
868 1640 1021 1695 infirmare.
1061 1638 1277 1712 Cognosceutes
1294 1640 1392 1712 itaque
1411 1640 1472 1696 vio·

421 1728 439 1751 “
459 1724 581 1781 lentiam
598 1723 782 1779 manifestam
801 1724 878 1778 iacto
899 1723 969 1779 huic
993 1724 1200 1787 intercessisse,
1218 1724 1390 1780 auctoritate
1414 1741 1474 1796 qua.

387 1810 390 1818 '
420 1813 438 1838 ‘⁸
458 1809 611 1880 fungimur
637 1808 793 1864 statuimus
822 1807 990 1879 apostolica,
1020 1808 1097 1878 quod
1126 1824 1222 1880 neque
1251 1807 1406 1863 concordia
1429 1809 1471 1863 sic

420 1896 439 1919 ‘⁴
460 1892 545 1956 iacta,
563 1891 894 1963 neqnesscomprcmissio
919 1891 1062 1947 violenter
1080 1896 1200 1955 extorta,
1217 1907 1312 1963 neque
1330 1891 1471 1962 scriptum

421 1980 440 2004 ‘⁸
460 1974 502 2030 sic
520 1981 692 2046 conceptum
718 1975 815 2029 valere
842 1973 956 2037 debeat,
974 1980 1026 2030 aut
1050 1974 1169 2046 aliquod
1189 1974 1353 2046 saepedictis
1371 1992 1469 2030 mona·

422 2060 439 2084 ‘⁸
460 2057 523 2112 chis
540 2058 571 2112 iu
588 2061 735 2129 posterum
747 2057 951 2130 proejudicium
963 2059 1076 2125 afferre,
1089 2058 1157 2129 quia
1168 2058 1266 2113 omnia
1277 2057 1471 2130 preasentibus

421 2143 440 2167 “
458 2139 541 2195 nobis
558 2144 588 2195 et
606 2140 869 2196 contradicentibus
888 2141 966 2195 iarrta
984 2140 1081 2197 snut.''

267 2505 388 2550 A-D-llili.

282 2556 376 2608 snas
421 2584 440 2610 u

250 2617 365 2662 Celestiue

251 2668 298 2711 111.
306 2668 390 2714 auuuls
421 2669 440 2692 “

250 2719 353 2771 alipriril
396 2731 438 2778 s„

250 2769 359 2813 obtunsa
383 2782 398 2821 y

250 2820 390 2863 Buidwintc
421 2835 440 2859 ιι

250 2870 382 2963 ξΙΙίἱὲυροῐίθΙιὲἱ)
421 2919 440 2944 “

249 2971 407 3019 murentand
421 3003 439 3027 „

250 3022 375 3073 chosme-

249 3071 389 3115 mauturade
420 3086 439 3109 u

250 3123 384 3215 {ingunde
420 3168 438 3192 “

249 3222 363 3266 adtieecl

250 3272 349 3315 Jotncr

249 3324 346 3375 anagni.
420 3334 438 3358 u

610 2380 753 2438 ¹0uaaals'c
771 2398 882 2454 operum
900 2380 1057 2436 Buldesciui
1075 2381 1276 2455 archicpiscopi.

457 2502 476 2526 “
491 2498 654 2556 Gelestinus
678 2497 837 2570 episcopus,
864 2514 964 2553 servus
990 2514 1141 2552 servorum
1167 2497 1233 2563 Dei,
1260 2497 1374 2554 dilectis
1401 2499 1470 2554 filiis

459 2583 550 2655 priori
568 2586 600 2637 et
614 2580 770 2637 conventui
794 2580 923 2636 ecclesius
942 2580 1053 2636 Christi
1065 2579 1284 2647 cantuariensi,
1298 2582 1422 2638 salutem
1440 2591 1471 2640 et

459 2665 647 2736 apostolicam
665 2663 908 2719 benedictionem.
945 2663 1027 2720 Sicut
1051 2666 1089 2719 ad
1112 2666 1288 2736 apostolatus
1306 2666 1398 2721 nostri
1422 2666 1471 2721 de·

458 2750 553 2804 bitum
579 2748 725 2820 pertinere
750 2747 912 2804 dinoscitur
930 2748 999 2813 hiis,
1020 2767 1085 2821 quae
1111 2749 1168 2803 rite
1190 2754 1220 2804 et
1239 2755 1320 2805 recte
1338 2750 1470 2806 ordinata

460 2832 630 2895 consistunt,
659 2832 792 2902 vigorem
820 2830 953 2886 conferre
983 2838 1166 2903 perpetuum,
1194 2832 1236 2886 ita
1261 2832 1400 2888 nimirum
1428 2833 1469 2889 eis

460 2934 524 2988 quic
550 2933 634 2971 secus
658 2915 733 2971 fiunt
758 2931 845 2987 quarn
869 2914 972 2970 deceat
994 2917 1072 2971 vires
1093 2915 1256 2981 detrahere,
1278 2935 1415 2973 enervare
1439 2922 1469 2973 et

460 3000 607 3054 infirmare
625 3005 768 3054 tenemur.
805 2998 848 3053 Ea
865 3006 993 3071 propter,
1012 2998 1112 3055 dilecti
1131 2999 1162 3055 in
1180 3000 1305 3056 Domino
1323 3001 1385 3067 filii,
1402 3018 1468 3057 curn

458 3081 643 3137 Baldewinns
661 3080 806 3153 quondam
824 3081 1056 3154 archiepiscopus
1080 3082 1140 3139 siva
1161 3090 1243 3140 motu
1267 3085 1385 3158 proprio
1408 3085 1469 3140 sive

458 3165 597 3220 instinctu
616 3165 711 3220 alieno
738 3181 790 3220 vos
815 3171 845 3220 et
869 3166 1021 3221 ecclesiam
1046 3171 1173 3222 vestram
1197 3168 1339 3225 molestiis
1369 3171 1468 3225 multis

421 3250 489 3303 “et
520 3247 637 3319 injuriis
664 3246 836 3319 quaudoque
865 3246 1010 3314 afflixerit,
1038 3255 1068 3304 st
1095 3251 1203 3321 scripta
1229 3251 1330 3322 aliqua
1355 3270 1374 3308 a
1402 3252 1469 3308 sede

459 3331 616 3403 apostolica
651 3331 682 3385 in
711 3330 916 3403 praejudicium
948 3332 1023 3405 juris
1052 3334 1142 3389 vestri
1173 3334 1245 3390 laisa
1274 3337 1467 3408 suggestione,

420 3417 493 3470 “ut
519 3414 637 3478 dicitur,
663 3414 873 3486 impetraverit,
902 3433 989 3486 quem
1016 3418 1110 3489 magis
1134 3419 1340 3491 tranquillitati
1365 3425 1469 3476 vestras

420 3501 439 3525 ‘⁶
457 3498 525 3554 darc
543 3516 661 3571 operam
679 3497 832 3563 decuisset,
851 3499 915 3571 paci
933 3504 1038 3556 vestra
1055 3508 1177 3573 paterna
1194 3503 1325 3559 volentes
1351 3504 1381 3559 in
1406 3521 1470 3576 pos-

420 3584 438 3606 ‘⁴
455 3587 554 3637 terum
581 3580 777 3637 sollieitudine
803 3582 966 3652 providere,
986 3584 1084 3640 omnia
1109 3603 1174 3657 quia
1199 3604 1252 3657 per
1275 3592 1470 3643 memoratum

420 3668 438 3690 “
457 3665 705 3737 archiepiscopum
723 3665 800 3720 eirca
817 3683 869 3721 vos
890 3667 921 3721 vi
947 3669 995 3722 rel
1022 3674 1102 3723 ructu
1128 3675 1193 3724 acta
1217 3682 1293 3736 sunt,
1314 3671 1471 3743 apostolica

420 3752 438 3774 “
457 3751 629 3805 auctoritate
658 3765 826 3804 revocamus
856 3750 887 3805 in
918 3750 1045 3817 irritum,
1078 3758 1108 3807 et
1138 3753 1309 3809 nominatim
1334 3773 1370 3810 ea
1393 3773 1468 3826 qum,

419 3836 437 3858 “
456 3835 555 3905 legate
581 3833 717 3888 Romana
742 3832 870 3888 ecclesiia
894 3841 1038 3905 praeseute
1064 3846 1095 3890 et
1118 3837 1344 3904 contradicente,
1370 3844 1470 3895 contra

419 3921 437 3944 “
457 3919 625 3974 mandatum
643 3916 720 3972 sedis
739 3918 903 3988 apostolicae
921 3919 1000 3974 iacta
1017 3919 1161 3983 dicuntur,
1181 3921 1258 3976 sicut
1275 3921 1306 3975 in
1323 3923 1470 3978 autentico

419 4005 437 4028 “
457 4001 585 4072 ejusdem
604 4001 705 4071 legati,
725 4000 867 4055 «iohannis
891 4002 1028 4057 videlieet
1044 4002 1195 4074 Anagnini
1221 4002 1366 4075 quondam
1392 4022 1468 4077 pres-

419 4088 437 4111 “
457 4086 551 4157 byteri
582 4083 746 4148 cardinalia,
778 4084 814 4139 ob
844 4102 961 4149 causam
985 4092 1113 4141 vestram
1140 4085 1171 4139 in
1196 4087 1334 4159 Angliam
1353 4088 1485 4154 directi„

418 4172 436 4196 ¹⁴
457 4170 639 4233 continetur;
659 4172 689 4222 et
707 4185 884 4240 quaeonnqne
902 4174 1003 4223 contra
1018 4169 1068 4240 jus
1085 4176 1217 4225 vestrum
1235 4172 1282 4225 vei
1300 4171 1467 4244 privilagio-

419 4256 437 4279 “
456 4271 521 4308 ruru
533 4258 697 4308 veshornm
715 4259 845 4307 tenorem
863 4252 941 4308 idem
960 4253 1191 4326 archiepiscopus
1208 4255 1386 4327 impetrarit,
1400 4257 1468 4312 viri·

417 4342 436 4364 “
455 4338 509 4393 hus
527 4355 625 4393 carere
643 4336 847 4403 decernimus;
873 4343 1034 4394 statuentes
1052 4343 1086 4393 ut
1104 4338 1204 4393 nullus
1222 4357 1349 4411 uuquam
1374 4341 1467 4395 bomi-

418 4424 436 4446 ‘⁴
455 4438 526 4475 num
545 4437 579 4475 ea
596 4438 661 4491 quaa
680 4420 756 4474 male
774 4419 866 4490 gessit
891 4420 1007 4475 trahere
1032 4419 1139 4476 audeat
1166 4422 1195 4476 iu
1224 4422 1469 4496 consequentiam,

342 4577 345 4584 Ι
419 4508 437 4530 “
455 4522 548 4577 neque
566 4504 677 4576 possint
694 4521 728 4559 aa
745 4522 811 4576 qnae
828 4504 920 4559 tacita
937 4493 1061 4559 veritate
1078 4523 1096 4559 a
1115 4503 1183 4560 sede
1201 4506 1360 4576 apostolica
1376 4507 1467 4578 impe·

423 4638 1003 4683 ——-—r·----·-··--·
1299 4645 1473 4653 -,...--

450 4721 604 4787 wama]
640 4721 703 4771 This
714 4720 921 4786 ietterisamong
971 4722 1067 4782 ccclvi,
1075 4737 1099 4787 p.
1111 4724 1416 4781 ³8⁵,andoccursunder
1427 4722 1470 4773 the
1574 4742 1577 4749 ·

417 4802 459 4851 the
486 4799 608 4865 Epistola
642 4800 841 4861 cantuarienses,
869 4800 920 4851 No.
963 4800 1031 4868 ·'year
1044 4802 1215 4865 1191,heiorr.
