3572 5744
762 882 874 933 onaan
896 880 1087 931 nrsrorucn
1402 871 1444 935 83

210 1091 291 1142 Ovio
302 1090 363 1140 Arc
433 1081 450 1107 “
474 1071 575 1138 ‘Non
598 1071 705 1135 minor
729 1075 780 1135 est
802 1070 913 1135 virtus
932 1092 1032 1156 quam
1048 1091 1204 1156 quaerere,
1219 1076 1316 1157 parta
1332 1070 1441 1136 tueri.'
1455 1093 1549 1137 nectos

208 1160 273 1207 *⁴¹¹¹-
283 1157 312 1206 ii.
328 1161 367 1207 ¹³·
385 1183 402 1247 ’ἔ
429 1174 537 1261 Turpe
568 1178 619 1238 est
650 1173 738 1238 enim
768 1177 802 1237 et
828 1173 1018 1239 indecorum
1049 1177 1083 1237 et
1112 1172 1255 1238 ecclesiae
1281 1173 1440 1239 Romanae
1454 1144 1578 1238 llllllll

385 1286 402 1310 “
427 1276 606 1353 insolitum,
623 1274 849 1365 confugientes
863 1275 907 1339 ad
929 1296 964 1340 se
979 1296 1000 1340 a
1017 1274 1093 1339 sinu
1116 1275 1272 1360 repellere
1295 1276 1436 1361 pietatis.
1453 1245 1597 1390 diffidiare

385 1388 401 1413 “
427 1379 588 1444 Nostrum
604 1377 718 1464 igitur,
740 1377 842 1441 immo
870 1383 904 1442 et
930 1388 1039 1454 suum,
1061 1375 1260 1442 Cantuarini
1285 1357 1599 1464 repetantidulopoei.⁸
1707 1428 1712 1447 .

384 1492 401 1516 “
426 1487 461 1547 et
482 1481 644 1567 recipiant
666 1479 873 1556 cimiterium,
889 1478 977 1565 quod
998 1480 1088 1565 pacis
1110 1485 1145 1544 et
1167 1481 1348 1546 eoncordiae
1370 1482 1438 1567 pri·

385 1592 519 1648 “mum
555 1583 679 1669 poterit
716 1602 785 1646 esse
825 1581 1105 1667 praeparatorium.
1166 1581 1334 1647 Beneficia
1380 1582 1437 1646 diu

386 1694 403 1719 “
428 1684 612 1751 desiderata
641 1683 736 1749 nobis
753 1682 947 1759 conferant,
973 1688 1008 1747 et
1032 1686 1130 1747 erunt
1159 1682 1300 1749 unitatis
1322 1684 1438 1750 vincu-

387 1796 405 1821 ⁴‘
428 1786 505 1851 lum.
560 1786 611 1851 De
641 1784 841 1871 professione
871 1790 998 1851 cessent
1036 1778 1153 1872 litigio,
1185 1785 1313 1871 eritque
1343 1785 1438 1851 fortis
1451 1794 1563 1889 {mr

386 1898 403 1924 “
426 1888 593 1953 funiculus
616 1887 748 1973 triplex,
772 1887 829 1973 qui
854 1893 979 1972 quanto
1002 1888 1106 1975 magis
1131 1887 1351 1973 replicabitur,
1375 1887 1609 1991 dif·-3,;⁸3,‘¹¹„0,320„¹‡f

386 2002 404 2026 “
428 1991 547 2057 ficilius
576 1995 757 2076 rumpetur.
813 1989 905 2055 Licet
935 1990 1024 2056 enim
1053 1989 1232 2076 plurimum
1263 1990 1304 2055 de
1335 1991 1440 2055 tantis
1603 1979 1610 1989 ⁴

387 2092 693 2180 “oppressionibus
732 2092 947 2158 scandalizati
981 2092 1139 2157 fuerimus
1174 2098 1209 2158 et
1242 2092 1439 2170 exacerbati,

386 2204 403 2230 “
427 2217 503 2261 cum
541 2195 722 2260 oblationes
760 2194 941 2281 sepulturae
970 2194 1138 2272 redierint,
1169 2216 1244 2261 cum
1282 2194 1441 2261 beneficia

388 2307 405 2333 “
428 2297 622 2385 propensius
644 2296 764 2363 collata
790 2296 925 2374 fuerint,
948 2297 1163 2363 amaricatum
1193 2297 1342 2362 animum
1364 2319 1438 2362 nos·
1458 2350 1461 2357 ,

388 2408 406 2434 “
430 2405 519 2465 trum
542 2399 640 2465 citius
663 2398 889 2464 dulcorabunt.

318 2574 327 2598 ‚
436 2514 570 2579 “Nemo
585 2514 674 2580 enim
689 2514 771 2579 adeo
786 2513 875 2578 ferus
898 2518 948 2579 est
963 2514 1020 2599 qui
1035 2535 1103 2578 non
1118 2513 1288 2579 mitescere
1311 2514 1440 2600 possit'’

280 2617 311 2648 'L
350 2633 355 2644 '
389 2638 406 2664 “
431 2628 590 2694 Intendat
612 2628 724 2715 igitur,
747 2628 954 2693 serenissime
976 2633 1079 2714 pater,
1102 2627 1198 2692 vobis
1221 2628 1338 2692 innata
1356 2627 1442 2714 sapi·

388 2740 406 2766 “
430 2731 529 2808 entia,
544 2730 704 2815 vobisque
720 2728 939 2795 assidentium
962 2729 1178 2795 cardinalium
1193 2734 1264 2794 tom
1286 2749 1443 2815 generosa

389 2841 407 2867 “
431 2853 531 2917 quam
553 2831 696 2917 gloriosa
725 2830 827 2917 copia,
853 2830 932 2916 quia
961 2852 1029 2895 non
1059 2830 1243 2896 remittitur
1271 2834 1441 2917 peccatum

390 2946 407 2969 “
429 2935 496 2999 nisi
524 2934 721 2999 restituatur
745 2933 902 2999 ablatum.
949 2933 1074 2998 Verum
1104 2935 1182 3019 quia
1206 2939 1276 2999 tam
1300 2933 1607 3043 diutinaesorp'orror

390 3036 687 3122 “praescriptionis
716 3034 932 3121 praetendunt
961 3036 1180 3122 privilegium,
1208 3057 1268 3101 nec
1298 3035 1440 3100 Romani
1452 3000 1598 3112 lllllffs.

390 3147 407 3172 ‘⁶
430 3137 530 3203 moris
553 3142 603 3203 est
625 3136 764 3221 antiqua
787 3136 950 3213 divellere,
972 3137 1163 3222 insignum
1186 3137 1335 3223 specialis
1358 3104 1592 3223 pre-llslllll

390 3249 408 3275 “
430 3239 590 3326 rogativae
613 3238 727 3304 abbati
749 3244 862 3304 nostro
878 3238 1012 3319 mitram
1027 3238 1166 3304 conferri
1187 3239 1339 3325 petimus,
1360 3260 1441 3303 anu-

391 3352 408 3378 “
431 3342 509 3418 lum,
526 3346 559 3405 et
583 3346 624 3405 ut
639 3341 679 3405 de
695 3346 814 3407 caetero
838 3341 882 3405 ab
908 3341 1081 3406 exactione
1101 3341 1310 3427 professionis
1332 3347 1442 3406 vestro

391 3442 605 3530 “privilegio
641 3443 850 3522 muniamur3
888 3447 935 3519 ut,
967 3442 997 3506 si
1027 3441 1167 3527 antiqua
1204 3442 1358 3508 libertate
1388 3441 1442 3507 vel

391 3556 408 3582 ‘⁴
431 3544 598 3611 beneficiis
625 3544 749 3631 perfrui
783 3565 850 3609 non
876 3544 1033 3622 valemus,
1056 3544 1152 3609 novis
1177 3544 1293 3610 saltem
1316 3542 1443 3610 collatis

390 3647 584 3734 “insigniis
618 3646 831 3733 gratulemur,
864 3652 899 3711 et
934 3652 975 3711 ut
1007 3668 1049 3710 ex
1079 3652 1199 3711 vestrae
1224 3645 1441 3735 plenitudinis

391 3760 408 3786 “
431 3750 537 3838 gloria
557 3755 670 3815 nostra
693 3749 748 3813 vel
770 3749 806 3812 in
830 3748 958 3814 modico
981 3748 1129 3834 parvitas
1152 3747 1337 3815 enitescat.''
