3628 5728
723 904 835 956 orans
856 906 1047 957 mercarer
1339 892 1404 962 475

352 1095 371 1122 “
393 1093 480 1166 sunt,
507 1110 550 1153 ex
577 1089 697 1175 quibus
727 1090 793 1155 duo
823 1089 967 1156 maxime
997 1095 1101 1155 urunt
1130 1111 1189 1155 nos
1211 1095 1247 1155 et
1276 1092 1403 1176 urgent.
1433 1101 1489 1147 tv·
1498 1105 1555 1148 1¹8⁹.

352 1189 531 1276 “Capella
559 1191 692 1269 scilicet,
716 1212 790 1277 quse
815 1192 963 1257 omnium
989 1191 1148 1257 malorum
1176 1192 1316 1257 istorum
1339 1164 1555 1259 ini-rii‘ii'oiis

354 1299 371 1325 “
395 1291 479 1356 tium
510 1297 569 1371 est,
600 1298 647 1387 et
672 1292 763 1358 illius
798 1294 922 1380 prioris·
946 1293 1137 1359 nominatio
1198 1293 1263 1358 His
1290 1293 1403 1379 itaque
1415 1268 1571 1368 lilil'tlt.

354 1402 370 1427 ‘¹
393 1394 670 1479 permanentibus,
701 1395 790 1460 inter
827 1417 887 1461 nos
906 1440 909 1445 -
925 1401 960 1461 et
989 1394 1160 1460 dominum
1189 1393 1403 1480 archiepisco·

353 1503 371 1528 “
392 1516 473 1583 pum
504 1496 599 1561 nulla
627 1518 774 1582 unquam
804 1496 928 1583 poterit
942 1518 1011 1562 esse
1038 1494 1238 1561 concordia.’'
1284 1493 1405 1560 Relata

353 1600 433 1661 sunt
453 1595 525 1662 hese
547 1596 617 1683 regi
640 1617 699 1683 per
722 1597 998 1684 ipsosepisoopos.
1046 1596 1090 1660 Et
1115 1595 1305 1683 respondit:
1338 1594 1404 1661 “Si

352 1704 371 1730 “
392 1696 458 1763 ista
482 1696 548 1762 duo
571 1694 703 1764 sublata
722 1698 848 1765 fuerint
871 1698 911 1763 de
934 1698 1051 1775 medio,
1075 1697 1116 1762 de
1139 1697 1266 1764 caeteris
1290 1718 1405 1782 quere·

352 1807 370 1834 ‘⁴
392 1799 435 1864 lis
459 1798 539 1885 quid
564 1800 619 1866 vel
645 1805 809 1887 qnantum
824 1800 948 1866 facient
968 1799 1176 1866 monachi?'’
1222 1798 1404 1865 Redeunti-

319 1917 322 1921 ·
351 1901 414 1966 bns
445 1901 560 1987 itaque
601 1901 739 1980 nuntiis,
777 1909 813 1968 et
853 1902 1032 1968 conventui
1063 1901 1280 1987 questionem
1317 1900 1404 1986 regis

351 2001 581 2082 referentibus,
623 2003 776 2071 monachi
816 2004 997 2069 dixenrnt:
1036 2002 1101 2068 “Si
1138 2001 1265 2089 capella
1301 2002 1403 2067 firerit

351 2114 369 2141 “
392 2105 551 2172 demolita
574 2106 735 2184 funditus,
757 2111 792 2171 et
815 2105 976 2192 Rogerius
996 2105 1038 2170 de
1063 2104 1213 2192 prioratu
1227 2100 1404 2190 depositus,

352 2209 492 2275 “cartis
523 2209 645 2274 nostris
682 2213 718 2272 et
754 2206 938 2294 privilegiis
976 2206 1143 2293 inspectis,
1173 2206 1215 2271 de
1250 2205 1404 2272 omnibus

352 2318 370 2344 “
392 2311 546 2398 angariis,
566 2314 602 2375 et
625 2308 779 2395 dampnis
804 2307 913 2403 illatis=
930 2313 966 2373 et
979 2306 1133 2372 omnibus
1155 2306 1230 2372 aliis
1252 2307 1404 2393 querelis,

352 2421 368 2445 “
392 2411 517 2478 domini
540 2411 626 2498 regis
649 2415 686 2476 et
703 2410 928 2497 episcoporum
952 2407 1188 2483 sustinebimus
1202 2409 1531 2509 arbitriumf’fflmkpg

352 2512 435 2578 Haeo
449 2513 587 2578 audiam
606 2533 666 2577 rex
676 2511 811 2598 gavisus
822 2514 882 2589 est,
897 2509 1114 2596 promisitque
1136 2510 1173 2574 in
1189 2511 1292 2576 verbo
1314 2511 1404 2597 regio
1416 2475 1535 2609 lq‘igrtpgd

351 2612 412 2678 et¹
447 2614 484 2678 in
527 2613 673 2702 periculo
715 2611 992 2700 peregrinationis
1026 2633 1096 2677 suae
1135 2616 1169 2676 et
1211 2611 1276 2677 ‘sic
1312 2612 1404 2677 Deus
1416 2613 1570 2714 ffssq'ffl

352 2715 539 2782 ‘honorem
569 2715 633 2781 sibi
663 2719 810 2782 servaret
834 2712 1019 2791 terrenum'
1042 2713 1130 2799 quod
1155 2712 1227 2779 haec
1253 2714 1328 2793 dno,
1351 2735 1403 2780 ca-
1416 2676 1573 2763 murima&-

351 2817 472 2904 pellam
495 2818 621 2885 scilicet
642 2824 678 2883 et
698 2818 850 2906 priorem,
873 2816 1008 2903 penitus
1040 2820 1216 2900 amoveret,
1244 2816 1274 2883 si
1296 2816 1404 2883 archi·

351 2920 522 3007 episcopus
543 2919 588 2986 ad
609 2919 672 2986 hoc
697 2908 887 2985 iaciendum
909 2938 977 2984 non
992 2922 1103 3005 posset
1124 2917 1247 2984 induci.
1284 2918 1405 2984 Relata

350 3028 431 3086 sunt
466 3020 538 3089 haeo
566 3021 810 3109 archiepiscopo
839 3022 875 3086 in
905 3020 1093 3117 praesentia·
1111 3020 1206 3107 regis,
1236 3026 1271 3087 et
1299 3021 1404 3107 ipsius

350 3123 451 3190 etiam
474 3144 572 3210 super
593 3123 656 3191 hoc
685 3124 868 3210 requiritur
889 3144 1049 3189 assensus.
1095 3122 1266 3188 Renititur
1296 3123 1403 3190 archi·
1467 3185 1469 3189 ,

350 3225 521 3312 episcopus
535 3226 635 3313 regiae
654 3225 880 3312 postulationi,
896 3224 1107 3312 suggestione
1118 3222 1300 3291 commotus
1322 3247 1402 3312 quo-

350 3326 491 3394 rundam
521 3327 755 3416 episcoporum,
779 3327 837 3412 qni
859 3325 1095 3393 monachorum
1125 3327 1282 3413 speciales
1308 3333 1404 3393 erant

287 3436 296 3450 ¹
349 3428 484 3496 inimici.
519 3428 642 3494 Verum
653 3450 729 3495 oum
755 3428 991 3515 archiepiscopi
1005 3428 1131 3493 duritia
1144 3449 1206 3495 nec
1220 3451 1279 3514 per
1292 3425 1543 3522 regemfflggrqg

349 3552 411 3597 neo
424 3553 484 3619 per
505 3531 587 3598 alios
602 3531 693 3618 pacis
715 3535 878 3598 amatores
901 3535 936 3597 et
946 3532 1034 3617 aequi
1050 3536 1161 3617 posset
1175 3531 1272 3610 flecti,
1285 3537 1320 3598 et
1330 3533 1401 3617 jam
1414 3488 1561 3631 Ὲέἑζω,

349 3633 420 3699 dies
446 3632 608 3700 deductus
630 3638 717 3699 esset
739 3632 777 3697 in
803 3654 984 3719 vesperam,
1008 3632 1271 3719 archiepiscopus
1297 3656 1401 3720 usque

349 3736 387 3800 in
412 3736 596 3802 crastinum
630 3735 852 3823 respondendi
878 3735 1002 3822 petivit
1031 3735 1193 3802 inducias.
1248 3736 1402 3803 Crastino
1439 3764 1539 3810 noem.

350 3842 463 3905 autem
487 3859 561 3905 cum
585 3837 749 3904 redissent
772 3838 809 3903 in
835 3837 871 3902 id
892 3838 1011 3925 ipsum,
1033 3837 1271 3925 archiepiscopi
1293 3815 1548 3959 denseti-effi?

349 3941 391 4005 de
414 3940 516 4006 verbo
539 3940 694 4005 hesterno
715 3940 896 4026 requiritur
917 3960 1076 4017 assensus
1092 3946 1127 4006 et
1144 3940 1215 4026 jam
1238 3940 1279 4006 de
1302 3915 1563 4027 pueritiis*
1588 4018 1594 4033 Ι

349 4042 483 4128 penitus
513 4042 705 4129 abnegatur.
766 4041 908 4108 Dicebat
942 4042 1031 4107 enim
1069 4042 1232 4127 injustum
1261 4064 1330 4108 esse
1360 4044 1402 4109 de
1414 4017 1569 4062 imm

345 4145 459 4234 ¹media
481 4150 576 4231 parte
610 4164 716 4211 cauare
744 4144 839 4230 qussi
869 4143 1058 4209 voluntarie
1088 4143 1250 4208 sustinere
1286 4144 1401 4211 decisi-

348 4267 454 4324 onem,
479 4253 514 4312 et
543 4252 656 4313 tamen
686 4246 728 4313 de
758 4246 825 4312 alia
854 4250 949 4332 parte
979 4244 1090 4311 subire
1112 4244 1285 4331 judicium.
1344 4245 1402 4311 In·

348 4348 474 4415 sistunt
499 4350 661 4429 monachi,
688 4348 881 4435 suppliciter
905 4353 1058 4435 petentes
1084 4354 1124 4413 ut
1157 4347 1237 4416 hinc
1263 4353 1297 4414 et
1323 4349 1401 4414 inde

348 4458 449 4518 cartes
471 4452 650 4517 videantur
672 4458 708 4517 ct
731 4450 914 4537 privilegia,
937 4450 1191 4517 consuetudines
1222 4451 1402 4517 recitentur

349 4562 384 4621 et
412 4555 500 4641 jura,
530 4555 673 4641 indeque
711 4575 788 4642 pars
818 4558 959 4639 utraque
998 4553 1157 4640 suscipiat
1195 4554 1283 4640 quod
1301 4555 1401 4642 juste

785 4863 960 4933 Ιει]οιιι.(ἓ.
