3588 5740
710 860 822 910 osuin
844 858 1034 908 nisrorucn
1331 843 1392 905 591

346 1045 489 1116 “injusti
514 1046 691 1116 gravaminis
716 1046 800 1100 nobis
824 1044 950 1099 infertur
977 1043 1059 1114 quasi
1083 1043 1201 1098 nomine
1218 1049 1324 1107 vestro,
1344 1041 1399 1096 scit
1428 1031 1548 1125 Afflff·

347 1131 365 1156 “
385 1128 463 1183 Deus
482 1129 558 1199 quod
576 1147 635 1184 non
652 1135 768 1183 tantum
792 1145 844 1200 pro
869 1127 1019 1182 vexatione
1042 1134 1141 1182 nostra
1163 1127 1213 1182 sed
1234 1128 1322 1182 etiam
1346 1141 1399 1197 pro
1413 1146 1525 1198 uheyus-

347 1213 365 1237 “
385 1212 539 1267 serenitate
557 1219 653 1267 vestra
673 1212 813 1275 dolemus,
833 1228 920 1282 quem
947 1210 1029 1265 decet
1055 1209 1150 1280 magis
1176 1225 1224 1264 eos
1249 1216 1400 1281 protegere
1412 1197 1536 1291 ffffioffiss‘

348 1297 366 1320 “
386 1294 437 1365 qui
462 1296 515 1349 sub
540 1295 700 1365 patrocinio
728 1300 824 1348 restro
852 1294 913 1348 Deo
936 1292 1043 1347 servire
1068 1291 1272 1363 disponuntur,
1295 1300 1324 1347 et
1348 1310 1400 1364 pro

347 1379 366 1403 “
385 1377 467 1432 vobis
485 1384 515 1433 et
532 1395 585 1449 pro
602 1378 707 1433 vostris
727 1378 822 1432 Deum
841 1376 999 1432 studiosius
1018 1393 1141 1431 exorare.
1180 1375 1255 1443 Quia
1274 1393 1355 1447 ergo,
1367 1382 1402 1430 ut

348 1461 367 1485 “
387 1459 498 1525 dicunt,
513 1460 697 1516 demandato
709 1466 804 1516 vestro
822 1461 907 1514 rebus
928 1459 1070 1523 omnibus,
1084 1465 1118 1513 ut
1132 1459 1194 1528 jam
1207 1458 1320 1530 saepius,
1337 1474 1400 1529 spo·

348 1545 366 1569 “
387 1542 451 1596 liati
476 1561 583 1608 sumus,
604 1544 770 1598 celsitudini
796 1548 900 1598 vestrm
926 1542 1001 1597 servi
1028 1542 1117 1596 vestri
1143 1541 1339 1612 supplicamus
1365 1541 1402 1594 ad

347 1629 367 1652 “
387 1626 482 1698 podes,
503 1628 639 1697 quatinus
663 1646 716 1699 pro
735 1645 832 1682 amore
858 1626 912 1680 Dei
936 1631 966 1680 ct
986 1625 1095 1678 honore
1112 1628 1207 1678 vestro
1222 1622 1357 1694 jubeatis,
1377 1624 1402 1678 si

347 1710 367 1734 ‘⁴
387 1709 491 1778 placet,
504 1710 631 1764 ecclesius
649 1717 753 1766 restrae
772 1710 848 1763 bona
865 1726 917 1763 sua
937 1707 1060 1762 restitui.
1097 1706 1149 1761 Nil
1165 1706 1243 1760 enim
1261 1723 1314 1760 nos
1331 1705 1401 1759 deli-

348 1791 483 1861 “quisse
510 1792 654 1847 credimus
678 1792 736 1846 nisi
754 1790 832 1862 quod
856 1791 887 1844 in
912 1790 970 1844 hiis
993 1788 1147 1859 inquibus
1171 1788 1308 1859 injuriam
1326 1788 1403 1860 passi

348 1876 368 1901 “
389 1891 488 1929 sumus
513 1875 550 1930 ab
577 1893 611 1930 eo
639 1876 690 1947 qui
714 1875 747 1928 in
773 1875 882 1930 talibus
909 1890 961 1928 nos
989 1872 1076 1927 habet
1099 1872 1237 1942 judicare,
1256 1873 1402 1943 justitiam

348 1958 368 1982 ‘⁴
388 1956 471 2011 nobis
488 1957 617 2012 exhiberi
636 1957 844 2030 postulamus.”

394 2052 448 2118 Sic
471 2054 572 2118 etiam
595 2056 796 2141 scripserunt
820 2052 1069 2138 archiepiscopo
1092 2051 1339 2117 Cantuariensi:

386 2155 404 2180 “
419 2154 569 2209 Huberto¹
589 2155 791 2212 Cantuariensi
817 2154 1033 2226 archiepiscopo
1058 2160 1215 2208 conventus
1233 2155 1355 2209 salutem
1374 2161 1404 2210 et
1417 2154 1526 2198 latterol

350 2241 369 2265 ‘⁴
389 2238 516 2295 debitam
547 2240 741 2295 obedientiam
770 2239 802 2294 in
834 2238 974 2294 omnibus.
1016 2236 1154 2306 Quotiens
1184 2237 1295 2308 aliquid
1320 2238 1403 2294 nobis
1416 2205 1548 2298 ppetpponhs

351 2323 369 2346 “
391 2320 491 2392 injusti
508 2323 688 2393 gravaminis
715 2322 870 2393 irrogatur,
889 2322 966 2391 quod
987 2338 1040 2376 nos
1065 2338 1123 2375 non
1146 2327 1207 2375 tam
1233 2321 1294 2392 pati
1319 2320 1403 2375 dede·
1416 2305 1561 2357 mimi·

350 2406 370 2430 “
390 2409 454 2458 eeat
472 2422 558 2475 quarn
577 2406 649 2459 alios
667 2405 783 2469 inferre,
800 2421 859 2457 non
879 2403 964 2457 modo
983 2421 1035 2475 pro
1054 2404 1208 2459 afflictione
1231 2410 1330 2459 nostra
1353 2405 1404 2460 sed

352 2488 420 2540 “et
449 2505 503 2559 pro
532 2489 642 2542 honore
672 2494 778 2552 vestro,
808 2487 863 2542 scit
897 2487 984 2552 Deus,
1004 2486 1097 2542 acrius
1127 2487 1289 2542 cruciamur
1318 2506 1405 2559 quam

352 2570 371 2594 ‘⁶
391 2570 513 2624 credunt
539 2571 733 2641 quamplures,
755 2576 784 2625 et
811 2575 944 2625 asserunt
969 2570 1048 2624 mala
1072 2588 1136 2641 quaa
1158 2571 1286 2641 patimur
1306 2572 1405 2626 omnia

353 2653 554 2723 “procurare
593 2653 793 2724 Intelligimus
811 2669 925 2724 quoque
949 2670 1097 2708 summum
1116 2653 1282 2724 pontificem
1307 2661 1336 2709 et
1360 2673 1405 2710 eo·

353 2735 372 2760 “
393 2735 510 2789 clesiam
534 2736 708 2801 Romanam,
733 2754 800 2790 cum
833 2736 904 2790 talia
933 2736 970 2790 ad
1001 2752 1048 2790 eos
1086 2737 1279 2807 proferuntur,
1299 2738 1406 2794 sentire

352 2820 372 2844 ‘⁴
393 2818 537 2883 similiter,
562 2826 591 2873 et
618 2819 683 2873 ideo
711 2824 813 2875 contra
849 2819 1053 2874 celsitudinem
1071 2826 1197 2874 vestram
1215 2821 1309 2875 acrius
1327 2838 1405 2876 com-

350 2904 370 2928 “
390 2903 509 2956 moveri.
547 2902 631 2971 Quod
655 2904 756 2973 utique
783 2908 866 2957 tanto
895 2908 1043 2974 portemus
1069 2903 1186 2972 gravius
1213 2910 1320 2974 quanto
1338 2921 1403 2976 gra-
1417 2924 1465 2968 ule
1473 2925 1529 2976 king

352 2986 371 3011 “
390 2984 462 3038 tiam
480 2991 605 3040 restrum
618 2992 705 3057 caput
722 2985 849 3057 primum
868 2991 898 3041 et
916 3003 1030 3041 causam
1046 2985 1211 3057 jurgiorum
1229 2988 1404 3059 praecipuam
1417 2974 1563 3017 h⁸⁸⁰ffl⁰¹⁰d

351 3070 370 3095 ⁴‘
390 3068 522 3123 videmus
540 3068 725 3132 destruxisse,
746 3074 775 3123 at
792 3086 893 3140 pacem
919 3068 955 3124 de
980 3074 1084 3124 eaetoro
1108 3076 1236 3124 nostram
1261 3070 1292 3123 in
1317 3088 1405 3124 manu
1417 3025 1565 3119 {pebpopgmt

350 3153 370 3176 “
392 3158 487 3207 vestra
507 3152 607 3223 perfici
629 3152 755 3222 petimus
780 3158 810 3207 et
838 3153 1047 3224 praestolamur.
1085 3124 1560 3225 Nuncerg0,domin033‘31¹{‘,¹,2}¹‘¹

352 3237 372 3260 “
392 3235 552 3299 karissime,
567 3236 706 3290 noveritis
724 3235 793 3306 quia
811 3236 929 3291 domino
947 3253 1016 3306 rege
1038 3235 1224 3307 praecipiente
1241 3238 1327 3291 rebus
1345 3254 1404 3291 om·
1418 3224 1564 3319 “ffiffig„

352 3318 370 3343 ‘⁸
393 3318 478 3372 nibus
496 3319 611 3388 spoliati
631 3337 740 3385 sumus,
762 3336 795 3374 eo
816 3319 902 3391 quod,
923 3321 1017 3374 vocati
1039 3338 1125 3392 super
1143 3320 1278 3391 capitulis
1290 3320 1405 3390 quibus·
1418 3289 1500 3371 irown.

353 3402 372 3424 “
392 3398 460 3453 dam
478 3400 648 3469 respondere
667 3419 731 3472 quae
750 3403 787 3456 ad
806 3402 937 3473 regiam²
955 3418 1090 3457 coronam
1114 3403 1269 3472 pertinent,
1283 3401 1406 3457 dicimus

353 3484 372 3509 ‘⁴
391 3486 426 3536 ut
450 3499 562 3553 semper
590 3499 643 3537 nos
670 3484 732 3538 sine
760 3484 842 3539 vobis
868 3491 970 3555 utpote
997 3485 1091 3556 capite
1116 3490 1215 3538 nostro
1233 3501 1286 3539 nec
1305 3484 1406 3540 debere

353 3568 370 3592 “
391 3582 446 3620 nec
464 3566 539 3620 velle
557 3565 621 3620 sisti
636 3566 757 3637 judicio.
799 3566 934 3638 Capitula
951 3583 1019 3621 vero
1037 3567 1100 3639 ipsa
1120 3567 1152 3620 iu
1172 3567 1328 3638 praeseutia
1344 3585 1406 3622 vea-

353 3650 372 3673 “
392 3653 439 3701 tra
460 3648 631 3718 quandoque
649 3648 772 3703 recitata
790 3654 867 3704 sunt.
911 3650 1067 3719 Indulgeat
1084 3650 1126 3705 cis
1146 3650 1223 3705 Deus
1240 3651 1291 3722 qui
1308 3651 1405 3723 hujus-

353 3733 372 3757 “
391 3729 472 3785 modi
499 3730 537 3784 ad
563 3733 744 3786 vexationem
775 3737 905 3786 nostram
933 3733 1149 3788 commentant³
1184 3734 1313 3789 Petimus
1337 3752 1407 3807 ergo

352 3815 373 3841 ⁴‘
393 3814 527 3885 quatinus
544 3831 597 3885 pro
609 3815 792 3869 restitutione
811 3820 910 3870 nostra
927 3816 1016 3888 pictas
1033 3822 1161 3888 paterna,
1181 3817 1256 3872 sicut
1267 3819 1406 3874 hactenus

353 3899 371 3924 ‘¹
392 3897 433 3952 ita
451 3902 481 3951 et
498 3915 584 3962 nuuc,
599 3915 669 3967 erga
687 3897 837 3953 dominum
851 3916 958 3970 regem,
973 3899 1048 3955 sicut
1065 3900 1150 3955 officii
1168 3902 1258 3955 vestri
1276 3901 1406 3957 debitum
1419 3906 1529 3967 ‘l’heyeu-

354 3983 373 4007 “
392 3981 564 4051 expostulat,
578 3986 674 4051 partes
704 3998 769 4035 suas
797 3981 952 4036 efficaciter
977 3982 1003 4038 si
1030 3983 1127 4054 placet
1154 3984 1327 4055 interponat,
1353 3958 1551 4052 necssgiiiaiign,

354 4066 371 4089 “
392 4062 553 4135 patrocinio
571 4068 667 4117 vestro
685 4079 737 4117 nos
756 4065 896 4135 reputetis
915 4064 1049 4136 indignos
1077 4066 1181 4137 quibus
1208 4068 1300 4123 nichil
1326 4068 1407 4123 aliud

354 4149 373 4175 “
393 4147 533 4219 imputari
550 4151 646 4219 potest
663 4147 710 4200 vel
729 4147 831 4219 inponi
848 4147 905 4203 nisi
926 4148 1004 4219 quod
1025 4148 1074 4220 jus
1092 4156 1224 4205 nostrum
1242 4151 1294 4206 sub
1308 4151 1408 4222 judice

356 4232 375 4256 “
396 4230 585 4300 postulamus.
625 4229 707 4298 Quod
729 4231 754 4284 si
779 4231 962 4303 aliquatenus
980 4232 1083 4298 movit,
1099 4249 1234 4304 rogamus
1254 4252 1290 4289 ne
1317 4236 1408 4290 animi

355 4316 374 4341 “
395 4312 486 4368 vestri
504 4313 714 4383 benignitatem
735 4313 880 4381 immutet,
901 4315 950 4370 sed
968 4316 1062 4386 magis
1080 4316 1112 4370 in
1136 4317 1180 4371 ira
1202 4318 1406 4374 misericordias

355 4398 374 4423 “
396 4394 570 4451 recordetur.
604 4394 737 4451 Valotc.'’

387 4612 395 4644 ¹
408 4609 535 4676 Haterio]
552 4610 599 4661 See
610 4611 731 4675 Epistola
744 4610 856 4663 Cautus·
942 4615 953 4648 ³
964 4618 1135 4685 carmentem]
1150 4628 1355 4681 commentatam,
1364 4623 1394 4672 B.

353 4692 456 4752 rienses,
467 4692 518 4742 No.
530 4692 609 4753 dxiv,
620 4708 645 4755 p.
658 4695 715 4743 479.
909 4704 1098 4757 commemoret,
1111 4699 1140 4749 C.

386 4769 512 4835 ²rcyt'rwt]
527 4770 604 4835 regis,
616 4772 650 4820 A.
663 4769 694 4821 C.
