3662 5728
388 832 452 903 176
588 848 751 899 usuvasu
774 848 935 898 uouncm
957 846 1232 900 caurofflausrs

235 1050 358 1128 nonna.
388 1039 478 1105 omni
511 1040 615 1106 tacita
648 1040 837 1106 conditione
870 1039 941 1126 regi
975 1037 1204 1116 concedantur,
1228 1057 1303 1122 quae
1328 1039 1443 1103 oontm

218 1118 338 1221 ondiffi'y
387 1141 475 1228 regis
512 1141 646 1207 libitum
683 1141 784 1208 avelli
820 1161 888 1207 non
917 1147 1059 1227 possent
1116 1147 1191 1203 Hac
1217 1152 1249 1204 et
1276 1144 1444 1218 hujusmodi

217 1219 333 1322 iiiiii*
365 1330 370 1335 ,
388 1243 531 1331 plurima
552 1258 735 1325 prosecutus,
754 1265 828 1310 cum
851 1242 1027 1329 primatem
1042 1241 1218 1328 reperisset
1231 1238 1443 1316 imm0bilem,

387 1346 570 1432 proverbe
600 1345 658 1411 illo
688 1345 874 1412 inconsulte
904 1350 1035 1412 mutato
1057 1365 1079 1410 a
1100 1343 1243 1429 primate
1273 1345 1443 1428 correptus

219 1456 339 1552 {23⁰5
388 1455 427 1511 ad
460 1457 580 1528 propria
614 1469 762 1514 reversus
802 1453 861 1513 est.
919 1455 1024 1512 Comes
1067 1446 1168 1511 etium
1205 1450 1378 1512 Vendomiae
1414 1454 1445 1505 et

218 1511 370 1651 ffiglffigfflt
388 1549 545 1635 magister
582 1558 731 1615 Robertus
761 1549 802 1615 de
833 1546 1035 1614 Meleduno¹
1069 1552 1104 1613 et
1135 1555 1225 1611 abbas
1255 1553 1292 1608 de
1327 1551 1442 1607 Eleino-

217 1658 345 1703 raimone
389 1659 454 1716 sina
483 1657 648 1718 venerunt
677 1651 722 1717 ad
752 1650 1042 1737 archiepiscopum,
1074 1648 1251 1714 suadentes
1281 1643 1444 1711 attentius

387 1758 428 1818 ut
463 1753 563 1841 regiae
600 1753 785 1819 consentiat
822 1751 998 1819 voluntati
1058 1756 1221 1815 asserebat
1266 1745 1444 1833 praedictus

387 1861 477 1919 abbas
507 1880 539 1919 ss
568 1880 587 1918 a
608 1854 742 1920 domino
773 1874 860 1941 papa
883 1874 953 1920 esse
975 1862 1122 1918 ᾰὶιοοιιιιιι
1144 1856 1184 1916 ut
1211 1871 1288 1916 eum
1310 1846 1444 1935 petitio·

386 1956 487 2022 nibus
507 1965 601 2037 regiis
622 1962 773 2023 moneret
794 1961 830 2023 et
851 1952 1047 2022 induceret²
1070 1951 1263 2020 consentire.
1312 1948 1443 2015 Dicebat

387 2059 477 2124 enim
519 2084 622 2140 regem
658 2066 856 2124 cardinalibus
889 2064 1081 2138 jurejurando
1122 2052 1317 2142 promisisse,
1355 2051 1444 2137 quod

387 2168 479 2225 nichil
505 2168 538 2224 in
562 2167 768 2240 praejudicium
799 2162 962 2246 quaereret
995 2163 1136 2232 ecclesia,
1165 2163 1218 2221 sed
1239 2154 1444 2221 solummodo

390 2285 489 2325 coram
515 2267 706 2342 optimatibus
731 2268 792 2325 suis
819 2267 966 2325 honorari.
1012 2258 1213 2341 Asscrebant
1245 2256 1295 2321 hii
1328 2262 1363 2322 et
1393 2255 1444 2320 illi

388 2361 458 2448 regi
481 2359 627 2428 sufficere
648 2360 692 2426 ad
714 2381 828 2446 paoem
850 2360 1111 2447 qualemcunque
1133 2360 1390 2447 promissionem,
1405 2362 1445 2425 ut

389 2463 448 2550 qui
463 2484 571 2530 coram
593 2461 810 2549 optimatibus
833 2463 901 2528 suis
915 2462 1066 2549 repulsus
1088 2467 1146 2540 est,
1162 2461 1285 2529 eisdem
1307 2461 1443 2528 audien·

389 2564 481 2630 tibus
510 2563 668 2631 honorem
684 2576 690 2587 '
705 2563 843 2631 haberet
871 2563 1092 2651 concupitum.
1138 2571 1315 2645 Magnorum
1344 2573 1444 2646 itaque

266 2684 281 2714 ¹¹
389 2677 520 2734 rherum
538 2677 682 2750 mutua
698 2670 733 2733 et
747 2668 892 2734 maxime
905 2666 1119 2744 familiarium
1135 2687 1269 2733 suonam
1283 2667 1445 2734 munda

389 2795 557 2850 persuasus,
570 2776 610 2834 ad
626 2778 868 2835 consentiendum
877 2770 1117 2857 quodammodo
1133 2774 1264 2837 mactus
1279 2772 1349 2835 est:
1366 2777 1444 2834 uude
1524 2802 1527 2807 ·

220 2884 316 2930 osunen
389 2898 442 2938 rex
473 2870 610 2937 hilarior
639 2872 774 2939 effectus
805 2880 896 2954 jussit
917 2858 993 2960 post
1023 2873 1188 2940 modicum
1218 2880 1296 2952 apud
1326 2880 1443 2937 Olaren·

219 2936 357 3032 dilui-hida
390 2981 509 3038 doniam
537 2974 733 3061 pontificum
763 2980 798 3041 et
826 2996 998 3062 procerum
1020 2985 1088 3058 cogi
1113 2983 1271 3042 concilium
1295 2998 1354 3055 quo
1378 2998 1443 3054 pro·

389 3074 481 3130 missa
498 3074 656 3133 solenniter
674 3076 866 3134 solverentur.

220 3190 310 3235 musra
317 3191 342 3234 or
435 3159 568 3227 Interea
597 3161 754 3248 magister
782 3162 948 3230 Robertus
971 3162 1011 3228 da
1034 3161 1210 3228 Meleduno
1239 3160 1362 3226 electus
1392 3163 1443 3226 est

220 3242 363 3336 {diff
390 3261 433 3327 ad
459 3262 606 3349 regimen
638 3264 888 3331 Herefordensis
923 3264 1075 3344 ecclesias,
1108 3286 1206 3351 quem
1240 3264 1444 3330 consecravit

220 3341 346 3462 diffie
391 3363 532 3431 Th0mss
563 3364 825 3453 archiepiscopus
856 3367 893 3432 in
924 3367 1060 3434 ecclesia
1093 3365 1218 3431 Christi
1251 3364 1442 3433 Oantuariae

219 3442 315 3488 ΒΜ
389 3467 441 3531 xi⁰
463 3466 623 3533 kalendas
643 3467 805 3547 donatarii,
827 3475 962 3556 accepta
990 3470 1082 3557 prius
1111 3468 1291 3536 abeodem
1321 3469 1444 3558 profea-

389 3568 480 3636 eione
503 3569 544 3636 de
566 3570 723 3637 canonica
744 3570 955 3659 subjectione.

762 3860 1076 3930 Moenum-VI.

221 4026 360 4139 &affl
437 4024 636 4116 Congregati
670 4032 750 4094 sunt
783 4040 923 4111 praesules
951 4045 982 4096 et
1007 4054 1144 4112 proceres
1165 4026 1343 4116 Anglicani
1359 4037 1444 4113 regni
1457 4058 1605 4114 Hethos.

221 4144 357 4196 ebremou,
392 4138 470 4211 apud
498 4139 720 4195 clarendoniam
753 4132 789 4196 in
822 4130 1006 4197 festivitate
1037 4129 1151 4195 Sancti
1183 4130 1324 4218 Hylarii.
1371 4134 1444 4201 Rex
1457 4127 1613 4178 lib·ffi·⁰·2⁰·

221 4195 276 4240 seu
284 4199 316 4241 ω’
384 4231 496 4318 igitur
518 4231 682 4299 Hernicus
704 4233 794 4320 quod
816 4239 893 4299 ante
917 4232 1088 4299 blandiens
1104 4230 1158 4296 vel
1173 4234 1312 4300 saeviens
1333 4241 1445 4323 postu·
1458 4194 1589 4313 pipant

390 4331 527 4413 laverat,
554 4333 626 4420 jam
663 4356 753 4402 nunc
790 4335 885 4423 quasi
914 4335 1088 4403 minaciter
1114 4344 1213 4417 exegit
1236 4352 1271 4402 ut
1296 4345 1353 4402 sibi
1380 4365 1447 4421 pro·

425 4613 595 4683 ¹Meleduno]
617 4618 762 4680 Meledme,
774 4619 821 4681 0.;
838 4619 892 4671 Ro-
970 4619 1329 4691 ²m01...uduwer]
1360 4628 1448 4675 mouet

391 4693 595 4824 ffifflun’
607 4695 855 4763 ahemmdsbishop
866 4696 896 4750 of
940 4735 947 4749 .
965 4733 973 4751 .
990 4735 997 4750 .
1014 4698 1119 4764 inducit,
1130 4699 1161 4752 C.
