3662 5728
608 878 613 889 .
716 860 828 910 orme
849 859 1040 910 msromcs.
1338 847 1401 910 159

348 1043 532 1131 thonienei'
558 1042 691 1130 Nigello
728 1042 888 1120 Heliensi‚
918 1040 1085 1107 Willelmo
1124 1040 1339 1118 Norwieemi
1370 1044 1405 1105 et
1434 1029 1559 1126 ffissff

349 1145 503 1215 Johanne
518 1145 748 1233 Wigomiensi.
783 1145 887 1211 Dedit
901 1149 1014 1210 autem
1036 1143 1298 1230 archiepiscopus
1318 1142 1404 1208 Can·
1417 1146 1560 1241 ffigwmh,

350 1248 527 1314 tuariensis
558 1246 862 1335 archidiaconatpm
892 1246 1023 1313 cuidam
1050 1245 1167 1312 clerico
1197 1266 1265 1324 suo,
1281 1244 1406 1312 scilicet
1419 1248 1511 1292 dm

350 1349 485 1417 Thomae
515 1350 556 1416 de
593 1349 772 1429 Londonia,
810 1349 885 1415 viro
921 1348 1099 1415 admodum
1137 1352 1272 1414 strenuo
1305 1352 1406 1433 atque

350 1452 476 1540 ingenii
501 1451 706 1540 perspicacis.

396 1554 509 1621 Mense
538 1555 675 1621 Octobri
712 1576 771 1620 rex
801 1553 923 1619 iterum
952 1553 1067 1621 comiti
1098 1552 1292 1620 Flandrensi
1318 1552 1406 1639 apud
1420 1553 1558 1650 fflnw

351 1657 532 1723 Dovoriam
579 1656 728 1735 occurrit,
767 1661 802 1721 et
838 1677 913 1723 cum
959 1677 999 1722 eo
1042 1655 1242 1742 colloquium
1279 1656 1405 1721 habuit.
1420 1617 1526 1750 gffl

352 1758 497 1826 Dimisso
518 1764 632 1825 autem
654 1763 731 1846 post
752 1757 952 1845 colloquium
986 1758 1115 1835 comite,
1137 1780 1198 1824 rex
1219 1758 1330 1824 subito
1357 1757 1406 1821 ilii
1419 1758 1539 1802 Mer&

351 1862 462 1929 dolore
484 1883 561 1929 cum
583 1867 741 1928 veterano
763 1860 1005 1928 emoroidarum
1028 1860 1123 1925 fluxu
1146 1861 1309 1927 violenter
1338 1881 1408 1927 eor-

274 1942 276 1946 ·
352 1965 481 2052 ripitur,
512 1968 548 2030 et
587 1964 711 2030 ibidem
741 1963 778 2028 in
809 1963 901 2031 curie
937 1962 1182 2052 monachorum}
1209 1964 1407 2030 decumbens
1421 1960 1532 2064 gfflffi

354 2067 441 2132 diem
479 2066 599 2133 clausit
636 2072 822 2133 extremum
854 2071 970 2132 octavo
1000 2064 1162 2132 kalendas
1200 2065 1408 2131 Novembris.
1421 2062 1514 2107 ΟΜ·

355 2167 482 2255 Corpus
504 2190 583 2234 vero
605 2165 733 2254 ipsine·¹
755 2165 821 2233 ad²
843 2166 1045 2233 Faversham
1066 2166 1213 2234 delatum
1237 2172 1296 2244 est,
1317 2167 1411 2233 etin

354 2271 490 2337 eeclesia
526 2271 703 2357 sepultum.
750 2268 929 2335 Tumulato
966 2270 1079 2355 itaque
1112 2288 1190 2358 rege
1230 2269 1409 2358 Stephano

354 2378 451 2439 tante
495 2394 563 2460 pax
596 2395 655 2459 per
678 2371 844 2459 ,Angliem
874 2376 960 2436 nutu
1002 2371 1116 2438 divino
1148 2377 1183 2438 et
1217 2376 1410 2460 cooperante

356 2475 568 2543 Theodbaldo
584 2475 817 2542 Cantuariensi
832 2473 1075 2563 archiepiscopo
1090 2474 1180 2540 faeta
1195 2481 1253 2553 est,
1269 2483 1309 2539 ut
1324 2476 1411 2540 inter
1423 2485 1548 2579 rhoffi

357 2585 408 2644 tot
441 2578 587 2643 miiitum
616 2584 652 2643 et
685 2577 940 2643 Eiandrensium
966 2576 1119 2664 luporum
1143 2577 1293 2645 cohortes
1314 2597 1410 2643 nemo
1423 2549 1562 2641 ffiaa

356 2681 392 2746 in
418 2680 522 2746 alium
544 2701 662 2746 manus
685 2679 836 2745 mitteret
858 2679 1030 2745 violentes.

402 2782 481 2849 Post
510 2786 650 2847 mortem
676 2782 789 2867 itaque
820 2781 907 2868 regis
938 2780 1100 2867 Stephani
1123 2780 1258 2847 evoluto
1288 2781 1411 2847 mensis
1424 2794 1507 2889 affin

357 2885 456 2949 unius
489 2884 597 2971 spatio
627 2889 662 2950 et
691 2883 834 2971 amplius
864 2904 911 2960 eo,
942 2883 1014 2948 dux
1042 2882 1207 2948 Henricus
1238 2884 1279 2949 de
1317 2884 1411 2949 obitu
1424 2857 1582 2941 nonciatur.

357 2986 443 3074 regis
469 2987 588 3053 certior
617 2985 797 3064 effectuae
822 2984 1028 3072 principibus
1049 2984 1181 3072 Angiise
1211 2989 1347 3052 vocatus
1378 2990 1413 3051 et

357 3087 514 3175 apopulo
538 3086 750 3166 desideratus,
765 3106 886 3174 magna
907 3084 1074 3175 stipatus8
1094 3086 1257 3153 nobilium
1279 3093 1413 3154 caterva

358 3192 402 3257 ad
431 3212 521 3257 mare
551 3190 728 3258 descendit.
775 3190 821 3254 Et
849 3190 928 3255 licet
956 3190 1219 3277 repugnantibus
1249 3192 1347 3270 auris,
1378 3195 1413 3257 et
1425 3196 1546 3292 33⁰¹?ss

359 3293 495 3380 navigio
517 3293 671 3381 disperso,
687 3292 724 3357 in
746 3291 870 3379 Anglia
891 3297 1004 3358 tamen
1027 3292 1115 3378 apud
1129 3292 1331 3359 Hostreham
1354 3315 1410 3382 ap·
1425 3278 1532 3393 332*ss

358 3395 477 3481 plicuit
510 3400 605 3462 sexto
628 3395 703 3460 idus
726 3392 923 3461 Decembris.
979 3392 1194 3483 Congregatis
1221 3418 1300 3474 vero
1331 3417 1412 3483 quoe
1425 3362 1579 3495 supine?

360 3519 449 3563 mare
465 3498 664 3585 disperserat
686 3496 789 3576 sociis,
804 3495 1010 3561 Wintoniam
1025 3497 1186 3582 pervenit,
1200 3498 1313 3586 ibique
1336 3462 1575 3597 0011·Ξέξῇ

360 3600 536 3666 fluentium
560 3601 604 3666 ad
623 3622 658 3666 se
684 3598 872 3686 principum
898 3598 1077 3664 fidelitates
1102 3601 1236 3688 accepit.
1282 3600 1411 3667 Deinde

360 3702 565 3770 Londoniam
587 3702 693 3790 petiit,
716 3702 868 3789 proxima
889 3701 1065 3769 Dominica
1086 3708 1164 3768 ante
1188 3702 1413 3769 Nativitatem

361 3804 527 3869 Domini⁴
563 3804 775 3871 coronandus.
844 3803 954 3890 Igitur
995 3804 1216 3869 sextodecimo
1252 3804 1413 3871 kalendas

360 3906 513 3973 Januarii
543 3911 717 3974 coronatus
747 3910 799 3972 est
836 3928 897 3972 rex
933 3905 1099 3972 Henricus
1136 3906 1225 3972 filius
1263 3906 1414 3974 Matildis
1426 3912 1566 4007 &piapen

360 4008 578 4096 imperatricis
608 4031 629 4075 a
658 4007 870 4075 Theodbaldo
902 4005 1134 4073 Cantuariensi
1171 4008 1414 4097 archiepiscopo
1426 3976 1532 4060 nats.

360 4112 465 4187 totius
490 4111 622 4198 Angli'ae
646 4111 787 4199 primate
812 4116 847 4177 et
872 4112 1059 4198 apostolicae
1084 4112 1170 4177 sedis
1192 4112 1309 4201 legato,
1325 4115 1415 4200 apud

361 4212 701 4293 westmonasterium,
732 4212 920 4280 astantibus
950 4218 985 4279 et
1022 4214 1271 4300 cooperantibus
1308 4215 1414 4281 archi·

362 4315 522 4403 episcopis
544 4316 682 4394 duobus,
705 4315 866 4402 episcopis
880 4314 973 4393 xiiii,
990 4315 1165 4382 comitibus
1188 4321 1222 4381 et
1236 4316 1414 4383 baronibus

397 4518 510 4585 ¹iprt'us]
524 4518 640 4580 illinac.
737 4539 739 4547 ¹
912 4532 964 4567 uae
983 4517 1026 4568 the
1040 4517 1109 4580 reth,
1120 4526 1166 4570 not
1182 4519 1226 4571 tire
1240 4520 1300 4574 utu
1315 4519 1344 4572 oi
1362 4522 1415 4573 De-

396 4597 466 4664 ῃαιὶ]
481 4598 555 4662 apud,
568 4598 598 4650 C.
634 4652 640 4669 ‚
911 4599 1027 4649 cemberz
1048 4599 1147 4650 Robert
1168 4600 1201 4651 de
1219 4601 1309 4652 Monte
1327 4602 1414 4667 places

395 4676 541 4743 ⁸stipetur]
558 4676 723 4742 constipatus,
735 4676 765 4728 C.
910 4677 954 4728 the
965 4676 1111 4730 coronation
1122 4693 1158 4730 on
1176 4679 1219 4732 the
1239 4680 1351 4748 sweep,
1368 4683 1416 4735 but

396 4756 474 4808 ⁴'i'he
497 4753 865 4822 smyrnensem
910 4756 1165 4810 makesittheatth.
