3588 5740
448 926 514 990 514
648 936 812 988 oaavlsn
833 935 995 987 nossem
1018 934 1297 987 mmuanrausrs

296 1144 418 1189 annas
447 1125 592 1192 traditus
629 1129 688 1192 est
750 1124 901 1191 Odarant
933 1122 1022 1190 enim
1060 1145 1137 1190 eum
1175 1131 1211 1191 et
1246 1124 1353 1212 ipsius
1389 1122 1504 1212 glorioe

279 1206 389 1303 W
448 1226 655 1306 invidebant,
676 1248 715 1293 eo
746 1228 835 1314 quod
859 1226 897 1291 in
919 1225 1090 1292 obsidione
1115 1232 1150 1293 et
1172 1226 1326 1315 captione
1355 1226 1504 1293 civitatis

279 1307 424 1403 diffidam
449 1331 561 1398 Accon
582 1330 620 1395 in
641 1352 677 1396 re
706 1329 846 1395 militari
875 1329 1058 1416 promptior
1087 1335 1174 1396 esset
1201 1335 1303 1417 atquo
1332 1330 1489 1418 paratior3

280 1408 408 1520 diti-‘⁷¹'
450 1440 487 1501 et
515 1433 604 1521 quod
642 1431 781 1519 inrum
810 1431 954 1497 insulam
984 1430 1145 1519 grandom
1178 1430 1268 1498 solus
1297 1432 1504 1518 adquisisset

282 1507 393 1554 md*
451 1537 497 1604 Et
522 1558 599 1604 cum
622 1536 746 1602 multos
776 1556 820 1600 ex
844 1534 965 1600 merito
989 1534 1127 1601 haberet
1150 1535 1297 1614 aemulos,
1319 1533 1506 1622 specialiter

450 1646 564 1707 tamen
593 1640 686 1707 ducis
709 1638 833 1705 Ostrici
855 1637 1040 1725 malignum
1070 1639 1213 1705 incurrit
1242 1639 1364 1704 odium.
1420 1636 1506 1703 (tum

450 1744 540 1810 enim
562 1742 734 1809 civitatem
748 1741 862 1807 Accon
883 1740 1106 1827 irrumperent
1121 1739 1314 1819 Christiani,
1329 1746 1365 1808 ct
1383 1738 1508 1806 diversi

319 1842 326 1888 ἶ
451 1846 584 1912 diversa
605 1844 754 1911 civitatis
775 1843 923 1930 hospitia
944 1847 1109 1929 caperent,
1134 1843 1172 1907 in
1195 1843 1401 1909 nobilissimo
1425 1843 1507 1909 civi-

451 1948 535 2014 tatis
550 1946 676 2034 palatio
697 1946 830 2034 signum
846 1944 940 2011 ducis
962 1943 1130 2010 elevatum
1152 1950 1212 2011 est
1260 1945 1357 2026 Quod
1372 1945 1507 2010 intuens

452 2071 514 2116 rex
528 2054 564 2115 et
585 2048 750 2127 invidens,
766 2067 868 2113 manu
890 2046 1038 2111 militum
1053 2045 1168 2112 valida
1189 2046 1353 2115 vexillum
1376 2046 1507 2132 dejecit,

451 2153 634 2239 ducemque
663 2156 734 2217 tam
756 2154 852 2238 grato
881 2148 1041 2237 spoliavit
1071 2148 1240 2238 hospitio:
1262 2149 1353 2216 unde
1378 2150 1450 2215 dux
1471 2154 1508 2214 et

451 2254 627 2321 Teutonici
648 2274 762 2319 omnes
784 2252 998 2340 indignantes
1019 2251 1184 2332 abienrnt,
1200 2252 1337 2339 regique
1358 2250 1508 2318 rudituro

451 2352 568 2423 multis
593 2359 631 2423 in
651 2357 731 2425 locis
752 2361 937 2444 posuerunt
958 2355 1107 2436 insidias,
1131 2361 1168 2422 ct
1192 2356 1338 2436 tandem,
1363 2360 1404 2421 ut
1424 2354 1507 2434 dixi,

452 2464 570 2548 captus
592 2462 652 2526 est.

302 2809 427 2860 annu.
819 2793 1135 2864 laxem-XVI}

285 2966 432 3069 ffgffig‘*
498 2962 585 3029 Mira
610 2983 722 3028 rerum
745 2962 969 3042 commutatio,
984 2962 1043 3029 sed
1065 2968 1101 3029 et
1123 2962 1222 3029 samm
1244 2961 1395 3030 confinio
1416 2963 1510 3029 facta

285 3067 511 3162 fflgfflf‘iast
559 3065 646 3133 cum
667 3063 757 3130 onim
779 3064 915 3151 plurimi
946 3065 1128 3131 adventum
1158 3064 1246 3152 regis
1277 3065 1314 3129 in
1343 3065 1509 3131 Norman·

244 3173 247 3178 '
287 3172 391 3221 “W
453 3169 544 3235 niam
575 3166 802 3255 praedicarent,
825 3173 862 3233 et
892 3167 935 3233 ob
968 3167 1031 3234 hoc
1061 3167 1198 3255 plurimi
1229 3168 1444 3235 convolarunt
1471 3169 1509 3233 in

453 3270 703 3349 Normenniam,
726 3270 767 3336 do
789 3270 941 3357 captione
970 3270 1077 3357 ipsius
1099 3271 1211 3337 subito
1232 3293 1385 3337 murmur
1404 3271 1509 3337 incre-

453 3374 537 3451 buit,
560 3373 783 3459 omniumque,
807 3378 842 3438 et
864 3372 1010 3439 maxime
1032 3373 1268 3455 invidentium,
1284 3395 1342 3440 ora
1363 3374 1509 3440 resolvit

453 3479 665 3545 Innovantur
686 3475 776 3542 illico
798 3476 1052 3563 circumquaque
1074 3499 1135 3564 per
1154 3477 1313 3566 Angliam
1335 3478 1377 3544 de
1402 3476 1510 3543 fideli·

454 3586 525 3647 tate
547 3580 618 3667 regi
632 3579 796 3645 servanda
817 3584 1029 3658 sacramenta,
1045 3580 1199 3646 civitates
1221 3585 1256 3646 et
1270 3579 1393 3667 oppida
1405 3580 1511 3645 muris

456 3689 492 3750 et
512 3681 767 3771 propugnaculis
789 3682 995 3749 muniuntur.
1048 3682 1173 3748 Verum
1195 3681 1240 3749 ι’
1259 3704 1337 3770 rege
1352 3682 1510 3762 Francius,

457 3785 516 3872 qui
547 3785 673 3872 primus
704 3788 776 3851 erat
809 3784 1037 3850 invidentium
1058 3789 1094 3850 et
1114 3784 1309 3872 praecipuus‚
1333 3789 1369 3850 et
1390 3785 1511 3851 comite

457 3888 481 3954 J
482 3888 612 3954 ohanne
646 3887 705 3974 qui
738 3887 826 3975 regis
863 3892 936 3954 erat
971 3886 1101 3954 irater³
1137 3888 1298 3966 uterinus,
1324 3887 1511 3974 conjuratio

289 3998 433 4095 Μωρέ
456 3991 570 4057 valida
591 3990 682 4058 facta
704 3995 763 4057 est.
815 3989 871 4054 Ad
893 3995 1015 4055 nutum
1036 3990 1150 4076 itaque
1172 3990 1325 4078 praedicti
1346 3989 1511 4056 Johannis

290 4099 407 4154 amima
456 4100 491 4161 et
512 4095 707 4161 mandatum
729 4093 816 4181 regis
831 4093 987 4172 Franciae,
999 4094 1053 4160 cui
1070 4094 1142 4180 jam
1164 4094 1290 4161 fecerat
1310 4093 1511 4182 homagium,

456 4203 536 4264 sunt
566 4197 759 4265 coadunata
790 4216 892 4261 naves
923 4195 1075 4283 plurimae
1108 4196 1198 4282 apud
1232 4195 1453 4275 Witsundum,
1475 4201 1512 4262 at

455 4302 630 4369 innumera
662 4299 916 4366 Elandrensium
947 4298 1130 4365 multitudo
1167 4298 1294 4365 deliciis
1315 4299 1511 4388 Anglieanis

455 4405 501 4471 ab
531 4403 611 4471 olim
644 4402 799 4469 invidens
830 4406 865 4467 et
896 4401 1008 4487 copiis,
1030 4406 1071 4467 ut
1100 4402 1145 4467 ad
1174 4402 1362 4488 proximum
1385 4400 1513 4468 Pascha

456 4506 513 4572 vel
543 4505 723 4573 Parosoeue
753 4503 909 4570 bellaturi
939 4503 1139 4591 navigarent
1168 4503 1206 4569 in
1231 4503 1396 4591 Angliam
1443 4503 1511 4571 Sed

489 4795 955 4851 ¹m0acm00n1c0auuss.
1037 4795 1198 4865 ’qous

457 4879 597 4930 amsa.
1036 4874 1342 4944 &mamasac
