3572 5744
722 916 833 966 ornan
856 914 1048 965 russorum.
1360 895 1403 966 79

354 1103 529 1193 “tegebat
557 1109 598 1169 ut
619 1103 724 1171 filiam
754 1122 847 1168 suam
877 1100 1153 1189 specialissimam.
1208 1098 1291 1166 Haec
1316 1097 1405 1164 onim
1419 1126 1537 1221 ψῃ,

355 1218 372 1244 “
393 1230 461 1275 non
485 1212 535 1273 eet
561 1208 720 1273 Romanas
744 1205 888 1272 ecelesiae
913 1203 1038 1290 capella
1064 1204 1104 1268 dc
1127 1203 1232 1290 longo,
1253 1201 1310 1267 sed
1336 1200 1407 1266 filia
1418 1179 1554 1322 {ezidiuiii

355 1322 372 1349 “
394 1311 543 1400 specialis
572 1332 738 1398 genarosae
765 1309 881 1375 matris
912 1330 954 1373 ex
982 1307 1101 1373 intimo
1131 1307 1305 1394 progenita
1331 1326 1405 1371 san·
1426 1388 1430 1396 .
1455 1291 1498 1326 Μ’

356 1423 371 1450 “
394 1413 503 1500 guina.
549 1412 800 1505 Cantnariensis
823 1409 960 1503 eeclesia
981 1410 1163 1476 Romanam
1187 1409 1325 1497 gloriam
1348 1430 1407 1495 per

356 1520 502 1582 “totam
533 1515 698 1602 Angliam,
730 1513 885 1591 Scotiam,
912 1511 1076 1591 Walliam,
1107 1512 1324 1589 Britarmiam,
1347 1533 1407 1577 cao-

356 1626 373 1654 “
396 1623 546 1703 totasque
577 1616 844 1702 circumjacentes
867 1615 1000 1693 insulas,
1026 1615 1190 1682 dilatavit.
1238 1614 1316 1701 Ipsa
1339 1612 1408 1679 sola
1421 1644 1516 1690 nomos

356 1729 374 1756 ‘⁸
396 1720 570 1797 medianto,
596 1740 664 1784 non
699 1718 804 1783 solum
832 1717 947 1784 Sancti
970 1717 1150 1804 Augustini
1177 1717 1325 1794 coenobii,
1351 1717 1409 1782 scd
1420 1694 1572 1801 &isitium

357 1830 374 1857 “
396 1828 430 1888 ct
459 1823 607 1888 omnium
633 1821 842 1888 ecclesiarum
873 1819 1005 1906 Angliae
1036 1825 1070 1885 et
1100 1818 1230 1885 Walliae
1261 1819 1408 1884 obtinere

357 1924 567 1991 “consuevit
597 1924 827 2010 principatum,
858 1928 894 1988 et
919 1921 1008 1988 beati
1034 1922 1123 1988 Petri
1147 1922 1284 2008 suscipit
1310 1922 1409 1987 dens·

358 2036 375 2061 “
396 2026 491 2091 rium.
530 2024 627 2106 Quod
644 2025 733 2090 enim
749 2024 854 2089 Roma
877 2028 927 2088 cst
941 2023 984 2088 ad
1008 2022 1180 2089 Franciam
1196 2030 1230 2089 ot
1244 2023 1408 2109 Angliam
1422 2055 1567 2111 Quartum

358 2138 375 2164 “
397 2135 431 2194 at
460 2128 503 2193 ad
533 2126 752 2192 universalem
783 2125 961 2202 ecclesiam,
990 2124 1054 2205 hoc
1078 2131 1129 2190 est
1155 2124 1336 2191 Contraria
1366 2108 1550 2203 admits

1423 2209 1557 2253 Romaim

287 2224 292 2232 ’
358 2239 374 2267 “
396 2230 615 2317 Anglicanam
641 2229 818 2295 ecclesiam.
866 2227 974 2294 Tanta
991 2228 1078 2293 enim
1102 2228 1218 2294 extitit
1239 2227 1409 2313 hucusque
1421 2260 1463 2321 th,
1471 2260 1557 2303 ,emh

357 2344 374 2371 ⁴‘
396 2333 568 2400 familiaris
598 2334 710 2398 unitas
740 2333 829 2398 inter
859 2332 1041 2398 Romanam
1071 2333 1112 2397 et‘
1136 2330 1409 2398 Cantuarionsem
1422 2310 1545 2355 uum·

359 2447 376 2472 ⁰
398 2437 573 2514 ecclesiam,
601 2441 641 2501 ιιι
665 2456 732 2501 ιιοιι
759 2435 835 2502 dum
859 2435 916 2500 sed
937 2456 1005 2500 una
1031 2440 1066 2500 et
1092 2435 1205 2500 eadem
1232 2436 1409 2511 videretur,

360 2549 376 2575 “
399 2544 561 2625 quantum
576 2538 700 2603 attinet
714 2538 787 2602 dico
808 2537 851 2602 ad
873 2537 1101 2624 praelationem
1117 2542 1151 2602 et
1166 2537 1408 2622 subjectionem.

360 2650 376 2677 “
399 2640 549 2706 Romana
573 2639 661 2705 enim
697 2626 861 2715 securitas,
895 2642 935 2702 ιιι
959 2638 1096 2724 dignum
1123 2644 1181 2716 est,
1207 2659 1275 2704 non
1305 2638 1410 2703 solum
1424 2665 1554 2728 mamea

360 2750 377 2778 “
401 2741 614 2812 cantuarinae
652 2740 708 2806 sed
746 2746 780 2806 et
814 2740 879 2806 toti
916 2739 1093 2805 mundanae
1131 2739 1276 2825 praeferri
1313 2716 1556 2829 debetfiidiiiiitl’³

362 2854 379 2880 “
401 2844 552 2911 ecclcsiae.
598 2844 695 2909 Hanc
718 2843 972 2930 praerogativam
997 2841 1245 2908 Cantuaricnsis
1268 2842 1410 2909 eccesie
1424 2823 1552 2913 {iiiiii

362 2956 379 2981 “
402 2946 551 3011 instituit
566 2945 751 3033 Gregorius,
777 2945 861 3011 hanc
885 2947 1095 3012 conservavit
1121 2946 1228 3012 omnis
1251 2919 1567 3013 summensteten

362 3059 379 3085 “
403 3049 481 3136 ejus.
528 3049 570 3114 In
592 3047 653 3114 hoc
679 3054 790 3115 autem
817 3054 931 3114 nostro
953 3048 1042 3114 foedo
1068 3048 1133 3114 fine
1153 3054 1338 3137 temporum
1354 3072 1412 3136 pro

361 3162 378 3187 “
402 3151 564 3216 universis
587 3151 655 3215 suis
681 3149 743 3216 hoc
770 3150 913 3237 suscepit
941 3150 1075 3230 meritis,
1092 3156 1132 3215 ut
1155 3152 1217 3217 sub
1242 3151 1413 3237 patrissui

363 3254 544 3320 “Romani
575 3252 741 3340 pontificis
770 3253 972 3339 protectione
998 3274 1066 3317 non
1095 3254 1201 3327 solum
1224 3254 1267 3319 ab
1293 3254 1413 3320 abbate
1425 3274 1548 3337 moma-

364 3367 379 3392 «
404 3356 518 3423 sanci
533 3355 715 3442 segnem
740 3361 775 3420 a
798 3356 866 3420 sua
892 3356 1070 3433 monacha,
1086 3357 1143 3422 see
1165 3363 1200 3422 a
1214 3357 1258 3421 n
1279 3326 1568 3470 teuerstatt}

364 3470 380 3496 “
403 3459 535 3537 clericis
552 3458 734 3546 pellipariis
748 3464 783 3523 et
806 3458 974 3524 sutoribus
988 3464 1248 3547 contempnatur.
1282 3460 1412 3525 Timcn-
1424 3428 1535 3531 ciiipiin'

364 3571 381 3598 “
405 3563 483 3628 dum
514 3566 572 3638 est,
602 3565 698 3648 pater
734 3561 797 3648 pie,
829 3560 916 3647 quod
947 3562 1118 3627 minantur
1156 3570 1191 3628 et
1230 3567 1413 3650 suggerunt

363 3675 380 3701 “
404 3664 547 3752 plurimi,
562 3685 604 3728 ne
619 3668 726 3729 mator
740 3663 843 3729 filiam
866 3664 1038 3751 profugam
1053 3665 1162 3743 faciat,
1178 3688 1277 3751 quam
1292 3665 1413 3731 crebris

365 3778 382 3803 “
405 3767 535 3853 injuriis
558 3766 696 3843 irritare,
724 3765 946 3852 dignitatibus
967 3767 1034 3831 suis
1060 3774 1094 3833 et
1119 3768 1261 3832 subditis
1283 3769 1413 3855 privare
1525 3776 1528 3780 '

365 3879 472 3934 “non
496 3873 609 3935 cessat.
656 3867 722 3933 Sed
742 3868 813 3953 jam
840 3889 937 3946 nunc,
961 3875 1056 3956 pater
1081 3870 1144 3956 pie,
1165 3870 1251 3956 juris
1277 3875 1312 3935 ot
1326 3870 1583 3979 aequimttnppppc

366 3981 383 4006 “
406 3972 492 4037 vires
530 3992 666 4048 resume,
704 3970 782 4036 filisa
820 3976 939 4037 vcstrae
988 3969 1235 4037 Cantumiensis
1272 3972 1415 4039 ecclesias
1427 3940 1573 4039 titiant?

366 4074 551 4139 “dolorem
582 4079 617 4138 et
646 4072 785 4159 injurias
816 4073 947 4160 respice,
978 4073 1152 4161 privilegia
1181 4075 1312 4162 inspice,
1338 4077 1417 4161 jura
1548 4107 1552 4113 ·

366 4186 383 4212 ‘¹
405 4198 466 4242 sua
491 4176 598 4240 eidem
627 4176 774 4252 restitue,
804 4183 839 4241 et
868 4175 985 4241 saltem
1016 4177 1103 4262 quod
1133 4177 1218 4241 nulli
1244 4177 1416 4250 hominum

366 4288 383 4313 “
406 4267 566 4364 denegare
580 4276 664 4342 solet
679 4276 828 4343 Romana
843 4278 1038 4365 benignitas,
1054 4278 1116 4344 hoc
1131 4279 1162 4344 ei
1177 4284 1212 4345 et
1223 4301 1282 4345 suo
1292 4280 1417 4367 pastori

366 4392 382 4417 “
405 4380 611 4455 concedatur,
642 4379 804 4458 videlicet,
837 4386 876 4445 ut
901 4381 1068 4447 abbatiam
1093 4381 1207 4447 Sancti
1237 4382 1418 4469 Augustini

366 4494 384 4520 “
407 4489 441 4549 et
469 4486 604 4548 oaetoras
634 4480 813 4568 dignitates
843 4503 919 4548 suas
950 4483 980 4547 oi
1011 4482 1109 4549 licoat
1138 4483 1302 4569 possidere
1332 4484 1418 4550 sicut

368 4595 385 4621 “
407 4605 519 4651 omnes
543 4574 794 4670 praedecessores
820 4605 896 4650 suos
923 4590 1054 4653 constat
1079 4584 1287 4650 obtinuisse.”
1353 4592 1356 4598 “
