3628 5728
725 894 839 945 orum
859 894 1052 947 marorum.
1336 877 1401 942 505

354 1085 532 1152 Martini
521 1107 687 1175 ingressus
717 1094 776 1154 est
824 1088 866 1152 In
897 1109 963 1174 quo
984 1110 1043 1175 per
1065 1093 1138 1154 octo
1169 1086 1237 1153 fere
1268 1085 1337 1151 dies
1359 1084 1403 1150 ab
1424 1102 1565 1209 ιιὶιὲιιξξ.

353 1188 527 1275 oppidanis
549 1195 584 1255 et
605 1189 923 1277 conprovincialibus
947 1189 1158 1268 militibus,
1144 1190 1257 1276 Januis
1284 1186 1403 1255 clausis
1415 1155 1533 1313 pud}

354 1295 389 1357 et
410 1290 578 1369 obseratis,
601 1292 751 1358 obsessus
776 1298 834 1358 est
893 1291 1071 1379 Suspectus
1094 1293 1184 1358 enim
1204 1292 1307 1357 erat
1298 1291 1402 1377 ipsius
1416 1321 1439 1363 s
1415 1270 1562 1370 mma,

353 1392 519 1479 ingressus
545 1393 737 1460 cancellario
760 1400 796 1461 et
819 1394 1016 1512 quibusdam
1042 1394 1240 1481 primoribus
1263 1392 1404 1479 Angliae,
1416 1332 1572 1475 ῗῗᾷξὲῗιῗω,

354 1516 392 1560 eo
415 1495 504 1581 quod
521 1495 665 1582 jurasset
679 1496 777 1562 fratri
797 1518 857 1562 suo
871 1498 941 1583 regi
963 1478 1099 1583 quod
1073 1518 1143 1561 ame
1164 1517 1298 1560 assensu
1318 1495 1405 1561 infra

353 1597 534 1662 triennium
557 1619 625 1664 non
646 1599 800 1665 rediret
791 1621 827 1664 m
848 1599 1026 1685 Angliam3
1056 1603 1216 1685 praeterea
1248 1597 1404 1682 suspicio-

354 1720 431 1764 nem
462 1700 602 1778 adausit,
640 1702 729 1787 quod
763 1702 803 1767 de
837 1702 999 1768 fidelitate
1033 1702 1124 1789 regia
1161 1700 1404 1767 constabulario

354 1801 534 1867 Dourensis
563 1802 688 1868 castelli
726 1803 835 1869 noluit
876 1810 1031 1890 praestare
1065 1805 1301 1889 juramentum.
1362 1802 1404 1867 In

354 1904 513 1990 proximo,
537 1912 578 1970 ut
598 1905 689 1971 fama
711 1906 779 1971 fuit
803 1911 838 1972 et
860 1928 976 1972 verum
1000 1906 1185 1984 videbatur,
1210 1904 1405 1970 missisunt

353 2027 375 2072 a
411 2007 603 2074 cancellario
640 2008 763 2074 milites
799 2009 857 2095 qui
893 2010 1089 2095 praedictum
1125 2008 1404 2094 archiepiscopum

354 2129 548 2194 quocunque
571 2110 668 2176 modo
690 2110 980 2197 apprehenderent
1027 2110 1087 2175 Hii
1107 2110 1211 2197 igitur
1232 2110 1404 2196 praefatam

354 2210 522 2276 ecclesiam
544 2212 638 2297 quasi
675 2212 809 2299 pacifice
839 2213 978 2299 ingressi
1012 2219 1211 2278 monuerunt
1244 2218 1285 2278 ut
1314 2234 1404 2299 egre·

354 2311 506 2378 deretur·
498 2335 594 2399 ,quo
615 2314 756 2392 nolente,
772 2315 894 2379 reversi
917 2320 996 2379 sunt
997 2315 1187 2408 paulisper,
1203 2315 1261 2381 sed
1283 2315 1404 2380 iterum

354 2414 492 2481 eandem
523 2415 692 2482 ecclesiam
717 2416 837 2482 armati
868 2422 903 2481 et
928 2401 1097 2482 loricati
1087 2417 1226 2503 mgressi
1256 2423 1344 2494 sunt,
1370 2420 1405 2482 et
1417 2432 1568 2478 noussen

353 2521 463 2608 ipsum
489 2521 777 2609 archiepiscopum,
799 2523 843 2589 ab
864 2522 963 2587 altari
994 2544 1122 2588 crucem
1152 2528 1339 2610 portantem
1363 2497 1453 2587 deep
1416 2485 1560 2635 rmigzepetn

353 2623 462 2690 medio
493 2624 726 2691 monachorum
757 2625 897 2690 eundern
920 2625 1094 2691 defendere
1116 2625 1301 2691 volentium
1331 2625 1405 2692 abs-
1417 2637 1480 2689 sept
1488 2639 1522 2681 1⁸

353 2729 507 2806 tractum,
545 2731 800 2813 asportavenmt
836 2748 895 2813 per
944 2726 1090 2791 medium
1127 2749 1223 2813 aquae
1260 2728 1404 2805 fluentis,

354 2848 428 2913 quae
451 2826 546 2894 Βιοοι
562 2828 756 2915 appellatur,
777 2851 854 2894 eum
875 2829 1021 2914 peditem
1041 2829 1210 2895 duxerunt
1231 2831 1268 2894 in
1290 2830 1405 2896 castel-

353 2930 424 2996 lum
450 2931 540 2996 xiiiio
560 2931 719 2997 kalendas
744 2932 903 2998 Octobris
949 2932 1048 2998 Unde
1071 2934 1271 2998 consternati
1293 2935 1406 2999 animo

241 3063 243 3067 ’
355 3036 608 3103 Oantuarienses
637 3035 790 3103 monaehi
822 3036 985 3101 miserrmt
1017 3035 1196 3102 Dovoriam
1229 3037 1406 3104 monachos

353 3145 393 3205 ut
430 3161 506 3206 eum
542 3144 736 3227 repeterent
775 3159 813 3205 eo
852 3139 940 3224 quod
978 3160 999 3205 a
1036 3138 1119 3206 cella
1156 3138 1404 3208 Cantuariensis

353 3242 496 3309 ecclesiae
517 3242 638 3308 fuisset
670 3242 864 3308 abstractus,
910 3241 977 3322 Qui
1011 3262 1087 3308 cum
1109 3264 1131 3308 a
1152 3243 1312 3329 petitione
1334 3251 1404 3310 tam

348 3343 442 3430 justa
463 3344 587 3430 repulsi
611 3343 826 3410 Oantueriam
864 3345 1018 3422 redirent,
1041 3344 1156 3412 habito
1179 3347 1215 3410 in
1237 3349 1404 3413 communi
1454 3354 1460 3367 ¹

353 3445 497 3523 consilio
534 3444 673 3534 singulis
710 3446 853 3512 ecclesiae
896 3445 1144 3512 Cantuariensis
1181 3448 1404 3536 suffraganeis,

352 3548 485 3613 nomine
507 3548 658 3626 ecclesiae,
682 3548 882 3635 scripserunt
907 3549 971 3613 sic:

389 3659 607 3716 “Reverendo'
627 3661 704 3734 patri
723 3667 753 3717 et
771 3660 888 3716 domino
909 3659 1069 3717 Willclmo²
1087 3662 1141 3718 Dei
1159 3664 1255 3760 gratia
1271 3665 1403 3723 Heliensi
1415 3676 1465 3722 rho
1472 3676 1571 3722 convent

353 3746 372 3772 “
390 3743 534 3817 episcopo,
543 3749 572 3799 et
580 3743 692 3800 domini
700 3745 778 3816 regis
789 3744 969 3811 cancellario,
981 3745 1137 3802 Ganfridns
1146 3748 1225 3819 prior
1232 3755 1262 3805 et
1273 3749 1403 3807 Conven-
1415 3727 1566 3823 fflffiff

352 3832 371 3856 “
390 3838 438 3886 tna
449 3829 575 3885 ecclesiae
589 3828 697 3886 Christi
715 3829 878 3886 cantuariae
896 3830 1019 3885 mlutem
1035 3836 1065 3886 et
1082 3849 1112 3886 se
1124 3850 1236 3905 semper
1253 3834 1402 3892 devotissi-
1391 3828 1558 3934 ffihfflb

352 3916 371 3941 “
390 3931 462 3969 mos.
490 3912 608 3968 Poterat
619 3913 739 3985 gloriosi
749 3912 886 3984 martyris
897 3913 991 3968 nostri
1002 3913 1121 3969 Thomae
1133 3916 1251 3988 sangnis
1269 3918 1301 3973 in
1313 3921 1402 3977 eccle·

351 3999 371 4024 “
390 3997 434 4053 sia
445 3995 647 4054 cantuariensi
658 3996 765 4052 effusus
783 3996 982 4062 emunitatem,
996 4003 1025 4053 et
1038 3998 1063 4053 si
1074 3999 1191 4055 aliunde
1202 4019 1261 4055 non
1272 4002 1402 4072 haberet,

352 4082 371 4108 “
391 4085 559 4153 perpetuam
580 4080 743 4145 contulisse,
757 4085 786 4134 et
807 4080 901 4150 gloria
919 4080 981 4151 ejus
1005 4083 1174 4153 quaomnia
1194 4090 1271 4140 terra
1293 4087 1404 4158 repleta

352 4168 371 4192 “
390 4170 435 4220 est
452 4163 587 4219 tumuisse
605 4163 768 4234 sacrilegos.
806 4162 864 4219 Sed
881 4168 915 4217 nt
939 4170 1030 4235 patet,
1050 4166 1128 4236 quod
1149 4166 1281 4223 fidelibus
1304 4178 1348 4225 est
1366 4172 1403 4227 ad

351 4250 370 4275 ‘⁶
392 4247 612 4317 castigationem
631 4253 660 4302 et
677 4247 826 4311 virtutem,
845 4247 900 4301 hoo
917 4246 1000 4319 impii
1018 4254 1047 4303 et
1058 4267 1183 4318 nequam
1201 4251 1403 4323 malignitatis³

353 4334 372 4359 “
391 4339 542 4387 assumunt
559 4331 591 4386 in
620 4331 793 4402 exemplum.
841 4330 916 4386 Ecce
946 4332 1024 4386 enim
1052 4333 1239 4390 Eboracensis
1263 4337 1402 4411 archiepi-

353 4419 372 4444 “
392 4434 494 4489 scopus
521 4416 667 4481 innocens,
692 4421 726 4471 ut
750 4414 887 4480 creditur,
907 4415 944 4470 ab
961 4415 1082 4472 ecclesia
1108 4423 1208 4473 nostra
1225 4418 1348 4476 Dovoria
1366 4423 1402 4477 ab

453 4672 461 4705 ¹
474 4673 554 4739 Broc]
569 4673 662 4731 Brolre,
675 4674 705 4725 C.

450 4752 462 4785 ¹
475 4749 633 4817 Reuerendo]
646 4751 766 4817 Epistola
783 4752 989 4815 Canmsrieusea,
1000 4754 1050 4805 No.
1062 4756 1172 4817 ccclxx,
1184 4771 1210 4820 p.
1219 4760 1277 4806 ³44.

451 4828 649 4897 'nolipnitatieJ
664 4829 817 4898 malignitas,
829 4831 864 4885 A.
879 4832 911 4884 Β.
