3572 5744
728 926 840 975 ornnl
863 925 1054 976 nrsrolucs.
1371 911 1414 975 89

366 1106 497 1173 diversa
527 1109 754 1187 scribentibus,
790 1109 944 1174 omnibus
977 1115 1089 1174 autem
1125 1115 1160 1174 et
1196 1109 1336 1196 singulis
1374 1108 1415 1173 ad
1431 1127 1584 1173 neemia

364 1208 473 1294 ipsum
488 1210 640 1275 veritatis
662 1211 841 1276 sacrarium
856 1217 947 1277 recto
970 1210 1051 1276 calle
1067 1212 1180 1276 venire
1196 1211 1416 1287 studentibus,
1430 1179 1580 1273 ibbiffili·

364 1309 479 1376 multse
510 1311 671 1378 falsitates
695 1314 735 1378 de
768 1313 865 1379 factis
899 1336 1025 1403 regum⁴
1045 1320 1079 1378 et
1102 1314 1199 1378 dictis
1231 1314 1416 1399 principum
1430 1282 1482 1324 ⁰¹⁶²
1583 1302 1589 1313 ’

364 1414 548 1499 conscripta
570 1421 656 1480 sunt.
711 1416 885 1480 Annorum
908 1416 1009 1481 etiam
1033 1417 1244 1501 computatio,
1271 1416 1323 1481 cui
1347 1421 1419 1479 tota

365 1535 472 1578 rerum
495 1516 689 1602 conscriptio
721 1517 821 1581 inniti
847 1517 990 1593 deberet,
1006 1539 1056 1581 ex
1090 1517 1288 1603 supradictis
1311 1517 1418 1582 causis

364 1614 556 1682 multotiens
579 1618 720 1683 veritate
744 1640 851 1684 carere
874 1619 1036 1704 probatur
1080 1618 1162 1685 Haec
1185 1619 1225 1684 de
1248 1604 1418 1683 annalium

364 1716 419 1781 vel
441 1719 644 1785 cronicarum
667 1721 813 1797 materia,
836 1722 988 1798 ueritate,¹
1001 1721 1146 1787 falsitate
1170 1726 1204 1786 et
1226 1721 1419 1801 diversitate

365 1818 510 1884 breviter
534 1821 622 1885 dicta
645 1820 818 1887 sufficiant.

411 1920 510 1987 Nunc
531 1929 652 1999 autem,
668 1924 823 2007 quoniam
838 1924 950 2010 aliqua
971 1930 1138 2010 gestorum
1161 1925 1321 2010 praeteriti
1336 1931 1419 1989 tem·
1431 1943 1481 1988 'rue
1492 1956 1590 2005 numme

366 2022 454 2107 poris
477 2029 512 2088 et
542 2024 647 2089 futuri
671 2025 845 2111 compilare
869 2027 980 2112 potius
1012 2048 1111 2111 quarn
1143 2027 1283 2091 scribere
1314 2026 1418 2111 cupio,
1431 1994 1591 2106 iliiiohil⁸⁰'

366 2147 427 2192 nec
457 2125 549 2191 illam
581 2127 851 2213 supputationem
883 2149 1054 2205 annorum,
1078 2150 1176 2213 quam
1199 2151 1220 2194 a
1249 2129 1419 2193 retroactis
1431 2096 1571 2240 &pilli

367 2229 579 2315 temporibus,
608 2231 733 2296 scilicet
764 2253 784 2296 a
815 2231 905 2296 mille
938 2237 1069 2297 centum
1105 2233 1243 2318 triginta
1274 2232 1420 2317 quinque
1432 2246 1522 2358 pom
1515 2247 1590 2341 332ss

367 2332 473 2409 annis,
495 2331 607 2418 plures
630 2333 901 2418 conscripserunt,
925 2333 1071 2399 refellere
1094 2334 1148 2398 vel
1172 2334 1345 2399 emendare
1375 2333 1421 2398 sit
1432 2347 1590 2400 omousius.

367 2434 467 2501 alicui
498 2434 661 2520 possibile,
694 2434 950 2521 praecedentium
985 2436 1180 2521 scriptorum
1213 2442 1247 2501 ct
1276 2436 1420 2501 maxime

368 2535 511 2601 Dionisii
533 2537 820 2622 computationem,
837 2559 916 2603 vera
939 2538 983 2602 sit
1006 2558 1049 2602 an
1071 2537 1162 2614 falsa,
1184 2544 1283 2624 prout
1307 2542 1421 2623 potero
1506 2573 1509 2578 ·

369 2638 521 2724 prosequi
553 2638 681 2704 curabo.
740 2637 776 2703 Si
810 2639 883 2724 quis
917 2638 1029 2703 autem
1059 2660 1163 2703 annos
1195 2638 1330 2703 Domini
1363 2638 1420 2722 qui

369 2739 547 2806 secundum
579 2738 798 2826 Evangelium
828 2741 985 2807 dicuntur
1015 2763 1085 2806 esse
1118 2740 1293 2827 conscripti
1327 2761 1421 2804 nosse

370 2842 542 2918 desiderat,
566 2843 796 2929 supputationi
820 2842 963 2908 Dionisii
986 2865 1084 2928 quem
1107 2843 1277 2908 imitamur
1298 2840 1421 2927 viginti

369 2943 451 3009 duos
480 2965 585 3010 annos
607 2950 760 3031 apponat.
815 2945 897 3012 Haec
920 2952 970 3011 est
993 2947 1080 3011 enim
1103 2945 1144 3011 de
1166 2946 1262 3010 annis
1285 2943 1420 3009 Domini
1433 2957 1593 3004 unshusen

369 3046 457 3111 inter
487 3045 706 3132 Evangelium
729 3051 764 3111 et
786 3047 961 3132 praefatum
984 3047 1172 3112 Dionisium
1206 3043 1419 3120 dissonantia,
1433 3008 1587 3155 {iiiffi‘f
1610 3030 1615 3039 ’

369 3148 456 3214 sicut
478 3148 514 3212 in
530 3149 598 3213 suis
621 3148 759 3215 cronicis
781 3154 925 3215 testatur
948 3149 1116 3214 Marianus
1132 3148 1259 3225 Scotus,
1275 3147 1418 3234 spatium
1433 3122 1575 3214 effreni

369 3249 494 3316 scilicet
531 3271 693 3316 annorum
734 3250 857 3337 viginti
904 3251 1052 3317 duorum,
1116 3251 1280 3332 Quoniam
1317 3249 1420 3335 igitur

368 3351 527 3445 praedicta
549 3351 678 3418 cronica
702 3352 853 3431 Mariani,
888 3375 931 3417 ex
953 3351 1162 3419 auctoribus¹
1195 3351 1333 3417 diversis
1356 3350 1421 3415 col-

368 3453 455 3519 lecta
485 3454 612 3519 nomini
635 3461 748 3519 tamen
779 3454 925 3541 ejusdem
958 3455 1098 3520 Mariani
1133 3454 1249 3531 dicata,
1272 3459 1421 3539 tempora

369 3560 406 3621 et
437 3576 542 3620 annos
574 3555 618 3622 ab
650 3556 748 3622 initio
781 3556 898 3620 mundi
921 3578 1024 3641 usque
1056 3557 1099 3622 nd
1133 3555 1311 3632 Christum,
1344 3560 1379 3620 et
1400 3575 1528 3637 aueyru

371 3656 497 3723 Christi
527 3658 753 3724 incarnatione
784 3679 888 3742 usque
922 3652 965 3722 ad
1004 3656 1339 3723 Mumcumxxxumvtum
1369 3656 1419 3718 in·
1434 3628 1570 3738 ἔξω)

315 3848 321 3857 .
369 3759 570 3826 carnationis
603 3781 737 3836 annum,
761 3759 888 3826 scilicet
919 3760 1089 3844 usquead
1120 3759 1248 3824 obitum
1282 3756 1418 3822 Henrici
1433 3729 1581 3829 iiiiillll}ng

369 3862 468 3948 primi
491 3861 577 3949 regis
603 3860 786 3948 Anglorum
809 3867 844 3926 et
867 3882 1006 3948 regnum
1031 3861 1129 3947 regis'
1144 3859 1314 3946 Stephani,
1339 3858 1419 3921 satis

369 3962 596 4050 compendiose
631 3970 665 4028 et
698 3962 806 4028 lucide
839 3963 1009 4049 digessisse
1042 3962 1183 4039 videtur,
1215 3983 1236 4027 a
1274 3966 1418 4046 tempore

370 4065 456 4152 regis
479 4064 642 4151 Stephani
665 4065 795 4131 dicendi
827 4087 921 4130 sumo
955 4066 1161 4152 principium.
1207 4063 1285 4130 Non
1307 4070 1419 4127 temen
1432 4081 1567 4187 ffffl„

369 4168 480 4233 omnia
510 4165 873 4232 memorabilianotere
896 4167 1000 4253 cupio,
1023 4167 1081 4232 sed
1112 4165 1324 4232 memoranda
1346 4170 1418 4230 tan-
1433 4180 1575 4288 &ways

369 4276 450 4345 tum,
467 4290 507 4333 es
521 4267 645 4334 scilicet
668 4289 742 4353 quae
758 4268 859 4354 digna
882 4269 1047 4334 memoriae
1062 4290 1131 4334 esse
1153 4268 1317 4332 videntur.
1365 4266 1418 4331 Me
1434 4282 1589 4379 spem&

369 4357 481 4435 autem
503 4371 592 4435 inter
613 4369 751 4435 cronicae
774 4369 948 4455 scriptores
971 4369 1228 4455 computandum
1260 4390 1327 4434 non
1350 4391 1418 4433 esse
1433 4385 1576 4478 :amtor

368 4493 492 4550 oenseo,
514 4472 682 4558 quianon
705 4471 888 4538 brunones
911 4471 1051 4558 pusucae
1074 4472 1132 4537 seu
1154 4471 1226 4549 ssi,
1249 4471 1297 4535 mi
1318 4471 1419 4535 mer
1433 4435 1578 4580 pffipp

368 4572 502 4652 Thomu,
519 4580 553 4639 et
567 4579 690 4639 nostrae
705 4572 873 4638 familiolae
897 4574 1105 4658 pauperculae
1127 4572 1241 4639 scribo.
1281 4572 1325 4637 Et
1340 4592 1419 4656 qma
1433 4585 1590 4682 ttlpooffigpp

720 4801 899 4869 ¹aectcribus]
911 4802 1076 4864 auditoribus,
1090 4801 1119 4855 O.
1162 4860 1163 4863 Ἴ
