3662 5728
442 842 508 906 218
642 854 813 908 ossvssn,
829 853 992 904 nossem
1013 853 1290 906 osurossmsrs

286 1062 410 1110 sunio.
441 1042 461 1069 “

271 1122 402 1168 Artiolescl
441 1128 461 1154 “

271 1174 414 1235 thetnquest
441 1209 449 1236 c

270 1224 400 1269 olsbenlts.
453 1211 460 1237 ⁶

479 1042 540 1100 sive
557 1041 595 1100 de
611 1043 867 1116 archiepiscopatu,
886 1042 949 1100 sive
967 1043 1005 1101 de
1021 1044 1200 1117 episcopatu,
1219 1042 1281 1101 sive
1307 1042 1345 1100 de
1365 1041 1492 1111 abbatie,

479 1128 541 1185 vel¹
559 1126 596 1183 de
612 1128 742 1195 baronio,
762 1125 823 1184 sive
842 1127 878 1183 de
896 1127 1007 1185 bonore
1031 1128 1129 1200 sliqno
1149 1128 1198 1183 vel
1222 1127 1322 1200 eliqua
1347 1125 1491 1195 eschaeta,

479 1210 551 1283 quid
568 1217 599 1267 et
616 1216 759 1282 quantum
777 1211 809 1266 in
827 1210 918 1266 bailia
936 1211 990 1267 illa
1008 1210 1207 1282 adquisierint.

475 1294 548 1350 “V.
574 1293 719 1350 Similiter
742 1293 909 1367 inquiretur
927 1294 963 1349 de
987 1293 1105 1349 ballivis
1129 1294 1207 1363 regis
1233 1293 1283 1364 qui
1308 1311 1361 1366 per
1385 1299 1494 1349 terrem

441 1378 461 1403 ‘⁴
479 1395 562 1434 suam
586 1382 758 1433 erraverunt
780 1394 834 1449 pro
857 1377 983 1449 negotiis
1010 1377 1089 1448 regis
1114 1377 1265 1444 faciendis,
1288 1376 1359 1450 quid
1379 1376 1422 1432 eis
1445 1377 1495 1432 da·

440 1463 460 1489 “
478 1466 543 1516 tum
561 1462 609 1518 sit.

475 1546 494 1571 ‘⁴
507 1544 563 1600 VI.
582 1544 622 1600 Et
645 1543 681 1599 de
704 1543 819 1600 catallis
841 1543 1038 1616 fugitivorum
1060 1562 1114 1618 pro
1138 1544 1229 1601 essiso
1245 1543 1282 1601 de
1301 1542 1493 1611 Olarendune,

440 1627 459 1653 ‘⁶
477 1631 508 1682 et
529 1627 565 1682 de
586 1627 700 1683 catellis
717 1644 818 1682 eornm
839 1627 891 1699 qui
909 1645 962 1700 per
978 1627 1100 1684 assisam
1118 1627 1201 1682 illam
1220 1626 1379 1698 perierunt,
1398 1625 1493 1698 inqui·

439 1709 831 1782 “retorquidectumsit
852 1710 976 1784 etquid
999 1710 1067 1767 inde
1084 1710 1189 1767 exierit
1212 1710 1249 1766 de
1270 1710 1395 1781 singulis
1418 1709 1493 1765 hun·

438 1795 459 1822 ⁴‘
478 1794 576 1850 dredis
599 1798 630 1849 et
653 1793 779 1864 singulis
796 1793 909 1851 villatis
928 1799 959 1850 et
980 1794 1107 1866 singulis
1125 1793 1304 1850 bominibus.
1341 1793 1381 1849 Et
1398 1792 1493 1866 inqui-

439 1880 458 1906 “
477 1884 560 1934 ratur
585 1896 624 1934 an
648 1876 755 1948 aliquis
780 1877 813 1932 in
840 1877 931 1934 ossise
956 1877 1010 1933 illa
1035 1878 1146 1951 injuste
1172 1883 1298 1933 rettotus
1324 1877 1414 1933 fuerit
1438 1894 1492 1947 pro

438 1965 459 1991 ‘⁴
478 1961 599 2035 proemio
622 1960 670 2017 vel
693 1960 893 2033 promissione,
913 1962 961 2018 vel
982 1961 1058 2029 odio,
1077 1963 1125 2016 vel
1146 1961 1245 2032 aliquo
1266 1961 1353 2017 modo
1371 1960 1492 2031 injusto,

436 2047 456 2073 ‘⁶
475 2051 506 2101 et
530 2063 568 2100 an
592 2044 697 2116 uliquis
722 2043 758 2099 de
781 2044 899 2100 rectatis
919 2045 1066 2100 relaxatus
1084 2042 1193 2100 fuerit²
1211 2045 1259 2099 vel
1279 2061 1415 2100 reversus
1434 2062 1487 2115 pro

438 2131 459 2156 “
476 2128 608 2203 premio,
625 2129 672 2183 vel
689 2126 891 2199 promissione,
910 2128 959 2183 vel
977 2145 1084 2194 emere,
1103 2126 1218 2199 etquis
1243 2127 1310 2182 inde
1335 2128 1491 2201 praemium

437 2215 457 2240 ‘⁴
476 2212 628 2286 occeperit.
673 2211 712 2265 Et
736 2211 901 2283 inquiratur
926 2211 962 2266 de
988 2210 1092 2267 ausilio
1117 2210 1155 2267 od
1179 2209 1376 2266 maritandam
1398 2210 1492 2265 filiam

438 2296 456 2323 ‘¹
475 2295 554 2367 regis
572 2294 729 2368 quidinde
747 2295 849 2350 exierit
867 2294 904 2352 de
922 2295 1049 2368 singulis
1066 2293 1237 2359 hundredis,
1255 2300 1287 2349 et
1307 2293 1343 2349 de
1364 2293 1490 2366 singulis

438 2384 457 2411 “
476 2382 608 2451 villatis,8
625 2388 655 2440 et
678 2383 715 2439 de
738 2381 864 2455 singulis
886 2382 1063 2448 hominibus,
1084 2381 1195 2439 sivein
1220 2381 1351 2448 redditis,
1370 2381 1432 2438 sive
1456 2382 1488 2437 in

438 2469 456 2495 “
476 2467 624 2540 perdonis,
642 2473 673 2523 et
690 2466 739 2522 oui
756 2466 832 2522 illud
848 2467 991 2525 deditum
1008 2473 1039 2525 et
1055 2466 1212 2532 liberatum
1230 2465 1330 2521 fuerit.

473 2553 492 2578 ‘¹
505 2550 577 2608 VH.
596 2544 635 2607 Εἰ
651 2550 819 2621 inquiratur
836 2550 907 2621 quid
929 2554 960 2607 et
989 2555 1131 2621 quantum
1149 2550 1314 2622 occeperint
1331 2550 1489 2616 forestarii,

437 2636 457 2663 “
475 2640 505 2690 et
522 2635 633 2701 bailivi,
653 2640 684 2691 et
701 2632 831 2689 ministri
847 2651 958 2702 eornm,
977 2638 1047 2707 post
1064 2633 1222 2689 terminum
1240 2633 1442 2704 supradictum
1460 2634 1491 2689 in

435 2720 456 2747 ‘¹
475 2717 572 2774 bailiis
590 2718 659 2785 suis,
674 2735 856 2789 quocumque
873 2718 961 2774 modo
977 2716 1053 2772 illud
1070 2716 1235 2788 occeperint
1250 2717 1296 2772 vel
1309 2734 1491 2789 quacumque

435 2804 455 2831 ‘⁴
476 2801 635 2858 ooeosione,
673 2801 713 2855 Et
738 2799 763 2855 si
788 2799 861 2873 quid
878 2799 1104 2872 perdonaverint
1121 2798 1158 2855 de
1175 2800 1263 2855 rectis
1281 2799 1392 2855 domini
1410 2800 1490 2872 regis

438 2886 457 2912 “
474 2903 529 2960 pro
550 2883 682 2957 praemi0,
704 2884 751 2939 vel
774 2882 975 2955 promissione,
993 2883 1042 2939 vel
1069 2882 1198 2939 amicitis
1222 2883 1354 2954 alicujus.
1390 2884 1431 2939 Et
1453 2884 1491 2940 de

439 2971 457 2997 ‘⁸
477 2968 634 3025 forisfactis
652 2968 835 3032 forestarum,
852 2971 883 3022 et
900 2966 937 3021 de
953 2965 1000 3021 his
1018 2965 1070 3037 qui
1087 2966 1119 3021 in
1137 2966 1251 3023 forestis
1268 2966 1329 3022 suis
1347 2967 1490 3023 forisfece-

438 3055 458 3082 “
476 3057 547 3115 runt
573 3052 611 3107 de
635 3050 742 3116 cervis,
769 3056 799 3105 et
826 3049 923 3116 bissis,
950 3056 980 3105 et
1006 3049 1073 3106 aliis
1099 3050 1200 3106 bestiis
1227 3050 1383 3121 salvagiis:
1409 3057 1440 3106 et
1464 3051 1491 3106 si

438 3139 458 3166 ‘⁶
478 3135 623 3191 forestarii
641 3135 689 3190 vel
707 3133 809 3189 boilivi
826 3150 927 3188 eornm
945 3133 1074 3204 aliquem
1092 3133 1256 3205 occeperint
1274 3135 1322 3189 vel
1347 3139 1490 3190 ettooave·

436 3220 456 3249 “
475 3216 553 3274 rint¹
571 3236 623 3290 per
639 3214 770 3281 vodium,
791 3221 821 3272 et
837 3233 890 3288 per
908 3216 1049 3288 plegium,
1067 3216 1116 3272 vel
1139 3215 1324 3282 restaverint,
1345 3222 1376 3272 et
1392 3223 1491 3288 postea

439 3303 457 3328 ‘⁶
477 3301 541 3356 sins
555 3299 674 3373 justitia
690 3317 744 3371 per
760 3317 791 3354 se
807 3299 1010 3354 relaxaverint.
1045 3298 1086 3353 Et
1102 3298 1154 3369 qui
1171 3299 1234 3354 haec
1253 3299 1375 3355 fecerint
1392 3299 1489 3371 inqui·

438 3386 458 3412 ⁴⁴
479 3389 591 3449 rantur,
609 3389 640 3440 et
657 3382 868 3439 inbrevientur.

474 3471 492 3497 ‘⁴
504 3469 593 3526 VIII.
614 3469 653 3524 Et
679 3485 779 3524 omnes
805 3468 857 3540 qui
882 3468 987 3524 rectsti
1012 3468 1124 3544 fuerint
1146 3469 1184 3525 de
1208 3485 1389 3541 quocumque
1410 3476 1490 3527 recto

438 3554 458 3581 ‘⁴
476 3557 623 3626 ponentur
640 3569 693 3624 per
709 3551 830 3608 vadium
847 3557 877 3607 et
900 3569 954 3624 per
970 3552 1111 3625 plegium,
1131 3551 1208 3624 quod
1233 3552 1293 3607 sint
1317 3568 1415 3608 eoram
1440 3553 1490 3610 do·

436 3637 456 3665 “
475 3638 556 3692 mino
580 3654 649 3707 rege
669 3635 717 3691 die
735 3652 824 3707 quem
841 3634 884 3691 eis
907 3640 1027 3707 ponent,
1047 3641 1078 3690 et
1096 3636 1174 3706 quod
1190 3640 1304 3691 rectum
1321 3636 1439 3702 fociant,
1458 3642 1490 3694 et

436 3721 456 3748 “
474 3715 699 3775 addretisbunt⁶
717 3718 744 3773 ei
762 3724 793 3773 et
809 3716 976 3773 bominibus
994 3717 1054 3774 suis
1071 3717 1148 3789 qnod
1165 3716 1308 3774 odretiare
1326 3718 1489 3775 debuerint.

436 3804 456 3830 “
475 3803 516 3859 Et
533 3802 640 3875 quibus
657 3800 749 3874 plegii
767 3800 914 3856 defuerint
931 3800 1143 3857 custodientur.
1177 3804 1187 3821 '

471 3890 490 3915 “
503 3884 560 3942 IX.
578 3886 619 3941 Et
644 3884 811 3957 inquiratur
838 3883 863 3938 si
890 3883 1085 3951 vicecomites,
1110 3885 1158 3941 vel
1183 3884 1358 3957 quicumque
1384 3885 1487 3942 bailivi

436 3972 455 3998 “
474 3988 585 4037 eorum,
604 3970 652 4025 vel
672 3967 784 4023 domini
800 3967 947 4034 villarum,
967 3967 1014 4023 vel
1037 3968 1140 4024 bailivi
1156 3986 1266 4036 eorum,
1287 3969 1399 4041 aliquid
1422 3970 1486 4026 red·

435 4056 453 4083 ‘⁶
473 4053 603 4110 diderint
614 4053 651 4109 de
671 4051 730 4107 biis
750 4069 816 4122 qnae
837 4058 1016 4123 acceperant,
1029 4051 1121 4109 selsi
1144 4070 1244 4125 pacem
1265 4053 1394 4126 aliquam
1417 4072 1484 4111 oum

435 4141 454 4167 “
473 4138 641 4195 bominibus
668 4134 793 4192 fecerint
822 4140 976 4206 postquam
1010 4136 1166 4193 audierunt
1192 4137 1347 4194 adventum
1378 4137 1489 4194 domini

434 4225 455 4254 ‘⁸
473 4224 562 4295 regis,
587 4240 641 4294 pro
666 4220 840 4287 disturbare,
872 4236 911 4275 ne
938 4218 1027 4274 inde⁶
1056 4226 1125 4276 ante
1153 4238 1253 4293 regem
1282 4223 1331 4278 vel
1356 4223 1487 4295 justitias

434 4309 453 4337 “
473 4305 655 4378 querimonia
671 4303 792 4361 veniret.

466 4606 475 4640 ¹
487 4606 539 4674 vel]
554 4607 618 4669 sive,
628 4607 659 4661 C.
1020 4605 1031 4639 ⁴
1042 4608 1220 4675 adorarem]
1236 4608 1408 4672 moverint,
1420 4613 1452 4665 O.

464 4686 725 4753 ’sucronemne
1020 4685 1486 4756 ‘moeoneJaeoreeiounso

465 4764 511 4816 ’et
521 4765 551 4816 de
561 4766 663 4832 mpure
675 4764 784 4833 villam]
794 4781 845 4817 om.
857 4766 890 4816 A.
898 4766 930 4818 B.
1017 4765 1106 4833 ‘ooJ
1120 4783 1172 4819 om.
1183 4768 1214 4821 O.
