3662 5728
707 974 819 1025 ornes
841 976 1034 1028 meremus.
1325 962 1389 1028 195

339 1146 359 1174 “
378 1143 594 1203 Oantueriensis
613 1147 737 1204 ecclesia
753 1148 797 1204 sol
815 1148 890 1205 solet
908 1164 973 1204 esse
996 1146 1166 1215 occidentis,
1184 1146 1265 1204 etin
1282 1147 1392 1205 nostris
1422 1153 1552 1203 mnae

338 1231 358 1258 “
376 1229 558 1302 temporibus
575 1231 639 1303 ejus
656 1230 806 1288 obfuscata
822 1236 869 1288 est
892 1230 1021 1298 claritas,
1038 1230 1191 1303 quodlibet
1213 1236 1393 1289 tormentum

339 1316 359 1342 ‘⁴
379 1313 431 1370 sed
448 1320 479 1369 et
495 1314 578 1369 mille
594 1314 698 1370 mortis
724 1332 842 1387 genera,
861 1314 888 1370 si
904 1319 960 1370 tot.
973 1320 1166 1383 occurrerent,
1186 1314 1328 1373 libentius
1346 1332 1394 1372 ex·

339 1400 358 1426 “
378 1397 541 1471 ciperemes
558 1398 591 1454 in
602 1397 738 1466 Domino,
752 1416 841 1470 quam
859 1398 1070 1455 sustineremus
1087 1399 1143 1455 sub
1161 1398 1395 1474 dissimulatione

339 1482 359 1510 “
377 1481 425 1536 his
443 1480 546 1538 diebus
564 1482 642 1538 mala
660 1499 726 1553 quae
744 1482 865 1554 petitur.
902 1483 994 1538 Porro
1019 1499 1058 1538 ne
1084 1481 1186 1538 ridear
1209 1481 1322 1539 curiose
1346 1482 1396 1539 vel

339 1567 359 1593 “
377 1570 499 1638 optentu
515 1583 598 1622 rane
616 1566 719 1639 glorie
731 1565 800 1623 ’heo
817 1566 977 1632 inchoasse,
997 1565 1114 1638 expedit
1137 1571 1173 1622 ut
1199 1566 1315 1623 oculata
1338 1565 1396 1622 flde

301 1696 313 1719 ,
339 1649 360 1676 ‘¹
378 1654 491 1705 constet
508 1647 545 1704 de
562 1649 670 1705 iacto.⁴’
706 1649 746 1705 Et
762 1649 926 1721 producens
944 1649 1087 1722 seriptum
1104 1648 1137 1704 in
1164 1666 1222 1721 que
1247 1655 1395 1724 concepte
1407 1657 1564 1713 Heprcdmes

337 1731 458 1788 fuerunt
474 1733 699 1790 consuetudines
722 1733 782 1789 illae
806 1733 843 1789 de
867 1733 974 1805 quibus
1001 1732 1241 1802 contendebatur,
1260 1750 1329 1790 cum
1353 1735 1395 1790 la·
1406 1710 1541 1805 ffifflffl‘

338 1815 438 1872 crimis
467 1817 572 1888 inquit,
606 1816 712 1873 “Ecce
743 1834 809 1890 quaa
833 1817 936 1874 statuit
964 1833 1016 1872 rex
1040 1815 1158 1889 Anglite
1183 1822 1286 1874 metra
1308 1810 1544 1873 liber-⁰³¹ffl‘1021·

340 1901 360 1945 ’ἔ
379 1904 472 1955 tetam
484 1899 636 1957 catholice
654 1900 794 1957 ecclesie.
832 1899 865 1957 si
881 1899 946 1956 hec
963 1900 1034 1957 licet
1051 1899 1236 1957 dissimulare
1254 1901 1319 1957 sine
1336 1901 1396 1959 dis·

339 1985 361 2013 “
379 1983 487 2056 pendio
504 1984 611 2040 anime
627 2002 680 2041 vos
697 1984 859 2042 videritis.”

250 2125 259 2153 ‚
375 2066 487 2136 Quibus
504 2068 652 2141 perlectis,
671 2068 745 2125 moti
764 2075 833 2124 sunt
851 2084 952 2125 omnes
975 2085 1068 2141 usque
1092 2067 1130 2124 ad
1153 2066 1299 2134 lacrimae,
1319 2085 1396 2125 com-

240 2194 247 2208 .
342 2151 426 2207 muni
446 2169 517 2209 voce
535 2152 632 2208 Deum
655 2151 820 2219 laudentes,
847 2150 917 2207 dum
941 2151 1008 2208 vel¹
1025 2169 1118 2208 unum
1142 2152 1199 2208 sibi
1224 2152 1397 2220 reservavit,

339 2235 391 2307 qui
407 2252 462 2309 pro
479 2235 605 2295 eeclesia
621 2235 678 2291 Dei
694 2235 727 2291 in
744 2235 797 2291 illa
814 2240 991 2307 tempestate
1018 2252 1107 2292 ausus
1133 2236 1192 2293 fuit
1216 2254 1252 2292 ex
1274 2236 1398 2293 adverso

340 2318 507 2375 ascendere.

375 2402 481 2459 Postea
493 2419 564 2460 vero
582 2401 615 2458 in
632 2400 782 2457 secretiori
799 2399 928 2457 thalem
945 2417 1013 2457 cum
1031 2399 1150 2457 domino
1167 2417 1243 2473 pepe
1253 2399 1397 2468 semiim·
1408 2403 1553 2501 emm

242 2519 249 2533 ·
339 2485 417 2542 libus
447 2485 643 2542 residentibus
674 2483 759 2539 affuit
781 2488 812 2539 et
835 2483 972 2541 dominus
1001 2482 1229 2550 Oantueriensis,
1260 2485 1324 2542 haeo
1352 2487 1538 2560 incheme.

340 2569 459 2641 quiens:
480 2570 614 2624 “Patres
631 2567 692 2622 mei
710 2572 741 2623 et
757 2565 879 2635 domini,
904 2566 1024 2623 mentiri
1048 2566 1158 2622 nemini
1184 2566 1256 2623 lieet
1278 2558 1526 2637 alicubi,⁰¹¹“¹¹¹'“·

341 2654 360 2680 ‘⁴
379 2651 489 2708 nedum
506 2668 606 2707 eorem
623 2651 685 2707 Deo
712 2658 743 2706 et
765 2650 859 2706 vestri
884 2649 1059 2722 presentie,
1078 2648 1157 2705 unde
1180 2650 1281 2706 volens
1299 2652 1351 2708 sed
1368 2657 1399 2709 et

342 2738 361 2767 ‘¹
380 2752 502 2809 gemens
518 2737 621 2800 fateor,
641 2734 712 2807 quia
728 2733 782 2789 has
801 2732 977 2806 anglicane
1002 2733 1135 2791 ecelesiae
1160 2733 1309 2790 molestias
1333 2753 1399 2792 mee

339 2821 359 2849 ‘⁶
377 2818 556 2876 miserabilis
581 2817 669 2890 culpe
694 2817 856 2874 suscitarit
892 2815 1024 2875 meandi
1049 2817 1082 2872 in
1107 2816 1184 2873 ovile
1209 2816 1320 2875 Obristi
1346 2818 1531 2929 sedffleschot

341 2914 361 2942 “
379 2929 441 2968 non
463 2929 517 2985 per
540 2911 638 2985 ipsum
661 2909 801 2974 hostium,
818 2909 903 2967 velut
924 2926 1014 2984 quem
1030 2928 1090 2967 non
1107 2902 1243 2969 omnino
1260 2912 1400 2970 canonica
1445 2895 1517 2930 ⁰⁰¹²

343 3004 497 3062 “vocarit
521 3003 637 3069 electio,
665 3002 717 3059 sed
734 3008 830 3058 terror
854 3001 981 3075 publicae
1007 3004 1162 3075 potestatis
1187 3005 1315 3061 intrusit.
1359 3005 1399 3062 Et

341 3090 361 3117 “
378 3088 450 3144 lieet
465 3087 521 3143 hoo
539 3104 613 3143 onus
631 3086 742 3142 invitus
760 3084 950 3158 susceperim,
968 3090 1069 3142 tamen
1088 3087 1198 3163 adhoc
1216 3104 1264 3144 me
1281 3087 1398 3144 induxit

342 3174 361 3201 ‘¹
379 3172 507 3227 humana
531 3175 563 3226 et
586 3186 645 3225 uon
672 3167 774 3225 divina
796 3167 942 3224 voluntas.
980 3167 1057 3238 Quid
1074 3169 1170 3242 igitur
1186 3170 1354 3227 mirandum
1371 3170 1398 3227 si

341 3256 362 3284 “
380 3254 473 3311 michi
497 3252 587 3311 cessit
613 3252 644 3309 in
671 3250 876 3308 contrarium?
893 3250 1006 3309 Verum
1033 3252 1060 3308 si
1084 3252 1122 3309 ad
1139 3254 1220 3327 regis
1238 3255 1397 3312 commina-
1409 3273 1545 3328 flamm

341 3349 361 3377 “
379 3347 502 3413 tionem,
514 3351 549 3402 ut
559 3346 728 3404 confratres
745 3343 838 3400 nostri
855 3349 1064 3415 persuaserunt
1080 3344 1247 3412 instantius,
1264 3324 1525 3420 repenti-{³2:1,},¹⁰¹²'⁰

342 3446 362 3474 “
381 3443 494 3500 ararim
517 3441 692 3517 episcopalis
715 3439 898 3497 auctoritatis
915 3439 1008 3495 m'iohi
1033 3439 1148 3498 indulto
1172 3441 1341 3515 privilegio,
1359 3426 1486 3529 adm&¹

341 3528 363 3556 '⁴
380 3527 547 3601 principum
571 3531 676 3583 nutum
700 3529 732 3580 et
754 3524 946 3589 voluntatem,
966 3523 1119 3580 catholice
1144 3524 1276 3581 ecclesie
1299 3488 1494 3597 perui-Ro*nde

342 3612 362 3640 ‘⁸
381 3611 490 3668 tiorum
518 3609 735 3682 relinqueretur
764 3606 939 3678 exemplum.
976 3606 1087 3663 Distuli
1115 3607 1209 3680 igitur
1237 3625 1330 3680 esque
1359 3607 1398 3667 ad

343 3694 363 3724 '‘
381 3700 510 3751 vestram
534 3693 728 3766 presentiam.
764 3689 851 3747 Nunc
869 3694 968 3749 autem
993 3706 1206 3762 recognoscens
1231 3689 1398 3762 ingressum

343 3778 364 3808 “
381 3794 482 3834 meum
511 3777 609 3832 minus
638 3774 821 3839 canonicum,
846 3776 878 3828 et
901 3772 1010 3829 timens
1034 3772 1158 3844 proinde
1184 3774 1296 3830 exitum
1322 3774 1398 3829 mihi

344 3862 364 3890 “
383 3860 536 3933 provenire
561 3858 747 3923 deteriorem,
774 3854 878 3912 ridens
906 3855 996 3912 etiem
1020 3857 1099 3913 vires
1125 3873 1207 3913 meas
1234 3856 1317 3913 oneri
1343 3857 1398 3912 im·

343 3943 363 3973 ‘¹
381 3961 475 4017 peres,
493 3959 530 3999 ne
549 3942 635 4015 gregi
658 3940 792 3998 inveniar
810 3955 935 4010 preesse
953 3937 991 3994 ad
1007 3939 1124 3995 ruinam
1142 3940 1191 3995 oui
1217 3938 1305 3996 datus
1331 3955 1398 3996 sum

343 4028 594 4099 “qualiscunque
618 4027 651 4083 in
673 4029 832 4098 pastorem,
852 4022 884 4077 in
900 4039 991 4077 mena
1012 4028 1073 4090 tua,
1093 4028 1186 4095 pater,
1204 4022 1397 4096 archiepisco·

344 4111 364 4139 ‘⁶
382 4116 485 4185 patum
503 4109 667 4168 (lantuariae
685 4103 833 4179 resigno.’'

387 4204 521 4282 Moxque
543 4196 584 4262 de
602 4203 696 4275 digito
713 4208 899 4259 transumens
917 4198 1047 4270 anulum,
1065 4192 1103 4258 in
1119 4212 1256 4258 manum
1277 4190 1398 4258 summi

342 4298 510 4386 pontificia
531 4294 680 4364 tradidit
726 4299 897 4358 Orationem
919 4293 1026 4374 itaque
1049 4302 1199 4375 complens
1219 4302 1251 4358 in
1268 4301 1398 4358 lacrimis

344 4402 515 4470 dominum
536 4423 658 4491 papam
680 4405 716 4467 et
737 4399 819 4467 elios
841 4421 955 4468 omnes
978 4406 1120 4480 compulit
1136 4397 1318 4464 illacrimari.

245 4554 262 4579 .,
380 4510 519 4570 Seorsum
536 4512 632 4585 igitur
654 4511 774 4569 sedente
792 4502 1045 4590 archiepiscopo,
1063 4508 1198 4566 dominus
1215 4525 1291 4581 pape
1310 4517 1527 4581 supermanans

244 4620 252 4636 ·
343 4605 390 4662 his
416 4622 484 4662 cum
511 4605 708 4662 cardinalibus
734 4604 824 4677 acepit
848 4604 988 4661 conferre.
1024 4602 1082 4658 His
1105 4600 1204 4658 risum
1229 4606 1276 4656 est
1301 4599 1399 4656 oblata

1410 4570 1554 4616 canones.

344 4690 505 4756 occasione,
519 4689 600 4762 regis
618 4690 694 4745 iram
711 4687 808 4745 sedari
824 4703 909 4760 possa
927 4685 1043 4743 facilius
1061 4684 1132 4741 dum
1150 4685 1183 4739 in
1200 4684 1260 4740 alia
1275 4700 1421 4757 persona,

794 4897 803 4931 ¹
817 4896 868 4963 vel]
888 4903 922 4959 et,
935 4897 966 4949 C.

1196 4988 1221 5038 rt
1245 4974 1266 5037 t
