3662 5728
434 827 499 891 144
635 845 796 897 osnvasu
818 847 980 898 uoniam
1001 847 1277 902 cluruusrsnsrs

275 1050 397 1098 enrico.
428 1031 579 1098 cessitate
602 1040 737 1120 cogente
759 1035 803 1100 ad
826 1035 988 1101 modicam
1010 1034 1200 1113 utilitatem,
1215 1036 1401 1102 timendum
1425 1041 1476 1104 est

257 1113 416 1213 ξ’,ξῗῗῗωω
427 1153 469 1198 ne
491 1134 613 1200 futuris
643 1136 846 1222 temporibus
869 1137 905 1201 in
927 1137 1071 1224 angariis
1094 1144 1265 1204 revocetur
1286 1138 1330 1204 ed
1352 1161 1473 1206 memo·

425 1234 509 1300 riam
532 1241 567 1302 et
591 1237 634 1302 ad
664 1239 931 1323 consequentiam
960 1239 1184 1326 perniciosam.
1233 1240 1400 1328 Cogitatio
1430 1241 1472 1307 si-

425 1337 558 1421 quidem
587 1337 730 1404 hominis
760 1338 804 1404 ad
832 1340 957 1406 melum
987 1361 1092 1426 prona
1120 1347 1180 1419 est,
1210 1342 1394 1428 praesertim
1415 1343 1473 1409 ubi

424 1459 593 1504 excessum
623 1460 719 1505 snum
753 1440 889 1528 palliare
920 1446 1032 1527 potest
1066 1442 1217 1529 exemplo
1248 1443 1474 1523 decessorum;

423 1539 552 1606 utilitas
578 1541 675 1628 plane
699 1542 895 1608 detestanda
921 1548 980 1619 est,
1004 1542 1041 1606 in
1071 1563 1137 1628 qna
1171 1544 1307 1610 libertos
1330 1544 1472 1621 ecclesiae

422 1643 635 1728 periclitetur.
660 1643 904 1710 ‘Theodbsldus
919 1650 1031 1710 autem
1046 1644 1316 1733 archiepiscopus,
1329 1647 1373 1713 ad
1387 1647 1473 1714 hunc

421 1765 550 1830 precem
573 1747 633 1812 vix
654 1747 789 1813 taudem
811 1748 959 1812 omnium
981 1748 1134 1813 dominus
1156 1754 1191 1814 et
1212 1755 1404 1835 procurator
1425 1750 1472 1816 ef·
1598 1798 1601 1806 ι

420 1846 535 1927 tectus,
551 1850 653 1937 coepit
673 1849 780 1936 primo
795 1850 938 1915 viriliter
958 1871 1063 1937 agere,
1079 1870 1118 1916 ac
1139 1852 1167 1916 si
1190 1852 1348 1918 continuo
1370 1852 1473 1919 vellet

421 1952 533 2017 omnia
563 1952 600 2018 in
631 1958 757 2018 stetum
788 1953 966 2040 pristinum
997 1973 1157 2019 revocare.
1213 1953 1279 2020 Sed
1310 1955 1347 2031 in
1378 1955 1472 2022 brevi

421 2054 536 2121 multae
557 2055 692 2121 familie
714 2061 871 2142 gravatus
893 2056 1064 2142 expensis,
1078 2057 1114 2121 in
1136 2056 1242 2142 primo
1264 2078 1363 2144 psssu
1385 2059 1471 2145 posi-

420 2163 493 2223 tum
511 2158 653 2225 retruxit
673 2159 799 2245 pedem,
815 2165 850 2225 et
866 2159 939 2245 jem
961 2159 1049 2246 quod
1069 2160 1110 2226 de
1125 2160 1257 2247 proprio
1273 2161 1471 2248 perdiderat,

420 2264 460 2324 ut
481 2260 545 2326 sibi
567 2260 751 2339 videbatur,
775 2261 816 2327 de
842 2260 950 2326 alieno
980 2262 1134 2328 resarcire
1155 2260 1295 2327 studuit.
1340 2261 1472 2342 Habuit

419 2362 463 2428 sd
477 2361 540 2428 hoo
553 2362 643 2427 illius
658 2363 814 2448 temporis
829 2361 987 2449 plurimos
1001 2363 1205 2444 incentores;
1220 2362 1331 2449 sicque
1345 2363 1470 2430 factum

419 2468 479 2541 est,
500 2469 541 2529 ut
562 2464 650 2550 quod
672 2469 789 2551 sponte
805 2463 857 2529 vel
878 2464 1006 2529 nescius
1028 2465 1140 2550 praedo
1161 2464 1348 2551 reliquerat,
1363 2465 1470 2532 archi-

420 2564 591 2652 episcopus
622 2588 680 2653 per
711 2587 828 2631 manus
861 2565 1048 2631 officialium
1080 2588 1213 2631 suorum
1243 2565 1371 2632 auferre
1402 2588 1470 2633 non

249 2669 410 2769 mm·
421 2666 620 2734 formidaret
676 2666 905 2733 Exterioribus
928 2668 1047 2753 'itaque
1077 2667 1234 2754 spoliatis,
1266 2668 1303 2733 in
1334 2668 1469 2736 miseros

250 2772 339 2818 mnne
418 2769 594 2836 monachos
623 2769 743 2834 ultime
765 2767 904 2836 dessevit
926 2769 1093 2854 parcitate.
1140 2768 1269 2854 Hospes
1291 2768 1379 2833 enim
1401 2769 1468 2836 fers

417 2873 524 2937 omnis
545 2893 567 2938 a
588 2873 679 2939 curia
700 2892 812 2937 eorum
834 2869 987 2937 exolusns
1009 2876 1068 2947 est,
1090 2874 1126 2936 et
1147 2891 1307 2956 pauperes
1329 2870 1467 2957 expulsi.

417 2972 611 3040 Conventus
625 2973 705 3059 ipse,
720 2973 777 3059 qui
800 2972 837 3036 in
859 2971 1035 3058 praecipuis
1056 2969 1295 3036 festivitatibus
1316 2970 1467 3037 lautiori·

416 3074 479 3141 bus
501 3075 590 3141 refici
611 3074 762 3141 solebant
783 3070 957 3151 elimentis,
976 3072 1047 3159 jam
1069 3091 1155 3158 pane
1177 3072 1337 3159 grossiore
1367 3072 1465 3137 simul

416 3181 451 3244 et
465 3177 552 3244 olere
573 3199 667 3244 suam
689 3176 920 3264 temperabant
942 3175 1090 3251 esuriem,
1105 3179 1141 3240 et
1154 3172 1198 3238 ed
1220 3195 1325 3239 unum
1346 3195 1465 3260 penem

416 3281 537 3367 saepius
559 3280 746 3347 combinati.
792 3279 917 3345 Videns
939 3285 1053 3345 autem
1075 3278 1167 3364 prior
1187 3283 1223 3343 et
1244 3277 1389 3343 seniores
1412 3298 1465 3344 ec·

415 3383 522 3450 clesiae
538 3382 769 3449 Contusriensi
784 3381 1013 3447 detestabilem
1024 3380 1195 3445 imminere
1211 3378 1464 3458 subversionem,

218 3557 224 3567 ,
414 3483 608 3550 humillimis
629 3483 781 3570 precibus
794 3482 1075 3569 archiepiscopum
1097 3485 1325 3556 exoraverunt,
1350 3485 1389 3545 ut
1411 3502 1464 3547 eo·

245 3588 373 3689 Qu
413 3610 487 3653 rum
510 3594 636 3654 statum
658 3586 855 3664 emendaret,
878 3590 913 3650 et
935 3606 1007 3650 eam
1030 3583 1282 3650 conventionem
1305 3603 1405 3668 quam
1427 3583 1464 3649 iu

244 3690 383 3796 3333„
413 3687 618 3777 susceptione
639 3688 879 3775 possessionum
902 3685 1044 3753 ecclesiae
1066 3684 1188 3750 inierat
1210 3682 1407 3763 observaret,
1421 3707 1464 3752 ne

384 3774 390 3788 ⁸
413 3798 594 3859 conventus
617 3791 747 3857 diutina
766 3788 972 3876 frangeretur
994 3786 1112 3865 inedia,
1135 3807 1177 3852 ne
1199 3786 1269 3872 ipse
1292 3785 1463 3852 infamiam

412 3902 448 3962 et
462 3895 597 3963 ecclesia
610 3893 799 3982 probrosam
818 3891 999 3957 incurreret
1012 3889 1267 3955 subversionem.
1313 3889 1463 3956 Audiens

411 3998 483 4064 haec
511 3995 780 4082 archiepiscopus,
811 3992 917 4080 primo
947 3991 1080 4077 quidem
1109 3989 1267 4068 modeste,
1296 3996 1462 4077 postremo

410 4101 588 4188 indignans
602 4096 836 4167 contumeliose
850 4093 1026 4181 respondit.
1072 4092 1166 4159 Prior
1179 4098 1291 4158 autem
1306 4093 1347 4158 de
1371 4094 1462 4159 omni

410 4203 638 4270 emendatione
653 4201 836 4287 desperans,
851 4197 984 4275 institit,
998 4200 1039 4261 ut
1053 4195 1170 4262 saltem
1184 4194 1362 4261 dilaniatos
1384 4216 1461 4263 oon·

389 4305 527 4372 ventui
548 4305 738 4371 restitueret
759 4299 995 4388 possessiones:
1016 4297 1074 4364 sed
1096 4292 1369 4383 ille,'aspernatus
1390 4319 1458 4363 om-

409 4409 475 4485 nia,
497 4408 598 4474 etism
627 4405 769 4493 priorem
795 4404 957 4489 deponere
987 4399 1187 4466 minabatur.
1231 4398 1324 4464 Prior
1345 4406 1459 4466 autem

408 4510 530 4596 adepta
552 4529 695 4596 congrus
716 4503 974 4596 opportunitate,
997 4508 1032 4568 et
1053 4501 1157 4568 totius
1180 4508 1362 4566 conventus
1384 4501 1458 4566 uni-

409 4618 488 4689 tate,
499 4612 634 4677 unicum
648 4629 875 4697 oppressorum
890 4605 1045 4692 opposuit
1059 4602 1250 4681 remedium,
1262 4608 1296 4670 et
1310 4603 1353 4669 sb
1369 4604 1460 4669 omni
1544 4658 1546 4661 .

408 4712 599 4801 gravamine
629 4711 723 4777 illato
745 4710 800 4776 vel
830 4707 1002 4774 inferendo
1033 4707 1069 4771 in
1091 4706 1146 4771 die
1169 4704 1283 4772 Sancti
1306 4704 1459 4771 Audoeni
