3666 5724
745 874 855 925 ornas
879 873 1070 925 msrosici.
1188 904 1196 917 .
1362 859 1426 922 363

375 1067 396 1089 “
417 1070 549 1120 tenorem
573 1064 703 1119 mandati
726 1064 818 1119 nostri
842 1065 941 1119 taliter
964 1063 1094 1118 fuissetis
1119 1062 1240 1125 executi,
1265 1060 1343 1133 quod
1367 1079 1426 1117 non
1456 1076 1511 1121 nu
1520 1078 1578 1121 11⁸7.

377 1149 396 1174 ⁴‘
415 1165 587 1220 cogeremur
602 1148 684 1203 vobis
699 1164 787 1218 super
801 1146 902 1202 eodem
920 1148 1040 1202 iteratas
1057 1145 1170 1200 litteras
1183 1144 1336 1200 destinare.
1368 1146 1425 1201 Ve·
1438 1125 1499 1180 ΜΨ·

376 1235 396 1257 “
415 1250 493 1297 rum,
513 1232 582 1303 quia
606 1249 693 1302 super
712 1231 930 1302 gravaminibus
952 1236 982 1286 et
1005 1230 1146 1298 molestiis
1164 1228 1256 1300 ipsius
1274 1230 1380 1301 prioris
1398 1239 1428 1286 et

377 1319 395 1342 “
415 1317 541 1371 fratrum
558 1333 677 1371 suorum
695 1332 754 1370 non
772 1332 924 1386 possumus
942 1331 1002 1369 uon
1019 1313 1139 1376 moveri,
1153 1331 1217 1378 nos,
1232 1313 1427 1370 incorrectum

377 1398 560 1455 “sustinere
586 1398 719 1453 nolentes
746 1397 824 1468 quod
853 1396 883 1450 in
910 1413 1011 1451 eorum
1042 1394 1246 1467 prejudicium
1277 1414 1334 1451 non
1365 1398 1428 1453 sine

375 1484 394 1509 ⁴‘
414 1487 583 1554 contemptu
604 1480 680 1537 sedis
700 1480 864 1552 apostolica
885 1485 998 1535 constat
1019 1496 1088 1536 esse,
1102 1478 1299 1544 commissum,
1319 1498 1426 1535 memo-

374 1566 394 1592 “
413 1571 478 1620 rato
503 1564 719 1636 archiepiscopo
740 1562 912 1618 mandatum
936 1562 1074 1616 iteratum
1093 1560 1227 1616 dedimus
1249 1568 1280 1617 et
1300 1579 1426 1634 pracep-

375 1651 395 1676 “
414 1656 488 1714 turn,
517 1654 551 1703 ut
580 1646 717 1719 quicquid
746 1647 824 1702 circa
853 1652 961 1701 statum
990 1644 1082 1716 ipsius
1112 1643 1215 1715 prioris
1246 1651 1276 1699 et
1302 1646 1427 1700 fratrum

377 1736 395 1760 ‘¹
415 1749 535 1788 suorum
553 1732 584 1785 in
601 1731 730 1803 personis
748 1730 794 1784 vel
812 1728 900 1784 rebus
917 1729 948 1782 in
966 1745 1067 1782 eorum
1085 1726 1287 1798 praejudicium
1306 1733 1427 1800 attemp-

378 1818 396 1841 “
415 1814 501 1879 tavit,
519 1818 674 1887 postquam
692 1812 729 1867 ad
747 1829 799 1867 nos
818 1812 1011 1883 appellarunt,
1026 1809 1073 1864 vel
1090 1828 1142 1881 per
1160 1810 1284 1865 eundem
1302 1811 1428 1884 priorem

378 1900 396 1923 “
418 1903 449 1952 et
474 1896 614 1968 quosdam
640 1895 676 1949 de
697 1894 757 1949 suis
779 1895 912 1964 aggressi
936 1898 1005 1947 sunt
1023 1892 1079 1946 iter
1099 1891 1137 1946 ad
1155 1897 1284 1947 nostram
1301 1911 1428 1965 prasen-

378 1982 396 2008 “
417 1980 489 2034 tiam
507 1977 652 2041 veniendi,
672 1977 702 2032 id
724 1978 755 2031 in
773 1981 882 2031 statum
901 1974 1056 2046 pristinum
1074 1974 1213 2029 dilatione
1231 1981 1262 2029 et
1279 1976 1429 2031 occasione

378 2065 396 2088 ⁴‘
416 2068 546 2118 cessante
569 2061 699 2124 reducat,
724 2077 831 2130 eosque
858 2064 960 2114 contra
982 2057 1059 2129 juris
1083 2057 1213 2112 ordinem
1240 2058 1271 2112 iu
1298 2058 1429 2130 personis

377 2150 396 2173 “
415 2147 462 2202 vel
479 2145 565 2200 rebus
582 2143 697 2199 desinat
714 2143 818 2196 amodo
836 2142 969 2212 fatigare.
1007 2140 1053 2194 Ne
1078 2140 1170 2210 igitur
1189 2142 1298 2196 frustra
1321 2142 1430 2196 totiens

379 2233 398 2255 ‘¹
418 2246 505 2301 super
530 2227 632 2282 eodeni
657 2225 773 2296 negotio
804 2224 928 2279 scribere
957 2221 1119 2288 videamur,
1146 2221 1295 2278 dilectioni
1325 2229 1430 2278 vestras

380 2316 469 2384 “per
496 2310 654 2383 apostolica
678 2308 786 2380 scripta
813 2305 987 2362 mandamus
1013 2312 1044 2361 et
1073 2305 1206 2361 districte
1233 2306 1429 2379 praecipimus,

380 2398 399 2423 “
419 2395 563 2467 quatinus,
585 2393 612 2449 si
629 2394 768 2464 praefatus
786 2389 1020 2461 archiepiscopus
1045 2389 1123 2443 inira
1140 2408 1186 2444 xv.
1206 2389 1269 2445 dies
1287 2395 1354 2461 post
1371 2409 1432 2446 sus·

381 2480 399 2504 ¹*
418 2478 581 2551 ceptionem
599 2476 765 2531 litterarum
782 2481 946 2528 nostrarum
972 2488 1031 2525 nou
1057 2471 1224 2543 impleverit
1249 2474 1326 2545 qnod
1351 2491 1430 2528 man·

380 2564 399 2588 “
418 2560 601 2624 damnatos
620 2557 700 2612 omni
723 2558 821 2627 gratia
838 2563 868 2611 et
893 2556 996 2609 timore
1014 2554 1182 2626 postposito,
1201 2556 1431 2612 contradictione

380 2648 400 2670 “
422 2658 545 2714 quoque,
564 2640 704 2695 dilatione
724 2644 754 2693 et
771 2637 966 2711 appellatione
984 2642 1123 2703 cessante,
1144 2637 1174 2692 id
1192 2637 1347 2693 efficaciter
1366 2657 1430 2694 exe-

382 2729 400 2751 “
420 2723 560 2797 quamini,
580 2722 723 2794 provisuri
741 2740 778 2776 ne
796 2722 863 2794 plus
881 2720 909 2775 ei
927 2719 1086 2776 videamini
1111 2738 1198 2792 quam
1216 2721 1299 2776 nobis
1321 2721 1352 2776 in
1375 2723 1430 2778 hac

381 2812 399 2835 ‘¹
420 2817 502 2878 parte
520 2805 641 2870 deferre,
662 2804 805 2875 quianon
823 2820 973 2876 passerum
990 2802 1143 2858 adversum
1162 2821 1213 2858 vos
1230 2822 1289 2858 non
1307 2808 1428 2871 moveri,

381 2892 401 2915 ⁴‘
420 2890 446 2944 si
464 2888 589 2959 alicujus
610 2887 707 2959 gratia
729 2886 777 2941 vel
795 2886 916 2941 obtentu
939 2885 1083 2942 mandatis
1106 2886 1294 2957 negligeretis
1317 2896 1430 2960 aposto·

382 2975 400 3000 ⁰⁶
421 2972 485 3027 licis
502 2970 628 3034 obedire,
648 2975 679 3025 et
696 2969 733 3024 ad
751 2969 951 3040 corrigendam
974 2968 1201 3024 inobedientiam
1219 2974 1346 3025 vestram
1371 2989 1431 3027 ma·

382 3058 401 3082 “
421 3072 492 3109 num
510 3061 641 3109 nostram
658 3052 814 3108 extendere
830 3069 1008 3123 cogeremur.
1040 3050 1205 3107 Oaetomm¹
1225 3053 1251 3109 si
1269 3070 1369 3110 omnes
1386 3054 1432 3110 his

382 3135 598 3208 “exequendis
621 3135 816 3208 nequiveritis
839 3137 989 3201 interesse,
1015 3134 1074 3189 duo
1099 3142 1228 3192 vestrum
1253 3154 1288 3192 ea
1311 3137 1432 3194 nichilo-

383 3226 401 3249 “
422 3222 519 3277 minus
537 3219 745 3292 exequantur.”

426 3310 591 3394 Quoniam
613 3331 692 3375 vero
714 3308 965 3375 aedificationem
988 3328 1084 3373 novae
1108 3308 1251 3376 basilicae
1278 3316 1313 3376 et
1338 3333 1433 3379 cano-

382 3412 530 3479 nicorum
564 3412 810 3477 institutionem
839 3431 915 3476 cum
945 3409 1050 3494 ipsius
1071 3409 1289 3478 fraternitatis
1315 3416 1434 3499 praedi-

383 3515 512 3581 catione
534 3513 750 3600 principalem
772 3512 917 3579 habebat
943 3512 1168 3598 quaestionem,
1192 3535 1253 3581 nec
1278 3515 1321 3581 ad
1350 3538 1433 3601 prse-

383 3617 525 3682 sentiam
540 3616 667 3680 domiui
690 3636 785 3702 papae
808 3614 1010 3701 responsales
1032 3613 1268 3701 archicpiscopi
1282 3617 1434 3682 accedere

383 3718 550 3795 volebant,
574 3718 653 3783 dum
676 3717 767 3803 prior
789 3715 980 3782 Cantuariae
1009 3716 1132 3780 ibidem
1162 3717 1328 3797 existeret,
1351 3741 1435 3805 prae·

383 3819 453 3885 fato
476 3818 710 3885 Cautuariensi
732 3818 974 3904 archiepiscopo
997 3818 1128 3904 scripsit
1149 3819 1215 3885 sic:

420 3928 439 3952 ⁴‘
453 3923 610 3981 Urbauns²
628 3925 906 3998 episcopusservus
924 3940 1074 3979 servornm
1092 3923 1155 3990 Dei,
1171 3923 1331 3980 venerabili
1349 3925 1435 3981 fratri
1447 3935 1605 3983 Istarorthe

384 4014 403 4038 ‘⁴
423 4009 591 4066 Baldewino
606 4009 809 4066 Cantusriensi
820 4009 1044 4080 archiepiscopo,
1059 4009 1224 4081 apostolice
1237 4001 1314 4065 sedis
1326 4011 1433 4082 legato,
1447 3990 1560 4086 Εζῗὲξῗῃ,

385 4096 404 4121 “
425 4093 549 4149 salutern
576 4099 606 4148 et
630 4093 817 4164 apostolicam
843 4092 1083 4148 benedictionem.
1120 4093 1227 4149 Dilecti
1257 4094 1310 4149 lilii
1341 4095 1435 4150 nostri

385 4178 404 4204 “
424 4176 504 4248 prior
516 4182 546 4231 et
563 4175 682 4247 quidam
697 4176 802 4231 l'ratrcs
813 4175 886 4246 ejus,
899 4175 1035 4231 monachi
1047 4176 1176 4231 ecclesiae
1194 4175 1248 4230 tibi
1260 4177 1433 4243 commissas,

384 4264 404 4289 ⁴⁶
424 4259 604 4317 adnostram
622 4260 809 4333 praesentiam
821 4259 978 4325 venientes,
997 4259 1168 4315 deecclesia
1185 4277 1272 4331 quam
1291 4259 1436 4317 adificare

386 4347 405 4371 ‘⁴
426 4344 540 4417 coepisti
564 4350 680 4402 tuntum
704 4344 759 4401 sibi
778 4351 808 4400 et
826 4343 921 4401 eidem
938 4344 1069 4404 ecclesia
1092 4353 1303 4419 proposuerunt
1321 4346 1435 4419 dispen-

359 4664 361 4668 ,
423 4621 583 4689 ¹Caeterum]
597 4622 847 4685 Verumptamen,C.
937 4624 996 4674 dete
1017 4626 1164 4687 “Verona,
1184 4625 1231 4677 vii⁶
1254 4625 1309 4679 idus
1328 4628 1436 4692 Maii1'’

420 4700 578 4766 wrbasus]
609 4701 658 4751 See
680 4700 803 4764 Epistola
825 4701 889 4752 Can·
938 4706 1174 4773 andabore,p.58.

389 4780 889 4845 umma,n0.11,p.a,viuue
909 4766 914 4837 Ι
