3666 5724
756 890 868 941 orma
890 890 1082 942 maronrca
1376 876 1440 941 321

386 1074 431 1141 Et
452 1096 525 1143 ecce
547 1078 667 1158 subito,
695 1081 907 1167 stupentibus
937 1082 1073 1160 eunctis,
1099 1081 1235 1147 auditus
1258 1086 1310 1147 cst
1335 1081 1444 1169 signo-
1472 1110 1598 1156 anuas.

383 1197 458 1241 rum
480 1179 609 1245 sonitus
632 1185 667 1246 et
688 1183 896 1248 cantantium
918 1203 1023 1250 voces.
1069 1181 1302 1263 Quaerentibus
1331 1187 1445 1249 autem
1457 1172 1614 1289 mm,

383 1280 536 1346 omnibus
573 1287 609 1348 et
645 1283 712 1350 fere
749 1284 897 1372 singulis,
931 1306 1007 1372 rege
1044 1305 1175 1371 quoque
1211 1284 1446 1371 interrogante,
1457 1284 1587 1382 2¹33ss

383 1381 478 1464 quasi
493 1382 690 1450 miraretur¹
713 1386 795 1472 quid
817 1385 880 1453 hoc
900 1391 995 1466 esset,
1010 1387 1153 1454 accurrit
1174 1386 1310 1472 quidam
1332 1385 1445 1453 dicens
1456 1385 1515 1430 ²¹⁰⁰·

383 1482 550 1569 episcopos
576 1484 711 1572 elegisse
737 1487 801 1552 sibi
827 1487 1116 1575 archiepiscopum,
1141 1492 1177 1553 et
1202 1487 1278 1553 “Te
1307 1487 1418 1554 Deum
1427 1486 1446 1514 ''

383 1588 540 1650 cantasse.
587 1585 786 1653 Mirantibus
817 1588 939 1674 itaque,
970 1609 1031 1655 nec
1063 1588 1194 1666 mirum,
1224 1589 1351 1656 cunctis
1385 1589 1444 1675 qui

383 1684 529 1764 aderant
554 1691 589 1752 et
611 1686 861 1756 lacrimantibus
883 1690 1045 1777 plurimis,
1070 1690 1318 1757 (lantuariensis
1344 1690 1444 1758 eoele-

257 1863 263 1871 ,
383 1786 441 1852 siae
463 1788 616 1855 monaehi
639 1789 812 1858 velooit0r²
833 1796 1045 1859 recessenmt.
1083 1792 1209 1859 Videns
1231 1789 1364 1858 autem⁸
1384 1813 1445 1858 rex

383 1887 575 1956 electionem
599 1891 693 1970 hanc,
717 1892 831 1959 ordine
857 1898 1057 1980 praepostero
1083 1898 1119 1959 et
1147 1894 1184 1958 in
1215 1894 1444 1981 praejudicium
1457 1921 1576 1976 casu„

345 2038 354 2047 .
384 1989 632 2059 emtumensis
654 1994 797 2061 eoelaeiae
819 1995 951 2073 nram,
965 2000 1073 2061 raum
1095 2015 1163 2061 non
1185 2016 1265 2073 esse,
1288 1994 1352 2061 sub
1380 1994 1445 2061 rs.
1458 1973 1605 2078 mim,
1635 1998 1641 2007 “

383 2091 545 2159 tinatione
575 2096 679 2162 nimia
709 2097 802 2162 misit
832 2095 1047 2162 Cantuariam
1077 2096 1273 2184 spectabiles
1309 2097 1446 2163 nuntios
1457 2073 1604 2168 {baffia

382 2193 518 2261 abbates
548 2202 583 2262 et
612 2197 753 2276 clericos,
780 2198 839 2283 qui
869 2203 1052 2265 conventus
1083 2197 1339 2263 amaritudinem
1371 2172 1591 2268 ver-islioe*

382 2296 499 2362 borum
522 2298 705 2366 mulcerent
727 2300 909 2378 dulcedine,
932 2305 967 2365 et
988 2300 1116 2366 animos
1142 2300 1352 2386 perturbatos
1383 2301 1444 2365 mi-

381 2398 526 2485 tigantea
557 2400 600 2465 ad
630 2402 900 2468 consentiendum
931 2423 1079 2488 personae
1110 2406 1290 2489 utcumque
1322 2402 1445 2493 electae,

381 2520 457 2565 cum
482 2503 708 2570 melioratione
734 2525 841 2572 causae
871 2505 1074 2571 inducerent
1120 2504 1300 2571 Venientes
1330 2506 1444 2591 itaque

381 2602 532 2688 praedicti
554 2605 641 2692 regis
662 2606 775 2672 nuntii
798 2606 895 2672 nonis
922 2605 1113 2673 Decembris
1140 2604 1366 2685 Oantuariam,
1382 2608 1445 2674 hoc
1482 2628 1574 2674 ruas.

381 2705 517 2772 tandem
544 2707 688 2794 pacificis
717 2707 971 2797 allegationibus
1002 2706 1188 2785 effecerunt
1219 2713 1259 2774 ut
1288 2708 1378 2795 prior
1406 2677 1577 2774 inffilssoe

381 2808 532 2892 proximo
558 2809 601 2874 ad
628 2810 798 2876 dominum
827 2831 938 2897 regem
969 2808 1177 2875 Lundoniam
1206 2809 1337 2876 veniret
1367 2778 1561 2877 con-hm

374 2913 503 2974 ventus
526 2931 683 2997 responsa
707 2910 845 2990 laturus,
870 2916 906 2977 et
928 2931 1029 2998 quam
1059 2910 1324 2978 meliorationem
1353 2913 1442 2977 tanti

380 3010 528 3077 scandali
565 3012 651 3079 esset
688 3013 823 3080 ecelesia
860 3011 987 3081 Christi
1024 3011 1182 3079 habitura
1211 3012 1441 3098 inquisiturus.

379 3110 483 3177 Venit
504 3112 609 3200 igitur
629 3114 727 3201 prior,
750 3119 791 3180 ut
821 3114 1029 3201 premissum
1061 3118 1120 3192 est,
1142 3113 1187 3180 ad
1220 3135 1331 3202 regem
1364 3113 1444 3180 iiiito
1480 3140 1576 3188 norro.

380 3213 455 3279 idus
481 3213 679 3292 Decembris,
707 3220 842 3282 etcum
868 3214 991 3281 honore
1021 3215 1128 3282 multo
1158 3215 1265 3303 specie
1295 3220 1394 3282 tenus
1423 3190 1613 3288 affl*

379 3336 456 3402 rege
482 3322 518 3383 et
542 3317 658 3383 aulicis
689 3323 861 3405 susceptus
893 3323 952 3384 est.
999 3318 1128 3384 Deinde
1159 3317 1376 3384 contumelias
1409 3291 1580 3387 etlibi‘v'do

379 3422 518 3485 terrores
544 3418 644 3485 minis
670 3425 705 3485 et
730 3419 903 3485 blanditiis
928 3421 1018 3486 inter
1042 3419 1245 3506 loquendum
1275 3391 1605 3538 admixtasssidffi

378 3519 518 3598 audivit,
542 3541 604 3587 nec
626 3521 751 3598 timuit,
774 3542 836 3587 nec
861 3520 1046 3587 consentire
1071 3521 1188 3597 voluit,
1217 3521 1283 3585 nisi
1314 3543 1375 3587 rex
1404 3491 1548 3645 inffirgg.

378 3620 512 3706 propria
536 3642 676 3708 persona
700 3621 915 3688 cantuariam
947 3621 1084 3688 veniens
1114 3642 1169 3687 ore
1199 3622 1334 3709 proprio
1364 3642 1440 3688 con-

379 3727 500 3787 ventus
520 3721 782 3790 benivolentiam
803 3722 897 3789 nullo
918 3722 1085 3789 mediante
1107 3721 1299 3809 postularet,
1315 3728 1350 3789 et
1371 3721 1440 3808 epi·

377 3843 548 3910 scoporum
571 3825 763 3892 electionem
786 3824 885 3892 modo
906 3824 1092 3911 subscripto
1114 3823 1248 3911 penitus
1278 3830 1441 3905 cassaret;

378 3923 541 4004 videlicet,
564 3932 604 3992 ut
626 3949 694 4006 rex,
708 3929 886 4015 impetrato
907 3931 1092 3993 conventus
1115 3947 1283 4004 consensu,
1308 3947 1329 3992 a
1353 3924 1440 3992 Oan-

377 4027 488 4094 tuaria
513 4026 720 4096 londoniam
743 4028 882 4107 rediens,
908 4029 945 4093 in
968 4028 1140 4094 audientia
1163 4027 1242 4094 cleri
1268 4032 1303 4093 et
1326 4026 1441 4115 populi

376 4126 538 4194 fateretur
575 4130 767 4197 electionem
804 4129 897 4197 illam
934 4128 1032 4196 aliter
1074 4150 1175 4216 quam
1216 4129 1351 4195 deberet
1387 4127 1442 4195 vel

378 4229 508 4296 deceret
536 4231 661 4298 sactum
691 4232 801 4310 firmae,
838 4232 927 4298 unde
964 4237 1000 4298 et
1036 4231 1138 4319 digna
1174 4237 1261 4297 esset
1298 4250 1443 4317 congrua

377 4334 625 4401 emendatione:
648 4334 719 4420 ipse
742 4353 872 4421 quoque
894 4332 1018 4399 electus
1042 4333 1219 4420 protestari
1246 4331 1381 4399 deberet
1407 4337 1442 4397 ct

413 4659 581 4729 ‘nimand
595 4660 709 4721 muamr,
721 4658 752 4711 0.
917 4661 926 4802 l
970 4656 1089 4723 ἀπίει]
1103 4656 1191 4718 etiam,
1203 4656 1234 4709 C.

412 4740 565 4808 Μυσίαν]
580 4755 631 4792 om.
643 4740 678 4790 A.
688 4739 719 4789 B.

468 4834 539 4878 aas.
1278 4831 1303 4881 X
