3588 5740
443 899 510 965 640
642 912 806 966 GEBVAHH
826 910 989 966 nonnam
1009 910 1284 966 camimum

229 1206 231 1209 ι
272 1100 413 1217 Τὲἐῧῶἥ
442 1107 460 1135 “
481 1100 689 1167 dimitterent
710 1101 889 1179 inmunem,
915 1100 996 1167 dum
1026 1101 1137 1189 plures
1166 1100 1204 1165 in
1234 1101 1404 1189 proposito
1435 1123 1496 1168 suo

147 1250 152 1265 .
272 1215 430 1320 fflffip
444 1211 461 1238 “
482 1205 664 1291 reperirent
696 1205 908 1272 adversariorn
955 1202 1164 1291 Conqueetua
1197 1208 1249 1271 cst
1279 1205 1370 1271 enim
1400 1205 1496 1272 lacri-

272 1316 346 1361 ortua
443 1306 651 1371 “mantibus
674 1306 776 1373 oculis
797 1327 833 1371 se
862 1305 1020 1371 miserum
1042 1326 1211 1383 essenon
1241 1328 1378 1393 regem;
1400 1307 1495 1385 etsi

271 1366 460 1465 limum
481 1431 600 1495 regem,
623 1409 691 1474 eolo
713 1409 847 1474 nomine
872 1431 907 1475 se
938 1410 1063 1497 regiam
1087 1409 1237 1496 optinere
1261 1410 1394 1476 dicebat
1422 1410 1495 1497 dig-

441 1520 458 1547 “
480 1513 630 1589 nitatem,
656 1533 724 1577 non
752 1516 924 1599 potestate.
970 1511 1113 1579 Dicebat
1142 1512 1231 1577 enim
1262 1533 1402 1600 regnum
1423 1512 1495 1577 An·

440 1623 459 1651 “
479 1616 556 1702 gliae
579 1616 745 1702 quendem
767 1614 947 1701 gloriosum
977 1622 1013 1681 et
1042 1614 1237 1702 opulentum
1269 1615 1307 1679 in
1338 1621 1391 1681 tot
1419 1636 1496 1701 par·

440 1726 457 1754 “
480 1717 599 1783 ticulas
635 1738 725 1782 nunc
758 1738 829 1782 essa
860 1718 1014 1795 divinum,
1048 1722 1089 1783 ut
1125 1717 1190 1782 sibi
1219 1716 1349 1783 modica
1386 1718 1495 1804 portio

440 1828 457 1855 ‘⁴
479 1821 721 1905 relinqueretur
743 1818 913 1883 inmunis.l
967 1820 1070 1887 ‘Haec
1096 1818 1203 1897 enim,'
1225 1819 1346 1906 inquit
1370 1826 1422 1886 ‘et
1435 1820 1495 1885 illa

439 1929 458 1959 “
481 1923 674 2009 ‘possident
704 1921 774 1987 albi
807 1922 961 1988 monachi
991 1927 1026 1989 et
1054 1922 1144 2010 nigri
1165 1926 1201 1987 et
1222 1922 1348 1988 ordinis
1370 1922 1494 1988 diremi

438 2032 455 2059 “
478 2024 670 2103 ‘eanonici;
707 2023 818 2110 plures
855 2024 957 2090 etiam
995 2046 1038 2089 ex
1076 2022 1305 2091 transmarinis
1342 2024 1493 2110 partibus

437 2136 454 2163 “
478 2136 637 2214 ‘magnae
669 2125 796 2192 habent
831 2127 869 2191 in
903 2126 1025 2217 Anglia
1056 2126 1230 2212 portiones.
1277 2126 1326 2191 Hi
1363 2148 1494 2213 quoquo

437 2238 455 2266 “
478 2239 613 2294 ‘omnes
636 2228 720 2294 talea
741 2227 860 2294 fratres
889 2228 1054 2295 associant
1082 2227 1155 2305 cibi,
1186 2226 1376 2314 pelliparioe
1406 2228 1492 2294 scili-

437 2342 455 2369 “
477 2338 553 2398 ‘cet
575 2330 632 2398 eti
655 2335 791 2409 sutores,
814 2351 955 2417 quorum
976 2353 1039 2398 nec
1060 2352 1148 2396 unus
1179 2330 1315 2397 deberet
1344 2331 1493 2398 instante

437 2444 454 2472 “
478 2433 695 2501 ‘necessitate
717 2434 755 2499 in
776 2433 965 2521 episcopum
988 2433 1043 2499 vel
1064 2433 1220 2499 abbatem
1250 2433 1344 2499 salva
1368 2435 1493 2500 consci-

437 2547 454 2575 “
477 2538 591 2604 ‘entia
623 2541 738 2603 nostra
769 2537 964 2622 promoveri.
1011 2534 1131 2602 Clerici
1166 2557 1296 2622 quoque
1318 2536 1492 2616 aceldama,

436 2650 454 2677 “
476 2640 559 2727 ‘qui
581 2660 671 2706 meas
694 2638 748 2705 vel
769 2644 897 2705 vestras
920 2638 1091 2725 possident
1113 2637 1273 2717 ecclesiae,
1291 2640 1492 2726 generosita-

436 2752 455 2780 “
478 2747 570 2809 ‘tem
593 2763 688 2808 suam
710 2745 746 2806 et
767 2740 992 2806 litteraturam
1014 2745 1214 2806 convertunt
1228 2741 1265 2805 in
1279 2741 1492 2829 pravitatem,

436 2854 453 2882 “
478 2850 540 2910 ‘ut
562 2845 604 2910 do
633 2844 742 2935 gratia
772 2843 836 2908 sibi
868 2843 948 2909 data
979 2849 1095 2910 contre
1125 2842 1235 2909 Deum
1267 2847 1375 2909 erecto
1408 2844 1492 2910 collo

436 2957 454 2984 “
477 2948 589 3013 ‘sicut
612 2968 715 3032 equus
738 2951 773 3011 et
794 2945 905 3011 mulus
927 2946 1049 3012 armari
1064 2945 1249 3012 videantur.
1287 2944 1492 3011 Elemouinae

435 3059 453 3087 “
476 3048 615 3139 ‘populi
652 3047 844 3114 distrahunt
881 3054 916 3114 et
948 3048 1143 3135 expendunt
1180 3048 1218 3113 in
1249 3069 1329 3113 usus
1361 3070 1492 3137 pravos,

436 3161 453 3188 “
477 3152 580 3218 ‘dum
602 3151 708 3238 magle
730 3150 879 3236 cogitant
900 3150 942 3215 de
964 3172 1099 3216 auarum
1132 3150 1251 3237 pannis
1281 3152 1492 3218 meretricum

435 3262 454 3292 “
478 3264 601 3341 ‘quam
623 3253 664 3319 de
686 3274 822 3319 auarum
843 3253 1051 3319 vestimentis
1073 3252 1128 3319 vel
1149 3252 1244 3319 libris
1274 3253 1491 3333 eeclesiarum,

437 3366 454 3394 “
477 3366 485 3394 ‘
500 3356 752 3423 comessationes
767 3355 957 3442 diligtmtet
971 3355 1157 3432 ebrietates,
1173 3360 1217 3433 et,
1228 3376 1293 3441 quo
1302 3355 1407 3442 magis
1422 3377 1491 3421 eor-

434 3466 454 3496 “
477 3460 637 3526 ‘deceant
657 3458 696 3523 in
718 3459 853 3536 Venere,
876 3458 956 3523 vino
978 3457 1033 3524 vel
1056 3456 1205 3543 quolibet
1234 3457 1352 3544 poculo
1382 3458 1490 3524 debri-

435 3571 453 3599 “
477 3567 607 3628 ‘antur
654 3560 838 3626 Tolerabile
867 3559 994 3626 malurn
1023 3560 1194 3626 videretur
1216 3560 1246 3625 si
1267 3559 1392 3647 singuli
1414 3583 1491 3627 suaa

435 3675 454 3703 “
476 3664 709 3731 ‘mulierculae
735 3664 958 3741 observarent,
980 3667 1016 3730 ct
1045 3663 1163 3729 saltem
1193 3663 1327 3729 thorum
1349 3686 1418 3731 non
1438 3665 1490 3729 in·

435 3778 452 3804 “
476 3767 661 3833 ‘vaderent
682 3766 828 3832 alienum
850 3787 912 3833 nec
933 3765 1008 3831 aliia
1038 3765 1123 3831 filice
1153 3770 1356 3852 generarent
1402 3764 1490 3832 Oum

434 3880 453 3908 “
475 3879 542 3937 ‘ex
563 3870 687 3936 talibus
709 3869 855 3955 aliquem
876 3869 920 3934 ob
949 3868 1078 3955 generis
1108 3868 1159 3933 sui
1189 3867 1339 3934 favorem
1361 3868 1398 3934 in
1420 3870 1490 3955 epi·

436 3983 453 4012 “
477 3983 633 4061 ‘scopum
655 3971 711 4038 vel
732 3972 997 4038 archidiaconum
1020 3992 1258 4057 promovemus,
1281 3971 1403 4059 populo
1424 3971 1490 4037 Dei

435 4086 452 4114 “
475 4084 566 4142 ‘non
596 4075 845 4163 predicatorem
878 4073 972 4139 verbi
1003 4073 1068 4139 Dei
1098 4073 1156 4138 sed
1186 4073 1424 4159 placitatorem,
1445 4097 1489 4141 ne

436 4187 453 4214 “
477 4178 609 4244 ‘dicam
639 4176 821 4255 letatorem,
843 4196 983 4263 praeesse
1005 4171 1246 4261 conspicimrre.⁸
1291 4174 1382 4255 Quid
1411 4198 1490 4263 ergo

436 4290 453 4317 “
476 4280 611 4346 ‘miseri
632 4280 670 4344 in
698 4279 826 4366 judicio
848 4278 911 4343 Dei
941 4278 1088 4343 dicemus
1117 4277 1161 4342 ad
1190 4276 1288 4343 haecl
1325 4276 1490 4345 Praeterea

435 4393 454 4420 “
476 4382 642 4449 ‘Romani
664 4386 798 4468 propter
820 4381 1027 4447 debilitatem
1044 4384 1193 4447 nostram
1214 4379 1296 4446 adeo
1317 4380 1415 4445 nobie
1436 4381 1489 4446 in-

436 4493 454 4524 “
477 4485 577 4553 ‘festi
599 4490 679 4551 sunt
700 4488 740 4549 ut
760 4466 857 4550 'nobis
883 4483 1087 4549 solummodo
1108 4482 1287 4549 videantur
1317 4484 1489 4571 imperare,

469 4769 925 4839 1rmo11mmutura.;om.a.
1015 4767 1489 4838 'popelo....rcaepieinae]om

468 4847 682 4921 'etJom.A.B.
982 4847 1061 4900 AB.
