3628 5728
717 902 829 953 ornas
851 901 1043 954 meremor
1334 888 1401 955 499

348 1084 368 1112 “
388 1082 521 1140 exhibita
543 1101 596 1156 per
619 1102 673 1143 nos
696 1089 862 1141 mereantur
891 1081 1014 1139 absolvi.
1049 1079 1107 1151 Qui
1135 1096 1205 1137 vero
1233 1079 1403 1154 hujusmodi
1431 1098 1553 1145 mm,

350 1168 370 1193 “
388 1165 694 1225 communicaverunt¹
718 1169 852 1235 scienter,
877 1184 1007 1239 congrue
1033 1166 1071 1221 ad
1094 1164 1249 1221 arbitrium
1272 1170 1402 1222 vestrum
1446 1149 1541 1204 ”ml

349 1250 368 1279 “
387 1251 576 1308 satisfaciant.
612 1252 686 1308 Haec
704 1256 804 1309 autern
824 1251 923 1307 omnia
939 1256 1023 1306 tanto
1043 1248 1205 1305 districtius
1221 1255 1327 1306 vestrae
1345 1249 1403 1305 dis·

350 1334 369 1358 “
388 1334 510 1388 crationi
528 1335 664 1390 duximus
681 1335 871 1408 injungenda,
887 1338 997 1406 quanto
1015 1332 1065 1388 inl
1082 1332 1221 1402 injuriam
1237 1332 1403 1405 apostoliea

350 1420 370 1445 ‘⁶
388 1418 465 1473 sedis
481 1419 645 1475 redundare
662 1419 789 1486 videtur,
809 1419 911 1475 eadem
928 1418 1034 1473 totiens
1051 1416 1180 1472 inaniter
1196 1417 1304 1472 iterare
1321 1434 1404 1472 man·

350 1502 369 1542 ‘·‘
388 1500 474 1569 datis,
496 1503 724 1576 etreligionem
747 1503 894 1559 vestram⁸
916 1502 1015 1558 minus
1041 1501 1158 1557 deceret
1182 1501 1208 1557 si
1232 1501 1405 1557 mandatum

350 1585 370 1613 “
388 1585 580 1656 apostolicum
593 1586 712 1658 segnius
730 1585 955 1658 exequerernini,
968 1586 1203 1657 neo⁴p0ssemus
1220 1583 1284 1640 sine
1301 1585 1404 1639 moles·

350 1669 369 1695 “
386 1667 429 1724 tia
445 1674 561 1725 tantum
579 1668 611 1725 in
628 1669 712 1726 vobis
729 1671 899 1742 neglectum
916 1668 1099 1741 aliquatenus
1116 1667 1269 1725 sustinere.
1305 1666 1406 1724 Nullis

350 1752 497 1810 “litteris
511 1752 574 1825 juri
592 1772 692 1810 eorum
716 1753 921 1827 prejudicium
939 1752 1121 1818 facientibus,
1139 1752 1165 1809 si
1183 1770 1248 1825 quse
1265 1768 1405 1824 apperue-
1467 1798 1471 1807 .

350 1837 370 1863 “
388 1834 451 1892 rint
467 1854 486 1892 a
503 1837 571 1893 sede
594 1837 754 1911 apostolica
770 1837 944 1909 impetratae,
962 1835 1166 1895 obstantibus.⁸
1201 1835 1328 1904 Quodsi
1345 1852 1406 1890 om-

349 1919 370 1947 “
388 1935 440 1975 nes
464 1919 511 1976 his
537 1920 712 1994 exequendis
737 1919 929 1992 nequiveritis
959 1918 1109 1988 interesse,
1133 1918 1192 1975 duo
1214 1923 1347 1975 vestrum
1371 1935 1407 1974 ea

350 2001 370 2029 “
388 2001 598 2059 nichilominus
616 2008 807 2075 exequantur.
843 2003 953 2059 Datum
975 2003 1077 2058 Romae
1094 2002 1173 2073 apud
1192 2001 1333 2058 Sanctum
1351 2000 1404 2057 Pe-

349 2084 370 2111 “
388 2088 469 2139 trum
486 2086 526 2141 v‘0
543 2085 682 2142 kalendas
701 2086 795 2151 Junii,
814 2086 1001 2157 pontificatus
1018 2086 1112 2142 nostri
1129 2103 1206 2141 anno
1222 2082 1348 2157 primo.’'

394 2167 477 2235 Haec
491 2169 663 2236 audientes
686 2175 720 2235 et
742 2169 896 2236 manibus
918 2174 1134 2236 attrectantes
1156 2169 1307 2255 praedicti
1329 2189 1406 2235 exe·
1417 2192 1556 2246 mousson

349 2275 488 2350 autores,
503 2293 579 2337 oum
602 2277 712 2337 essent
734 2272 800 2336 viri
822 2271 968 2358 religiosi
989 2272 1087 2337 valde
1109 2269 1166 2337 et⁰
1179 2271 1323 2350 discreti,
1337 2243 1573 2338 nontlltibdd

350 2373 598 2461 praecipitanter
612 2374 670 2440 sed
685 2396 811 2440 morose
834 2396 933 2461 super
954 2374 1145 2461 hujusmodi
1166 2374 1324 2440 mandato
1346 2373 1405 2438 har
1416 2344 1556 2439 {W

349 2476 421 2542 bito
436 2477 581 2556 oonsilio,
596 2477 764 2564 praedictae
787 2477 921 2564 capellae
942 2478 1123 2545 rectoribus
1146 2478 1281 2545 tandem
1303 2446 1569 2564 scrip-liffeim

350 2583 466 2644 serunt
488 2580 524 2645 in
546 2580 636 2646 huno
657 2579 793 2646 modum
809 2604 863 2644 :-
1417 2547 1574 2642 fflffm

389 2688 407 2712 ‘⁶
421 2686 621 2760 Itsginnldus⁷
639 2688 694 2743 Dei
718 2687 815 2758 gratia
841 2686 1044 2744 Bathoniensis
1070 2686 1235 2760 episcopus,
1258 2690 1290 2742 et
1315 2685 1405 2758 Hugo
1417 2646 1567 2751 &iiim

353 2770 372 2796 “
391 2768 493 2826 eadem
504 2770 600 2842 gretie
611 2769 647 2825 de
660 2770 816 2840 Redinges,
830 2774 861 2826 et
871 2770 1048 2828 Walterius⁸
1060 2770 1096 2827 de
1107 2770 1257 2828 Waltharn
1274 2769 1406 2837 abbates,

353 2855 373 2882 “
391 2854 552 2911 rectoribus
563 2855 683 2927 capellae
701 2854 738 2910 de
749 2854 930 2913 Hakintonia
941 2855 1074 2915 salutem.
1111 2854 1284 2910 Mandatum
1295 2852 1408 2909 domini

353 2938 373 2965 “
392 2955 476 3015 papa
487 2939 669 3012 suscepimus
686 2955 744 3010 quo
761 2938 845 2995 nobis
861 2938 1027 3013 injunctum
1044 2945 1097 3005 est,
1111 2943 1146 2996 nt
1162 2937 1256 2995 modis
1273 2938 1409 2994 omnibns

353 3023 373 3050 ‘¹
392 3022 587 3089 observemus,
606 3041 642 3079 ne
659 3022 691 3078 in
708 3022 772 3079 looo
789 3027 887 3079 vestro
910 3040 998 3095 quem
1022 3023 1182 3095 apostolica
1204 3021 1409 3079 condemnavit

353 3105 550 3163 “auotoritas
573 3105 673 3162 divina
695 3106 733 3162 de
756 3112 862 3163 oaetero
885 3106 1080 3174 celebrentur,
1101 3106 1153 3164 sed
1175 3105 1273 3181 potius
1296 3104 1410 3178 capella

354 3190 374 3218 “
393 3189 512 3256 ibidem,
531 3195 566 3246 ut
584 3190 702 3257 dicitur,
721 3196 822 3248 erecta
837 3191 980 3257 funditus,
998 3191 1139 3247 dilatione
1157 3195 1189 3247 et
1211 3189 1408 3263 appellatione

354 3276 374 3301 ‘⁴
393 3278 531 3341 cessante,
551 3273 727 3330 destruatur.
764 3273 797 3329 Si
827 3274 893 3346 quis
922 3290 994 3346 ergo
1019 3279 1152 3331 restrum
1179 3291 1234 3346 pro
1263 3273 1328 3329 looo
1355 3272 1409 3327 illo

354 3359 374 3385 “
394 3362 473 3413 stare
495 3357 632 3423 voluerit,
658 3364 688 3414 et
711 3357 857 3414 rationem
880 3376 1043 3431 proponere
1067 3377 1157 3431 quare
1181 3360 1237 3415 hoo
1260 3357 1325 3413 fieri
1349 3374 1409 3412 non

355 3440 373 3466 “
395 3439 507 3507 debeat,
538 3439 712 3496 intimamus
739 3439 823 3497 vobis
853 3442 930 3512 quod
959 3459 1022 3508 nos,
1046 3442 1108 3497 Deo
1139 3441 1274 3508 donante,
1298 3439 1331 3494 in
1360 3438 1409 3494 die

357 3523 374 3549 “
396 3521 511 3579 Sanctae
531 3522 707 3595 Margaretoe
723 3522 849 3594 virginis
867 3523 905 3579 ed
927 3527 1025 3581 locum
1048 3525 1134 3581 illum
1150 3525 1250 3580 venire
1273 3527 1304 3579 et
1326 3539 1409 3578 man·

355 3607 375 3719 Σ
393 3605 499 3748 ἓξὲξ
509 3606 724 3716 ’,θροεῦοὶίουω
758 3612 847 3678 prout
881 3608 967 3665 decet
1001 3609 1203 3682 proposuimus
1237 3607 1408 3679 adimplere.

397 3775 615 3842 Accesserant
635 3776 739 3863 igitur
759 3776 912 3863 predicti
940 3776 1006 3842 viri
1032 3776 1086 3844 vel
1115 3799 1174 3864 per
1202 3799 1237 3843 se
1263 3775 1317 3841 vel
1346 3797 1406 3862 per
1449 3788 1546 3842 ruba·

353 3877 480 3964 legatos
519 3876 663 3949 idoneos,
684 3878 728 3944 ad
756 3879 865 3945 locum
895 3900 1064 3955 unacum
1090 3880 1176 3946 clero
1202 3851 1552 3965 et⁹p0pu10lllb⁰di

353 3979 501 4046 eivimtis
524 3979 781 4059 (lantoniensis,
804 3986 937 4048 etcum
959 4003 1027 4047 non
1049 3988 1135 4048 esset
1161 3981 1326 4068 quispiam
1348 3980 1407 4067 qui
1417 3954 1534 4000 mm*

353 4082 512 4149 mandato
533 4083 712 4171 apostolico
734 4082 927 4150 reclamaret
949 4084 985 4149 in
1006 4084 1126 4172 aliquo,
1142 4085 1221 4151 data
1243 4084 1408 4151 sententia

352 4185 573 4273 pendentibus
595 4186 717 4252 litteris
738 4185 944 4274 prophanam
958 4188 1284 4275 condempnaverunt
1301 4186 1408 4274 capel-

388 4360 397 4394 ¹
409 4361 664 4429 manicaverunt]
686 4362 858 4415 communica·
936 4362 996 4432 ⁰st]
1012 4381 1063 4417 om.
1077 4366 1108 4419 (l.

355 4442 464 4505 rento.
937 4443 1133 4513 moysetum]
1148 4444 1329 4511 Seeltpistole
1339 4445 1408 4499 Gan·

387 4520 450 4589 ²in]
464 4536 526 4586 non,
538 4522 573 4575 A.
584 4523 617 4573 Β.
902 4521 1055 4583 tusriemes,
1066 4522 1115 4573 No.
1127 4520 1237 4585 ccclxii,
1248 4537 1274 4586 p.
1286 4526 1346 4573 333.

388 4600 531 4668 8υσείναηι]
546 4616 597 4654 om.
608 4601 643 4653 A
655 4602 687 4653 B.
936 4599 1115 4668 ⁸Walteriss]
1142 4600 1295 4663 Willelmus,
1306 4600 1339 4650 B.
1372 4599 1408 4653 So
1513 4642 1516 4657 .

388 4678 469 4748 ⁴sec]
484 4681 569 4745 ne,(l.
903 4679 1039 4745 alsollpp.
1052 4680 1171 4746 (lant,p.
1183 4686 1241 4734 333.

390 4759 580 4828 ῑοὸεωπᾶόυ]
604 4759 714 4814 inserted
735 4758 860 4814 inhia
937 4759 1155 4828 ’etJomAAE

356 4839 400 4891 the
410 4839 527 4907 mutim
545 4856 596 4893 om.
609 4840 639 4893 0.
1144 4864 1149 4873 ·
