<?xml version="1.0" encoding="UTF-8"?>
<!DOCTYPE html PUBLIC "-//W3C//DTD XHTML 1.0 Transitional//EN"
    "http://www.w3.org/TR/xhtml1/DTD/xhtml1-transitional.dtd">
<html xmlns="http://www.w3.org/1999/xhtml" xml:lang="en" lang="en">
 <head>
  <title>
</title>
<meta http-equiv="Content-Type" content="text/html;charset=utf-8" />
  <meta name='ocr-system' content='tesseract 3.04.00' />
  <meta name='ocr-capabilities' content='ocr_page ocr_carea ocr_par ocr_line ocrx_word'/>
</head>
<body>
  <div class='ocr_page' id='page_1' title='image "./historicalworks00offigoog_0309.png"; bbox 0 0 3646 5720; ppageno 0'>
   <div class='ocr_carea' id='block_1_1' title="bbox 724 896 1545 961">
    <p class='ocr_par' dir='ltr' id='par_1_1' title="bbox 724 896 1545 961">
     <span class='ocr_line' id='line_1_1' title="bbox 724 896 1545 961; baseline 0 -2"><span class='ocrx_word' id='word_1_1' title='bbox 724 908 837 960; x_wconf 80' lang='lat' dir='ltr'><strong>ornas</strong></span> <span class='ocrx_word' id='word_1_2' title='bbox 858 909 1049 961; x_wconf 71' lang='lat' dir='ltr'><strong>aaronica,</strong></span> <span class='ocrx_word' id='word_1_3' title='bbox 1349 896 1413 960; x_wconf 80' lang='lat'><strong>245</strong></span> <span class='ocrx_word' id='word_1_4' title='bbox 1442 940 1446 947; x_wconf 38' lang='lat'><strong><em>⁴</em></strong></span> <span class='ocrx_word' id='word_1_5' title='bbox 1541 925 1545 933; x_wconf 94' lang='lat'><em>·</em></span> 
     </span>
    </p>
   </div>
   <div class='ocr_carea' id='block_1_2' title="bbox 362 1066 1567 1182">
    <p class='ocr_par' dir='ltr' id='par_1_2' title="bbox 362 1066 1567 1182">
     <span class='ocr_line' id='line_1_2' title="bbox 362 1066 1567 1182; baseline -0.002 -18"><span class='ocrx_word' id='word_1_6' title='bbox 362 1095 609 1165; x_wconf 84' lang='lat' dir='ltr'><strong>Oantuariensis</strong></span> <span class='ocrx_word' id='word_1_7' title='bbox 631 1066 774 1165; x_wconf 78' lang='lat' dir='ltr'><strong>ecclesiae</strong></span> <span class='ocrx_word' id='word_1_8' title='bbox 796 1094 974 1162; x_wconf 87' lang='lat' dir='ltr'><strong>honorifice</strong></span> <span class='ocrx_word' id='word_1_9' title='bbox 996 1100 1167 1182; x_wconf 86' lang='lat' dir='ltr'><strong>susceptus</strong></span> <span class='ocrx_word' id='word_1_10' title='bbox 1189 1099 1248 1172; x_wconf 85' lang='lat' dir='ltr'><strong>est,</strong></span> <span class='ocrx_word' id='word_1_11' title='bbox 1271 1094 1307 1158; x_wconf 93' lang='lat' dir='ltr'><strong>in</strong></span> <span class='ocrx_word' id='word_1_12' title='bbox 1329 1113 1414 1160; x_wconf 80' lang='lat' dir='ltr'><strong>cras·</strong></span> <span class='ocrx_word' id='word_1_13' title='bbox 1443 1122 1567 1170; x_wconf 55' lang='lat' dir='ltr'><strong>anun</strong></span> 
     </span>
    </p>
   </div>
   <div class='ocr_carea' id='block_1_3' title="bbox 359 1174 1562 1282">
    <p class='ocr_par' dir='ltr' id='par_1_3' title="bbox 359 1174 1562 1282">
     <span class='ocr_line' id='line_1_3' title="bbox 359 1174 1562 1282; baseline -0.002 -17"><span class='ocrx_word' id='word_1_14' title='bbox 359 1200 431 1266; x_wconf 91' lang='lat' dir='ltr'><strong>tino</strong></span> <span class='ocrx_word' id='word_1_15' title='bbox 468 1200 555 1265; x_wconf 88' lang='lat' dir='ltr'><strong>sicut</strong></span> <span class='ocrx_word' id='word_1_16' title='bbox 592 1197 762 1265; x_wconf 85' lang='lat' dir='ltr'><strong>dicebatur</strong></span> <span class='ocrx_word' id='word_1_17' title='bbox 799 1197 1043 1279; x_wconf 66' lang='lat' dir='ltr'><strong>consecrande</strong></span> <span class='ocrx_word' id='word_1_18' title='bbox 1091 1196 1157 1263; x_wconf 85' lang='lat' dir='ltr'><strong>Sed</strong></span> <span class='ocrx_word' id='word_1_19' title='bbox 1195 1218 1271 1263; x_wconf 90' lang='lat' dir='ltr'><strong>cum</strong></span> <span class='ocrx_word' id='word_1_20' title='bbox 1293 1174 1562 1282; x_wconf 48' lang='lat' dir='ltr'><strong>&#39;omniaphfflg</strong></span> 
     </span>
    </p>
   </div>
   <div class='ocr_carea' id='block_1_4' title="bbox 360 1286 1576 1390">
    <p class='ocr_par' dir='ltr' id='par_1_4' title="bbox 360 1286 1576 1390">
     <span class='ocr_line' id='line_1_4' title="bbox 360 1286 1576 1390; baseline -0.004 -23"><span class='ocrx_word' id='word_1_21' title='bbox 360 1305 464 1367; x_wconf 89' lang='lat' dir='ltr'><strong>tantae</strong></span> <span class='ocrx_word' id='word_1_22' title='bbox 486 1299 722 1367; x_wconf 85' lang='lat' dir='ltr'><strong>consecrationi</strong></span> <span class='ocrx_word' id='word_1_23' title='bbox 749 1298 931 1365; x_wconf 73' lang='lat' dir='ltr'><strong>necessaria</strong></span> <span class='ocrx_word' id='word_1_24' title='bbox 963 1302 1149 1384; x_wconf 85' lang='lat' dir='ltr'><strong>praepurata</strong></span> <span class='ocrx_word' id='word_1_25' title='bbox 1171 1297 1319 1375; x_wconf 68' lang='lat' dir='ltr'><strong>tineent,</strong></span> <span class='ocrx_word' id='word_1_26' title='bbox 1343 1286 1576 1390; x_wconf 54' lang='lat' dir='ltr'><strong>eocessmffi</strong></span> 
     </span>
    </p>
   </div>
   <div class='ocr_carea' id='block_1_5' title="bbox 360 1388 1567 1491">
    <p class='ocr_par' dir='ltr' id='par_1_5' title="bbox 360 1388 1567 1491">
     <span class='ocr_line' id='line_1_5' title="bbox 360 1388 1567 1491; baseline -0.006 -25"><span class='ocrx_word' id='word_1_27' title='bbox 360 1402 481 1468; x_wconf 86' lang='lat' dir='ltr'><strong>litterae</strong></span> <span class='ocrx_word' id='word_1_28' title='bbox 502 1401 582 1467; x_wconf 89' lang='lat' dir='ltr'><strong>novi</strong></span> <span class='ocrx_word' id='word_1_29' title='bbox 604 1400 691 1488; x_wconf 87' lang='lat' dir='ltr'><strong>regis</strong></span> <span class='ocrx_word' id='word_1_30' title='bbox 713 1400 852 1466; x_wconf 90' lang='lat' dir='ltr'><strong>Henrici</strong></span> <span class='ocrx_word' id='word_1_31' title='bbox 874 1422 917 1466; x_wconf 85' lang='lat' dir='ltr'><strong>ex</strong></span> <span class='ocrx_word' id='word_1_32' title='bbox 938 1399 1078 1465; x_wconf 89' lang='lat' dir='ltr'><strong>adversa</strong></span> <span class='ocrx_word' id='word_1_33' title='bbox 1092 1404 1187 1486; x_wconf 89' lang='lat' dir='ltr'><strong>parte</strong></span> <span class='ocrx_word' id='word_1_34' title='bbox 1210 1400 1246 1464; x_wconf 94' lang='lat' dir='ltr'><strong>in</strong></span> <span class='ocrx_word' id='word_1_35' title='bbox 1269 1396 1414 1465; x_wconf 89' lang='lat' dir='ltr'><strong>medium</strong></span> <span class='ocrx_word' id='word_1_36' title='bbox 1427 1388 1567 1491; x_wconf 46' lang='grc' dir='ltr'><strong>ξῖὓξξῴᾞ</strong></span> 
     </span>
    </p>
   </div>
   <div class='ocr_carea' id='block_1_6' title="bbox 360 1488 1492 1589">
    <p class='ocr_par' dir='ltr' id='par_1_6' title="bbox 360 1488 1492 1589">
     <span class='ocr_line' id='line_1_6' title="bbox 360 1488 1492 1589; baseline -0.005 -19"><span class='ocrx_word' id='word_1_37' title='bbox 360 1503 471 1570; x_wconf 85' lang='lat' dir='ltr'><strong>allatae</strong></span> <span class='ocrx_word' id='word_1_38' title='bbox 493 1507 573 1569; x_wconf 83' lang='lat' dir='ltr'><strong>sunt</strong></span> <span class='ocrx_word' id='word_1_39' title='bbox 584 1526 593 1584; x_wconf 93' lang='lat'>;</span> <span class='ocrx_word' id='word_1_40' title='bbox 622 1522 762 1589; x_wconf 88' lang='lat' dir='ltr'><strong>quarum</strong></span> <span class='ocrx_word' id='word_1_41' title='bbox 785 1502 849 1567; x_wconf 80' lang='lat' dir='ltr'><strong>iste</strong></span> <span class='ocrx_word' id='word_1_42' title='bbox 872 1503 923 1567; x_wconf 86' lang='lat' dir='ltr'><strong>est</strong></span> <span class='ocrx_word' id='word_1_43' title='bbox 944 1504 1079 1566; x_wconf 84' lang='lat' dir='ltr'><strong>textus:</strong></span> <span class='ocrx_word' id='word_1_44' title='bbox 1427 1488 1492 1541; x_wconf 57' lang='lat'><strong>³¹⁰⁸·</strong></span> 
     </span>
    </p>
   </div>
   <div class='ocr_carea' id='block_1_7' title="bbox 350 1655 1586 3054">
    <p class='ocr_par' dir='ltr' id='par_1_7' title="bbox 350 1655 1586 3054">
     <span class='ocr_line' id='line_1_7' title="bbox 385 1655 1417 1729; baseline -0.002 -14"><span class='ocrx_word' id='word_1_45' title='bbox 385 1657 585 1723; x_wconf 73' lang='lat' dir='ltr'><strong>,⁴‘Henrioua</strong></span> <span class='ocrx_word' id='word_1_46' title='bbox 605 1656 659 1713; x_wconf 90' lang='lat' dir='ltr'><strong>Dei</strong></span> <span class='ocrx_word' id='word_1_47' title='bbox 683 1655 791 1729; x_wconf 79' lang='lat' dir='ltr'><strong>gratia,</strong></span> <span class='ocrx_word' id='word_1_48' title='bbox 815 1673 867 1712; x_wconf 85' lang='lat' dir='ltr'><strong>rex</strong></span> <span class='ocrx_word' id='word_1_49' title='bbox 890 1657 1009 1729; x_wconf 78' lang='lat' dir='ltr'><strong>Angliae</strong></span> <span class='ocrx_word' id='word_1_50' title='bbox 1033 1661 1064 1712; x_wconf 88' lang='lat' dir='ltr'><strong>et</strong></span> <span class='ocrx_word' id='word_1_51' title='bbox 1081 1656 1140 1713; x_wconf 90' lang='lat' dir='ltr'><strong>dux</strong></span> <span class='ocrx_word' id='word_1_52' title='bbox 1162 1657 1361 1725; x_wconf 81' lang='lat' dir='ltr'><strong>Normanniae,</strong></span> <span class='ocrx_word' id='word_1_53' title='bbox 1386 1662 1417 1713; x_wconf 93' lang='lat' dir='ltr'><strong>et</strong></span> 
     </span>
     <span class='ocr_line' id='line_1_8' title="bbox 362 1739 1416 1812; baseline -0.003 -15"><span class='ocrx_word' id='word_1_54' title='bbox 362 1744 381 1769; x_wconf 92' lang='lat'>“</span> <span class='ocrx_word' id='word_1_55' title='bbox 401 1752 498 1797; x_wconf 83' lang='lat' dir='ltr'><strong>comes</strong></span> <span class='ocrx_word' id='word_1_56' title='bbox 520 1739 708 1812; x_wconf 80' lang='lat' dir='ltr'><strong>Andegavioe‚</strong></span> <span class='ocrx_word' id='word_1_57' title='bbox 733 1740 814 1811; x_wconf 78' lang='lat' dir='ltr'><strong>regia</strong></span> <span class='ocrx_word' id='word_1_58' title='bbox 836 1739 961 1797; x_wconf 86' lang='lat' dir='ltr'><strong>Henrici</strong></span> <span class='ocrx_word' id='word_1_59' title='bbox 984 1740 1073 1806; x_wconf 86' lang='lat' dir='ltr'><strong>filius,</strong></span> <span class='ocrx_word' id='word_1_60' title='bbox 1099 1757 1165 1797; x_wconf 86' lang='lat' dir='ltr'><strong>oaro</strong></span> <span class='ocrx_word' id='word_1_61' title='bbox 1195 1745 1226 1795; x_wconf 87' lang='lat' dir='ltr'><strong>et</strong></span> <span class='ocrx_word' id='word_1_62' title='bbox 1254 1739 1335 1796; x_wconf 83' lang='lat' dir='ltr'><strong>fideli</strong></span> <span class='ocrx_word' id='word_1_63' title='bbox 1364 1756 1416 1795; x_wconf 88' lang='lat' dir='ltr'><strong>suo</strong></span> 
     </span>
     <span class='ocr_line' id='line_1_9' title="bbox 361 1821 1416 1895; baseline -0.004 -15"><span class='ocrx_word' id='word_1_64' title='bbox 361 1826 382 1853; x_wconf 78' lang='lat'><strong>‘⁶</strong></span> <span class='ocrx_word' id='word_1_65' title='bbox 401 1823 505 1891; x_wconf 86' lang='lat' dir='ltr'><strong>Odoni,</strong></span> <span class='ocrx_word' id='word_1_66' title='bbox 530 1823 621 1895; x_wconf 83' lang='lat' dir='ltr'>priori</span> <span class='ocrx_word' id='word_1_67' title='bbox 640 1821 857 1880; x_wconf 83' lang='lat' dir='ltr'><strong>Oantuariensia</strong></span> <span class='ocrx_word' id='word_1_68' title='bbox 881 1823 1019 1889; x_wconf 75' lang='lat' dir='ltr'><strong>ecclesiia,</strong></span> <span class='ocrx_word' id='word_1_69' title='bbox 1044 1828 1075 1879; x_wconf 94' lang='lat' dir='ltr'><strong>et</strong></span> <span class='ocrx_word' id='word_1_70' title='bbox 1098 1823 1235 1878; x_wconf 81' lang='lat' dir='ltr'><strong>universo</strong></span> <span class='ocrx_word' id='word_1_71' title='bbox 1259 1821 1416 1879; x_wconf 81' lang='lat' dir='ltr'><strong>conventui</strong></span> 
     </span>
     <span class='ocr_line' id='line_1_10' title="bbox 362 1904 1521 1977; baseline -0.002 -15"><span class='ocrx_word' id='word_1_72' title='bbox 362 1906 575 1962; x_wconf 83' lang='lat' dir='ltr'><strong>“salutemet</strong></span> <span class='ocrx_word' id='word_1_73' title='bbox 598 1904 792 1969; x_wconf 83' lang='lat' dir='ltr'><strong>dilectionem.</strong></span> <span class='ocrx_word' id='word_1_74' title='bbox 829 1905 873 1960; x_wconf 79' lang='lat' dir='ltr'><strong>lix</strong></span> <span class='ocrx_word' id='word_1_75' title='bbox 891 1910 973 1960; x_wconf 89' lang='lat' dir='ltr'><strong>certa</strong></span> <span class='ocrx_word' id='word_1_76' title='bbox 990 1904 1184 1977; x_wconf 87' lang='lat' dir='ltr'><strong>quorumdum</strong></span> <span class='ocrx_word' id='word_1_77' title='bbox 1206 1904 1349 1961; x_wconf 75' lang='lat' dir='ltr'><strong>relatione</strong></span> <span class='ocrx_word' id='word_1_78' title='bbox 1370 1922 1416 1960; x_wconf 89' lang='lat' dir='ltr'><strong>re·</strong></span> <span class='ocrx_word' id='word_1_79' title='bbox 1518 1926 1521 1932; x_wconf 63' lang='lat'><strong><em>¹</em></strong></span> 
     </span>
     <span class='ocr_line' id='line_1_11' title="bbox 350 1987 1417 2060; baseline -0.001 -16"><span class='ocrx_word' id='word_1_80' title='bbox 350 1991 382 2035; x_wconf 81' lang='lat'><strong>.“</strong></span> <span class='ocrx_word' id='word_1_81' title='bbox 401 1989 541 2060; x_wconf 78' lang='lat' dir='ltr'>cepimus,</span> <span class='ocrx_word' id='word_1_82' title='bbox 565 1988 643 2060; x_wconf 89' lang='lat' dir='ltr'><strong>quod</strong></span> <span class='ocrx_word' id='word_1_83' title='bbox 667 1987 699 2042; x_wconf 89' lang='lat' dir='ltr'><strong>in</strong></span> <span class='ocrx_word' id='word_1_84' title='bbox 718 1987 841 2043; x_wconf 87' lang='lat' dir='ltr'><strong>ecclesia</strong></span> <span class='ocrx_word' id='word_1_85' title='bbox 861 1992 960 2044; x_wconf 83' lang='lat' dir='ltr'><strong>restra</strong></span> <span class='ocrx_word' id='word_1_86' title='bbox 979 1994 1009 2044; x_wconf 91' lang='lat' dir='ltr'><strong>et</strong></span> <span class='ocrx_word' id='word_1_87' title='bbox 1028 1989 1118 2045; x_wconf 89' lang='lat' dir='ltr'><strong>etiam</strong></span> <span class='ocrx_word' id='word_1_88' title='bbox 1135 1988 1167 2042; x_wconf 93' lang='lat' dir='ltr'><strong>in</strong></span> <span class='ocrx_word' id='word_1_89' title='bbox 1189 1988 1417 2059; x_wconf 82' lang='lat' dir='ltr'><strong>provincialibus</strong></span> 
     </span>
     <span class='ocr_line' id='line_1_12' title="bbox 362 2070 1541 2144; baseline -0.001 -17"><span class='ocrx_word' id='word_1_90' title='bbox 362 2072 383 2101; x_wconf 83' lang='lat'><strong>‘⁴</strong></span> <span class='ocrx_word' id='word_1_91' title='bbox 401 2070 530 2128; x_wconf 86' lang='lat' dir='ltr'><strong>ecclesiis</strong></span> <span class='ocrx_word' id='word_1_92' title='bbox 554 2088 691 2144; x_wconf 88' lang='lat' dir='ltr'><strong>personas</strong></span> <span class='ocrx_word' id='word_1_93' title='bbox 716 2071 857 2142; x_wconf 86' lang='lat' dir='ltr'><strong>quasdam</strong></span> <span class='ocrx_word' id='word_1_94' title='bbox 883 2071 981 2126; x_wconf 87' lang='lat' dir='ltr'><strong>minus</strong></span> <span class='ocrx_word' id='word_1_95' title='bbox 998 2088 1144 2142; x_wconf 83' lang='lat' dir='ltr'><strong>congruae</strong></span> <span class='ocrx_word' id='word_1_96' title='bbox 1169 2077 1253 2143; x_wconf 86' lang='lat' dir='ltr'><strong>pater</strong></span> <span class='ocrx_word' id='word_1_97' title='bbox 1269 2088 1353 2127; x_wconf 86' lang='lat' dir='ltr'><strong>meus</strong></span> <span class='ocrx_word' id='word_1_98' title='bbox 1371 2072 1415 2126; x_wconf 92' lang='lat' dir='ltr'><strong>in·</strong></span> <span class='ocrx_word' id='word_1_99' title='bbox 1427 2090 1541 2135; x_wconf 73' lang='lat' dir='ltr'><strong>rhaetea-</strong></span> 
     </span>
     <span class='ocr_line' id='line_1_13' title="bbox 362 2141 1563 2236; baseline -0.002 -26"><span class='ocrx_word' id='word_1_100' title='bbox 362 2155 382 2182; x_wconf 84' lang='lat'><strong>“</strong></span> <span class='ocrx_word' id='word_1_101' title='bbox 402 2155 523 2210; x_wconf 86' lang='lat' dir='ltr'><strong>stituere</strong></span> <span class='ocrx_word' id='word_1_102' title='bbox 549 2156 716 2226; x_wconf 72' lang='lat' dir='ltr'><strong>attemptet.</strong></span> <span class='ocrx_word' id='word_1_103' title='bbox 752 2153 791 2208; x_wconf 81' lang='lat' dir='ltr'><strong>Et</strong></span> <span class='ocrx_word' id='word_1_104' title='bbox 815 2153 1087 2225; x_wconf 82' lang='lat' dir='ltr'><strong>quoniam-absque</strong></span> <span class='ocrx_word' id='word_1_105' title='bbox 1114 2171 1234 2210; x_wconf 72' lang='lat' dir='ltr'><strong>amaneu</strong></span> <span class='ocrx_word' id='word_1_106' title='bbox 1258 2159 1359 2210; x_wconf 90' lang='lat' dir='ltr'><strong>nostro</strong></span> <span class='ocrx_word' id='word_1_107' title='bbox 1384 2141 1563 2236; x_wconf 52' lang='lat' dir='ltr'><strong>idffiffl</strong></span> 
     </span>
     <span class='ocr_line' id='line_1_14' title="bbox 362 2236 1573 2310; baseline -0.002 -17"><span class='ocrx_word' id='word_1_108' title='bbox 362 2238 382 2266; x_wconf 76' lang='lat'><strong>‘⁴</strong></span> <span class='ocrx_word' id='word_1_109' title='bbox 402 2254 582 2310; x_wconf 87' lang='lat' dir='ltr'><strong>nequaquam</strong></span> <span class='ocrx_word' id='word_1_110' title='bbox 600 2237 666 2292; x_wconf 89' lang='lat' dir='ltr'><strong>fieri</strong></span> <span class='ocrx_word' id='word_1_111' title='bbox 690 2236 787 2303; x_wconf 87' lang='lat' dir='ltr'><strong>debet,</strong></span> <span class='ocrx_word' id='word_1_112' title='bbox 805 2237 857 2308; x_wconf 87' lang='lat' dir='ltr'><strong>qui</strong></span> <span class='ocrx_word' id='word_1_113' title='bbox 881 2237 995 2293; x_wconf 90' lang='lat' dir='ltr'><strong>ratione</strong></span> <span class='ocrx_word' id='word_1_114' title='bbox 1017 2236 1108 2308; x_wconf 78' lang='lat' dir='ltr'><strong>regite</strong></span> <span class='ocrx_word' id='word_1_115' title='bbox 1126 2237 1272 2294; x_wconf 86' lang='lat' dir='ltr'><strong>unctionis</strong></span> <span class='ocrx_word' id='word_1_116' title='bbox 1290 2254 1415 2309; x_wconf 82' lang='lat' dir='ltr'><strong>regnum</strong></span> <span class='ocrx_word' id='word_1_117' title='bbox 1427 2241 1573 2287; x_wconf 73' lang='lat' dir='ltr'><strong>withouthla</strong></span> 
     </span>
     <span class='ocr_line' id='line_1_15' title="bbox 361 2291 1586 2395; baseline -0.002 -18"><span class='ocrx_word' id='word_1_118' title='bbox 361 2323 430 2377; x_wconf 85' lang='lat' dir='ltr'><strong>“et</strong></span> <span class='ocrx_word' id='word_1_119' title='bbox 462 2321 552 2377; x_wconf 88' lang='lat' dir='ltr'><strong>totius</strong></span> <span class='ocrx_word' id='word_1_120' title='bbox 586 2319 673 2391; x_wconf 82' lang='lat' dir='ltr'><strong>regni</strong></span> <span class='ocrx_word' id='word_1_121' title='bbox 702 2336 802 2374; x_wconf 89' lang='lat' dir='ltr'><strong>curam</strong></span> <span class='ocrx_word' id='word_1_122' title='bbox 833 2319 1022 2391; x_wconf 85' lang='lat' dir='ltr'><strong>suscepimus,</strong></span> <span class='ocrx_word' id='word_1_123' title='bbox 1054 2336 1142 2391; x_wconf 85' lang='lat' dir='ltr'><strong>super</strong></span> <span class='ocrx_word' id='word_1_124' title='bbox 1170 2320 1224 2375; x_wconf 92' lang='lat' dir='ltr'><strong>hoo</strong></span> <span class='ocrx_word' id='word_1_125' title='bbox 1254 2320 1416 2376; x_wconf 75' lang='lat' dir='ltr'><strong>Romanam</strong></span> <span class='ocrx_word' id='word_1_126' title='bbox 1427 2291 1586 2395; x_wconf 48' lang='lat' dir='ltr'><strong>{2¹¹}ssanOE</strong></span> 
     </span>
     <span class='ocr_line' id='line_1_16' title="bbox 360 2393 1543 2476; baseline -0.001 -15"><span class='ocrx_word' id='word_1_127' title='bbox 360 2407 379 2433; x_wconf 77' lang='lat'><strong>‘⁶</strong></span> <span class='ocrx_word' id='word_1_128' title='bbox 398 2405 496 2461; x_wconf 87' lang='lat' dir='ltr'><strong>sedern</strong></span> <span class='ocrx_word' id='word_1_129' title='bbox 513 2403 546 2458; x_wconf 89' lang='lat' dir='ltr'><strong>in</strong></span> <span class='ocrx_word' id='word_1_130' title='bbox 562 2404 723 2460; x_wconf 87' lang='lat' dir='ltr'><strong>multorum</strong></span> <span class='ocrx_word' id='word_1_131' title='bbox 741 2404 896 2475; x_wconf 77' lang='lat' dir='ltr'><strong>prasentia</strong></span> <span class='ocrx_word' id='word_1_132' title='bbox 910 2404 1132 2476; x_wconf 84' lang='lat' dir='ltr'><strong>appellavimus,</strong></span> <span class='ocrx_word' id='word_1_133' title='bbox 1144 2408 1176 2459; x_wconf 95' lang='lat' dir='ltr'><strong>et</strong></span> <span class='ocrx_word' id='word_1_134' title='bbox 1192 2403 1417 2476; x_wconf 68' lang='lat' dir='ltr'><strong>appellationem</strong></span> <span class='ocrx_word' id='word_1_135' title='bbox 1428 2396 1454 2438; x_wconf 60' lang='grc' dir='ltr'>ω</span> <span class='ocrx_word' id='word_1_136' title='bbox 1463 2393 1543 2438; x_wconf 59' lang='grc' dir='ltr'><strong>ΒΜ</strong></span> 
     </span>
     <span class='ocr_line' id='line_1_17' title="bbox 362 2485 1419 2558; baseline 0.001 -16"><span class='ocrx_word' id='word_1_137' title='bbox 362 2489 382 2515; x_wconf 87' lang='grc'><em>“</em></span> <span class='ocrx_word' id='word_1_138' title='bbox 400 2487 509 2543; x_wconf 81' lang='lat' dir='ltr'><strong>iactam</strong></span> <span class='ocrx_word' id='word_1_139' title='bbox 525 2485 738 2543; x_wconf 79' lang='lat' dir='ltr'><strong>venerabilibus</strong></span> <span class='ocrx_word' id='word_1_140' title='bbox 764 2486 897 2558; x_wconf 87' lang='lat' dir='ltr'><strong>patribus</strong></span> <span class='ocrx_word' id='word_1_141' title='bbox 922 2486 1030 2541; x_wconf 83' lang='lat' dir='ltr'><strong>nostris</strong></span> <span class='ocrx_word' id='word_1_142' title='bbox 1055 2491 1085 2540; x_wconf 87' lang='lat' dir='ltr'><strong>et</strong></span> <span class='ocrx_word' id='word_1_143' title='bbox 1111 2486 1214 2541; x_wconf 84' lang='lat' dir='ltr'><strong>amicis</strong></span> <span class='ocrx_word' id='word_1_144' title='bbox 1238 2487 1361 2542; x_wconf 83' lang='lat' dir='ltr'><strong>Alberto</strong></span> <span class='ocrx_word' id='word_1_145' title='bbox 1387 2492 1419 2543; x_wconf 91' lang='lat' dir='ltr'><strong>et</strong></span> 
     </span>
     <span class='ocr_line' id='line_1_18' title="bbox 362 2567 1475 2641; baseline 0 -16"><span class='ocrx_word' id='word_1_146' title='bbox 362 2570 381 2597; x_wconf 76' lang='lat'><strong>‘⁴</strong></span> <span class='ocrx_word' id='word_1_147' title='bbox 400 2569 549 2625; x_wconf 76' lang='lat' dir='ltr'><strong>Theodino</strong></span> <span class='ocrx_word' id='word_1_148' title='bbox 579 2568 785 2633; x_wconf 74' lang='lat' dir='ltr'><strong>cardinalibus,</strong></span> <span class='ocrx_word' id='word_1_149' title='bbox 810 2568 976 2641; x_wconf 70' lang='lat' dir='ltr'><strong>apostolica</strong></span> <span class='ocrx_word' id='word_1_150' title='bbox 1006 2567 1084 2623; x_wconf 88' lang='lat' dir='ltr'><strong>sedis</strong></span> <span class='ocrx_word' id='word_1_151' title='bbox 1107 2567 1224 2638; x_wconf 80' lang='lat' dir='ltr'><strong>legatia,</strong></span> <span class='ocrx_word' id='word_1_152' title='bbox 1249 2568 1357 2641; x_wconf 86' lang='lat' dir='ltr'><strong>scripto</strong></span> <span class='ocrx_word' id='word_1_153' title='bbox 1387 2574 1417 2625; x_wconf 92' lang='lat' dir='ltr'><strong>et</strong></span> <span class='ocrx_word' id='word_1_154' title='bbox 1472 2602 1475 2607; x_wconf 58' lang='lat'><em>&lt;</em></span> 
     </span>
     <span class='ocr_line' id='line_1_19' title="bbox 363 2650 1417 2724; baseline -0.001 -17"><span class='ocrx_word' id='word_1_155' title='bbox 363 2653 382 2680; x_wconf 86' lang='lat'><strong>“</strong></span> <span class='ocrx_word' id='word_1_156' title='bbox 400 2652 504 2709; x_wconf 89' lang='lat' dir='ltr'><strong>nuntio</strong></span> <span class='ocrx_word' id='word_1_157' title='bbox 517 2657 617 2708; x_wconf 88' lang='lat' dir='ltr'><strong>nostro</strong></span> <span class='ocrx_word' id='word_1_158' title='bbox 635 2650 889 2717; x_wconf 79' lang='lat' dir='ltr'><strong>denuntiavimus3</strong></span> <span class='ocrx_word' id='word_1_159' title='bbox 910 2650 961 2723; x_wconf 90' lang='lat' dir='ltr'><strong>qui</strong></span> <span class='ocrx_word' id='word_1_160' title='bbox 979 2650 1055 2706; x_wconf 87' lang='lat' dir='ltr'><strong>sicut</strong></span> <span class='ocrx_word' id='word_1_161' title='bbox 1071 2650 1128 2707; x_wconf 86' lang='lat' dir='ltr'><strong>viri</strong></span> <span class='ocrx_word' id='word_1_162' title='bbox 1145 2651 1303 2722; x_wconf 87' lang='lat' dir='ltr'><strong>prudentes</strong></span> <span class='ocrx_word' id='word_1_163' title='bbox 1320 2653 1417 2724; x_wconf 91' lang='lat' dir='ltr'><strong>appel-</strong></span> 
     </span>
     <span class='ocr_line' id='line_1_20' title="bbox 362 2732 1418 2805; baseline -0.002 -14"><span class='ocrx_word' id='word_1_164' title='bbox 362 2736 382 2762; x_wconf 88' lang='grc'><em>“</em></span> <span class='ocrx_word' id='word_1_165' title='bbox 399 2734 501 2791; x_wconf 86' lang='lat' dir='ltr'><strong>lationi</strong></span> <span class='ocrx_word' id='word_1_166' title='bbox 514 2734 691 2791; x_wconf 85' lang='lat' dir='ltr'><strong>detulerunt.</strong></span> <span class='ocrx_word' id='word_1_167' title='bbox 723 2735 809 2790; x_wconf 89' lang='lat' dir='ltr'><strong>Hanc</strong></span> <span class='ocrx_word' id='word_1_168' title='bbox 820 2733 909 2790; x_wconf 83' lang='lat' dir='ltr'><strong>etium</strong></span> <span class='ocrx_word' id='word_1_169' title='bbox 927 2733 1021 2805; x_wconf 90' lang='lat' dir='ltr'><strong>ipsam</strong></span> <span class='ocrx_word' id='word_1_170' title='bbox 1038 2732 1264 2804; x_wconf 83' lang='lat' dir='ltr'><strong>appellationem</strong></span> <span class='ocrx_word' id='word_1_171' title='bbox 1282 2733 1418 2790; x_wconf 88' lang='lat' dir='ltr'><strong>fidelibus</strong></span> 
     </span>
     <span class='ocr_line' id='line_1_21' title="bbox 363 2815 1418 2889; baseline 0.001 -17"><span class='ocrx_word' id='word_1_172' title='bbox 363 2819 382 2845; x_wconf 84' lang='lat'><strong>‘⁴</strong></span> <span class='ocrx_word' id='word_1_173' title='bbox 400 2818 508 2874; x_wconf 85' lang='lat' dir='ltr'><strong>nostris</strong></span> <span class='ocrx_word' id='word_1_174' title='bbox 537 2817 740 2884; x_wconf 77' lang='lat' dir='ltr'><strong>londoniensi,</strong></span> <span class='ocrx_word' id='word_1_175' title='bbox 772 2816 939 2883; x_wconf 69' lang='lat' dir='ltr'><strong>exoniensi,</strong></span> <span class='ocrx_word' id='word_1_176' title='bbox 976 2821 1006 2872; x_wconf 91' lang='lat' dir='ltr'><strong>et</strong></span> <span class='ocrx_word' id='word_1_177' title='bbox 1042 2815 1240 2886; x_wconf 77' lang='lat' dir='ltr'><strong>wigorniensi</strong></span> <span class='ocrx_word' id='word_1_178' title='bbox 1274 2817 1418 2889; x_wconf 86' lang='lat' dir='ltr'><strong>episcopis</strong></span> 
     </span>
     <span class='ocr_line' id='line_1_22' title="bbox 363 2897 1417 2973; baseline -0.002 -16"><span class='ocrx_word' id='word_1_179' title='bbox 363 2902 382 2928; x_wconf 89' lang='lat'>“</span> <span class='ocrx_word' id='word_1_180' title='bbox 401 2901 509 2973; x_wconf 85' lang='lat' dir='ltr'><strong>scripto</strong></span> <span class='ocrx_word' id='word_1_181' title='bbox 525 2905 625 2957; x_wconf 86' lang='lat' dir='ltr'><strong>nostro</strong></span> <span class='ocrx_word' id='word_1_182' title='bbox 642 2900 887 2957; x_wconf 83' lang='lat' dir='ltr'><strong>denuntiavimus.</strong></span> <span class='ocrx_word' id='word_1_183' title='bbox 924 2900 963 2955; x_wconf 78' lang='lat' dir='ltr'><strong>Et</strong></span> <span class='ocrx_word' id='word_1_184' title='bbox 988 2897 1234 2971; x_wconf 84' lang='lat' dir='ltr'><strong>quemadmodum</strong></span> <span class='ocrx_word' id='word_1_185' title='bbox 1259 2900 1417 2972; x_wconf 88' lang='lat' dir='ltr'><strong>appellavi·</strong></span> 
     </span>
     <span class='ocr_line' id='line_1_23' title="bbox 363 2981 1197 3054; baseline -0.001 -15"><span class='ocrx_word' id='word_1_186' title='bbox 363 2986 382 3014; x_wconf 88' lang='lat'><strong>“</strong></span> <span class='ocrx_word' id='word_1_187' title='bbox 400 3002 477 3049; x_wconf 87' lang='lat' dir='ltr'><strong>mua,</strong></span> <span class='ocrx_word' id='word_1_188' title='bbox 496 2984 601 3041; x_wconf 88' lang='lat' dir='ltr'><strong>iterato</strong></span> <span class='ocrx_word' id='word_1_189' title='bbox 618 2983 672 3040; x_wconf 87' lang='lat' dir='ltr'><strong>sub</strong></span> <span class='ocrx_word' id='word_1_190' title='bbox 689 2982 855 3039; x_wconf 87' lang='lat' dir='ltr'><strong>testimonio</strong></span> <span class='ocrx_word' id='word_1_191' title='bbox 872 2988 970 3039; x_wconf 81' lang='lat' dir='ltr'><strong>vestro</strong></span> <span class='ocrx_word' id='word_1_192' title='bbox 988 2981 1197 3054; x_wconf 80' lang='lat' dir='ltr'><strong>appellamus.”</strong></span> 
     </span>
    </p>
   </div>
   <div class='ocr_carea' id='block_1_8' title="bbox 360 3111 1581 4524">
    <p class='ocr_par' dir='ltr' id='par_1_8' title="bbox 361 3111 1577 3910">
     <span class='ocr_line' id='line_1_24' title="bbox 405 3111 1555 3226; baseline -0.003 -48"><span class='ocrx_word' id='word_1_193' title='bbox 405 3112 646 3178; x_wconf 87' lang='lat' dir='ltr'><strong>Dubitantibus</strong></span> <span class='ocrx_word' id='word_1_194' title='bbox 676 3111 780 3199; x_wconf 83' lang='lat' dir='ltr'><strong>igitur</strong></span> <span class='ocrx_word' id='word_1_195' title='bbox 811 3111 969 3199; x_wconf 86' lang='lat' dir='ltr'><strong>episcopis</strong></span> <span class='ocrx_word' id='word_1_196' title='bbox 1001 3116 1036 3177; x_wconf 90' lang='lat' dir='ltr'><strong>et</strong></span> <span class='ocrx_word' id='word_1_197' title='bbox 1069 3112 1313 3180; x_wconf 80' lang='lat' dir='ltr'><strong>conferentibus</strong></span> <span class='ocrx_word' id='word_1_198' title='bbox 1336 3112 1555 3226; x_wconf 58' lang='lat' dir='ltr'><strong>quidspffiron</strong></span> 
     </span>
     <span class='ocr_line' id='line_1_25' title="bbox 361 3181 1577 3300; baseline 0 -21"><span class='ocrx_word' id='word_1_199' title='bbox 361 3215 448 3281; x_wconf 85' lang='lat' dir='ltr'><strong>facto</strong></span> <span class='ocrx_word' id='word_1_200' title='bbox 475 3235 557 3300; x_wconf 84' lang='lat' dir='ltr'><strong>opus</strong></span> <span class='ocrx_word' id='word_1_201' title='bbox 592 3219 784 3292; x_wconf 72' lang='lat' dir='ltr'><strong>anacteum</strong></span> <span class='ocrx_word' id='word_1_202' title='bbox 818 3214 953 3299; x_wconf 88' lang='lat' dir='ltr'><strong>quidam</strong></span> <span class='ocrx_word' id='word_1_203' title='bbox 987 3214 1224 3282; x_wconf 78' lang='lat' dir='ltr'><strong>consecrationi</strong></span> <span class='ocrx_word' id='word_1_204' title='bbox 1253 3216 1416 3281; x_wconf 86' lang='lat' dir='ltr'><strong>consenti-</strong></span> <span class='ocrx_word' id='word_1_205' title='bbox 1429 3181 1577 3293; x_wconf 64' lang='lat' dir='ltr'><strong>ltstiiu</strong></span> 
     </span>
     <span class='ocr_line' id='line_1_26' title="bbox 361 3283 1569 3405; baseline -0.001 -26"><span class='ocrx_word' id='word_1_206' title='bbox 361 3322 445 3394; x_wconf 87' lang='lat' dir='ltr'><strong>rent,</strong></span> <span class='ocrx_word' id='word_1_207' title='bbox 480 3316 615 3402; x_wconf 89' lang='lat' dir='ltr'><strong>quidam</strong></span> <span class='ocrx_word' id='word_1_208' title='bbox 651 3315 867 3401; x_wconf 85' lang='lat' dir='ltr'><strong>appellationi</strong></span> <span class='ocrx_word' id='word_1_209' title='bbox 905 3314 1079 3394; x_wconf 88' lang='lat' dir='ltr'><strong>deferrent,</strong></span> <span class='ocrx_word' id='word_1_210' title='bbox 1110 3316 1246 3381; x_wconf 85' lang='lat' dir='ltr'><strong>tandem</strong></span> <span class='ocrx_word' id='word_1_211' title='bbox 1282 3283 1569 3405; x_wconf 52' lang='lat' dir='ltr'><strong>menulthsslid</strong></span> 
     </span>
     <span class='ocr_line' id='line_1_27' title="bbox 362 3415 1417 3504; baseline 0 -21"><span class='ocrx_word' id='word_1_212' title='bbox 362 3418 510 3483; x_wconf 90' lang='lat' dir='ltr'><strong>omnium</strong></span> <span class='ocrx_word' id='word_1_213' title='bbox 533 3418 734 3482; x_wconf 83' lang='lat' dir='ltr'><strong>consecratio</strong></span> <span class='ocrx_word' id='word_1_214' title='bbox 763 3415 822 3481; x_wconf 87' lang='lat' dir='ltr'><strong>illu</strong></span> <span class='ocrx_word' id='word_1_215' title='bbox 847 3415 953 3482; x_wconf 89' lang='lat' dir='ltr'><strong>dilata</strong></span> <span class='ocrx_word' id='word_1_216' title='bbox 975 3421 1034 3481; x_wconf 83' lang='lat' dir='ltr'><strong>est</strong></span> <span class='ocrx_word' id='word_1_217' title='bbox 1080 3418 1176 3482; x_wconf 85' lang='lat' dir='ltr'><strong>Misit</strong></span> <span class='ocrx_word' id='word_1_218' title='bbox 1204 3417 1308 3504; x_wconf 86' lang='lat' dir='ltr'><strong>igitur</strong></span> <span class='ocrx_word' id='word_1_219' title='bbox 1331 3417 1417 3483; x_wconf 80' lang='lat' dir='ltr'><strong>Oun-</strong></span> 
     </span>
     <span class='ocr_line' id='line_1_28' title="bbox 361 3518 1417 3605; baseline 0 -21"><span class='ocrx_word' id='word_1_220' title='bbox 361 3518 539 3585; x_wconf 87' lang='lat' dir='ltr'><strong>tuariensis</strong></span> <span class='ocrx_word' id='word_1_221' title='bbox 570 3519 693 3585; x_wconf 85' lang='lat' dir='ltr'><strong>electus</strong></span> <span class='ocrx_word' id='word_1_222' title='bbox 722 3519 857 3584; x_wconf 86' lang='lat' dir='ltr'><strong>nuntios</strong></span> <span class='ocrx_word' id='word_1_223' title='bbox 879 3523 922 3583; x_wconf 78' lang='lat' dir='ltr'><strong>&#39;et</strong></span> <span class='ocrx_word' id='word_1_224' title='bbox 952 3518 1081 3584; x_wconf 84' lang='lat' dir='ltr'><strong>litteras</strong></span> <span class='ocrx_word' id='word_1_225' title='bbox 1111 3525 1180 3583; x_wconf 91' lang='lat' dir='ltr'><strong>tam</strong></span> <span class='ocrx_word' id='word_1_226' title='bbox 1212 3540 1288 3585; x_wconf 82' lang='lat' dir='ltr'><strong>suaa</strong></span> <span class='ocrx_word' id='word_1_227' title='bbox 1318 3540 1417 3605; x_wconf 89' lang='lat' dir='ltr'><strong>quam</strong></span> 
     </span>
     <span class='ocr_line' id='line_1_29' title="bbox 362 3620 1418 3709; baseline -0.002 -22"><span class='ocrx_word' id='word_1_228' title='bbox 362 3622 510 3687; x_wconf 90' lang='lat' dir='ltr'><strong>omnium</strong></span> <span class='ocrx_word' id='word_1_229' title='bbox 540 3622 767 3709; x_wconf 87' lang='lat' dir='ltr'><strong>episcoporum</strong></span> <span class='ocrx_word' id='word_1_230' title='bbox 797 3626 832 3687; x_wconf 90' lang='lat' dir='ltr'><strong>et</strong></span> <span class='ocrx_word' id='word_1_231' title='bbox 861 3620 1039 3686; x_wconf 89' lang='lat' dir='ltr'><strong>electorum</strong></span> <span class='ocrx_word' id='word_1_232' title='bbox 1061 3620 1194 3708; x_wconf 82' lang='lat' dir='ltr'><strong>Angliae</strong></span> <span class='ocrx_word' id='word_1_233' title='bbox 1215 3625 1251 3685; x_wconf 91' lang='lat' dir='ltr'><strong>et</strong></span> <span class='ocrx_word' id='word_1_234' title='bbox 1276 3642 1418 3687; x_wconf 87' lang='lat' dir='ltr'><strong>conven-</strong></span> 
     </span>
     <span class='ocr_line' id='line_1_30' title="bbox 361 3720 1418 3808; baseline 0.001 -22"><span class='ocrx_word' id='word_1_235' title='bbox 361 3727 416 3787; x_wconf 88' lang='lat' dir='ltr'><strong>tus</strong></span> <span class='ocrx_word' id='word_1_236' title='bbox 439 3722 582 3789; x_wconf 75' lang='lat' dir='ltr'><strong>ecclesiae</strong></span> <span class='ocrx_word' id='word_1_237' title='bbox 606 3720 731 3788; x_wconf 80' lang='lat' dir='ltr'><strong>Christi</strong></span> <span class='ocrx_word' id='word_1_238' title='bbox 758 3722 805 3801; x_wconf 81' lang='lat' dir='ltr'><strong>ad</strong></span> <span class='ocrx_word' id='word_1_239' title='bbox 834 3721 1004 3788; x_wconf 90' lang='lat' dir='ltr'><strong>dominum</strong></span> <span class='ocrx_word' id='word_1_240' title='bbox 1026 3742 1156 3808; x_wconf 86' lang='lat' dir='ltr'><strong>papam,</strong></span> <span class='ocrx_word' id='word_1_241' title='bbox 1179 3727 1215 3786; x_wconf 90' lang='lat' dir='ltr'><strong>et</strong></span> <span class='ocrx_word' id='word_1_242' title='bbox 1243 3722 1313 3808; x_wconf 92' lang='lat' dir='ltr'><strong>ipse</strong></span> <span class='ocrx_word' id='word_1_243' title='bbox 1342 3727 1418 3808; x_wconf 90' lang='lat' dir='ltr'><strong>post</strong></span> 
     </span>
     <span class='ocr_line' id='line_1_31' title="bbox 361 3823 1199 3910; baseline 0 -23"><span class='ocrx_word' id='word_1_244' title='bbox 361 3823 527 3890; x_wconf 87' lang='lat' dir='ltr'><strong>modicum</strong></span> <span class='ocrx_word' id='word_1_245' title='bbox 549 3824 586 3887; x_wconf 93' lang='lat' dir='ltr'><strong>in</strong></span> <span class='ocrx_word' id='word_1_246' title='bbox 607 3823 743 3910; x_wconf 89' lang='lat' dir='ltr'><strong>propria</strong></span> <span class='ocrx_word' id='word_1_247' title='bbox 763 3844 903 3910; x_wconf 85' lang='lat' dir='ltr'><strong>persona</strong></span> <span class='ocrx_word' id='word_1_248' title='bbox 924 3823 1118 3888; x_wconf 87' lang='lat' dir='ltr'><strong>subsecutus</strong></span> <span class='ocrx_word' id='word_1_249' title='bbox 1141 3829 1199 3889; x_wconf 89' lang='lat' dir='ltr'><strong>est.</strong></span> 
     </span>
    </p>

    <p class='ocr_par' dir='ltr' id='par_1_9' title="bbox 360 3922 1581 4524">
     <span class='ocr_line' id='line_1_32' title="bbox 406 3922 1581 4011; baseline -0.006 -22"><span class='ocrx_word' id='word_1_250' title='bbox 406 3924 497 3989; x_wconf 90' lang='lat' dir='ltr'><strong>Dum</strong></span> <span class='ocrx_word' id='word_1_251' title='bbox 520 3923 592 3990; x_wconf 88' lang='lat' dir='ltr'><strong>haec</strong></span> <span class='ocrx_word' id='word_1_252' title='bbox 613 3925 727 4010; x_wconf 82' lang='lat' dir='ltr'><strong>itaque</strong></span> <span class='ocrx_word' id='word_1_253' title='bbox 749 3925 786 3990; x_wconf 90' lang='lat' dir='ltr'><strong>in</strong></span> <span class='ocrx_word' id='word_1_254' title='bbox 809 3923 1084 3991; x_wconf 83' lang='lat' dir='ltr'><strong>Oantuaricnsem·</strong></span> <span class='ocrx_word' id='word_1_255' title='bbox 1105 3922 1246 3990; x_wconf 91' lang='lat' dir='ltr'><strong>electum</strong></span> <span class='ocrx_word' id='word_1_256' title='bbox 1276 3923 1581 4011; x_wconf 58' lang='lat' dir='ltr'><strong>perfido-ouantia</strong></span> 
     </span>
     <span class='ocr_line' id='line_1_33' title="bbox 361 3988 1571 4116; baseline -0.002 -22"><span class='ocrx_word' id='word_1_257' title='bbox 361 4051 436 4094; x_wconf 88' lang='lat' dir='ltr'><strong>rum</strong></span> <span class='ocrx_word' id='word_1_258' title='bbox 459 4028 704 4095; x_wconf 85' lang='lat' dir='ltr'><strong>machinaretur</strong></span> <span class='ocrx_word' id='word_1_259' title='bbox 725 4029 863 4107; x_wconf 84' lang='lat' dir='ltr'><strong>invidia,</strong></span> <span class='ocrx_word' id='word_1_260' title='bbox 883 4050 993 4116; x_wconf 88' lang='lat' dir='ltr'><strong>regem</strong></span> <span class='ocrx_word' id='word_1_261' title='bbox 1016 4029 1117 4094; x_wconf 86' lang='lat' dir='ltr'><strong>etiam</strong></span> <span class='ocrx_word' id='word_1_262' title='bbox 1139 4028 1271 4115; x_wconf 74' lang='lat' dir='ltr'><strong>Angliae</strong></span> <span class='ocrx_word' id='word_1_263' title='bbox 1293 4028 1416 4094; x_wconf 87' lang='lat' dir='ltr'><strong>Henri-</strong></span> <span class='ocrx_word' id='word_1_264' title='bbox 1428 3988 1571 4092; x_wconf 49' lang='lat' dir='ltr'><strong>meiius</strong></span> 
     </span>
     <span class='ocr_line' id='line_1_34' title="bbox 362 4129 1416 4218; baseline -0.002 -21"><span class='ocrx_word' id='word_1_265' title='bbox 362 4152 437 4197; x_wconf 88' lang='lat' dir='ltr'><strong>cum</strong></span> <span class='ocrx_word' id='word_1_266' title='bbox 453 4130 599 4218; x_wconf 82' lang='lat' dir='ltr'><strong>maligna</strong></span> <span class='ocrx_word' id='word_1_267' title='bbox 620 4131 821 4218; x_wconf 88' lang='lat' dir='ltr'><strong>conspiratio</strong></span> <span class='ocrx_word' id='word_1_268' title='bbox 842 4152 910 4196; x_wconf 91' lang='lat' dir='ltr'><strong>non</strong></span> <span class='ocrx_word' id='word_1_269' title='bbox 932 4129 1069 4216; x_wconf 90' lang='lat' dir='ltr'><strong>reliquit</strong></span> <span class='ocrx_word' id='word_1_270' title='bbox 1090 4130 1278 4196; x_wconf 89' lang='lat' dir='ltr'><strong>immunem.</strong></span> <span class='ocrx_word' id='word_1_271' title='bbox 1327 4130 1416 4195; x_wconf 91' lang='lat' dir='ltr'><strong>Nam</strong></span> 
     </span>
     <span class='ocr_line' id='line_1_35' title="bbox 361 4231 1416 4319; baseline -0.003 -20"><span class='ocrx_word' id='word_1_272' title='bbox 361 4233 524 4319; x_wconf 83' lang='lat' dir='ltr'><strong>conjurati</strong></span> <span class='ocrx_word' id='word_1_273' title='bbox 553 4232 604 4297; x_wconf 92' lang='lat' dir='ltr'><strong>illi</strong></span> <span class='ocrx_word' id='word_1_274' title='bbox 630 4233 728 4299; x_wconf 89' lang='lat' dir='ltr'><strong>cum¹</strong></span> <span class='ocrx_word' id='word_1_275' title='bbox 759 4232 894 4298; x_wconf 88' lang='lat' dir='ltr'><strong>milibus</strong></span> <span class='ocrx_word' id='word_1_276' title='bbox 924 4233 992 4298; x_wconf 86' lang='lat' dir='ltr'><strong>suis</strong></span> <span class='ocrx_word' id='word_1_277' title='bbox 1022 4231 1234 4298; x_wconf 85' lang='lat' dir='ltr'><strong>intraverunt</strong></span> <span class='ocrx_word' id='word_1_278' title='bbox 1262 4232 1299 4297; x_wconf 91' lang='lat' dir='ltr'><strong>in</strong></span> <span class='ocrx_word' id='word_1_279' title='bbox 1330 4232 1416 4297; x_wconf 89' lang='lat' dir='ltr'><strong>Nor-</strong></span> 
     </span>
     <span class='ocr_line' id='line_1_36' title="bbox 361 4334 1417 4421; baseline 0 -22"><span class='ocrx_word' id='word_1_280' title='bbox 361 4334 539 4412; x_wconf 89' lang='lat' dir='ltr'><strong>manniam,</strong></span> <span class='ocrx_word' id='word_1_281' title='bbox 554 4339 725 4400; x_wconf 78' lang='lat' dir='ltr'><strong>vastantes</strong></span> <span class='ocrx_word' id='word_1_282' title='bbox 748 4339 782 4399; x_wconf 85' lang='lat' dir='ltr'><strong>et</strong></span> <span class='ocrx_word' id='word_1_283' title='bbox 804 4334 1000 4421; x_wconf 82' lang='lat' dir='ltr'><strong>praedantea,</strong></span> <span class='ocrx_word' id='word_1_284' title='bbox 1016 4338 1051 4400; x_wconf 94' lang='lat' dir='ltr'><strong>et</strong></span> <span class='ocrx_word' id='word_1_285' title='bbox 1073 4334 1184 4400; x_wconf 87' lang='lat' dir='ltr'><strong>omnia</strong></span> <span class='ocrx_word' id='word_1_286' title='bbox 1206 4334 1417 4420; x_wconf 84' lang='lat' dir='ltr'><strong>pessumdare</strong></span> 
     </span>
     <span class='ocr_line' id='line_1_37' title="bbox 360 4435 1415 4524; baseline -0.001 -22"><span class='ocrx_word' id='word_1_287' title='bbox 360 4435 563 4524; x_wconf 70' lang='lat' dir='ltr'><strong>gestientes.²</strong></span> <span class='ocrx_word' id='word_1_288' title='bbox 616 4436 683 4503; x_wconf 83' lang='lat' dir='ltr'><strong>Sed</strong></span> <span class='ocrx_word' id='word_1_289' title='bbox 713 4457 787 4502; x_wconf 90' lang='lat' dir='ltr'><strong>oum</strong></span> <span class='ocrx_word' id='word_1_290' title='bbox 818 4436 955 4523; x_wconf 90' lang='lat' dir='ltr'><strong>quidam</strong></span> <span class='ocrx_word' id='word_1_291' title='bbox 984 4440 1123 4501; x_wconf 87' lang='lat' dir='ltr'><strong>eventus</strong></span> <span class='ocrx_word' id='word_1_292' title='bbox 1153 4435 1301 4523; x_wconf 86' lang='lat' dir='ltr'><strong>prosperi</strong></span> <span class='ocrx_word' id='word_1_293' title='bbox 1323 4457 1415 4501; x_wconf 75' lang='lat' dir='ltr'><strong>veae</strong></span> 
     </span>
    </p>
   </div>
   <div class='ocr_carea' id='block_1_9' title="bbox 361 4536 1416 4625">
    <p class='ocr_par' dir='ltr' id='par_1_10' title="bbox 361 4536 1416 4625">
     <span class='ocr_line' id='line_1_38' title="bbox 361 4536 1416 4625; baseline 0.001 -23"><span class='ocrx_word' id='word_1_294' title='bbox 361 4536 452 4603; x_wconf 89' lang='lat' dir='ltr'><strong>niam</strong></span> <span class='ocrx_word' id='word_1_295' title='bbox 486 4537 618 4603; x_wconf 87' lang='lat' dir='ltr'><strong>illorum</strong></span> <span class='ocrx_word' id='word_1_296' title='bbox 649 4538 692 4604; x_wconf 89' lang='lat' dir='ltr'><strong>ad</strong></span> <span class='ocrx_word' id='word_1_297' title='bbox 722 4538 848 4624; x_wconf 82' lang='lat' dir='ltr'><strong>majora</strong></span> <span class='ocrx_word' id='word_1_298' title='bbox 881 4537 1028 4604; x_wconf 89' lang='lat' dir='ltr'><strong>facinora</strong></span> <span class='ocrx_word' id='word_1_299' title='bbox 1057 4539 1278 4625; x_wconf 82' lang='lat' dir='ltr'><strong>perpetranda</strong></span> <span class='ocrx_word' id='word_1_300' title='bbox 1299 4538 1416 4604; x_wconf 87' lang='lat' dir='ltr'><strong>stimu-</strong></span> 
     </span>
    </p>
   </div>
   <div class='ocr_carea' id='block_1_10' title="bbox 395 4820 1338 4890">
    <p class='ocr_par' dir='ltr' id='par_1_11' title="bbox 395 4820 1338 4890">
     <span class='ocr_line' id='line_1_39' title="bbox 395 4820 1338 4890; baseline 0 -18"><span class='ocrx_word' id='word_1_301' title='bbox 395 4820 483 4889; x_wconf 72' lang='grc' dir='ltr'><strong>ιοιιιι]</strong></span> <span class='ocrx_word' id='word_1_302' title='bbox 498 4821 549 4887; x_wconf 85' lang='lat' dir='ltr'><strong>qui,</strong></span> <span class='ocrx_word' id='word_1_303' title='bbox 559 4822 590 4874; x_wconf 89' lang='lat' dir='ltr'><strong>B.</strong></span> <span class='ocrx_word' id='word_1_304' title='bbox 890 4820 897 4890; x_wconf 86' lang='grc' dir='ltr'>Ι</span> <span class='ocrx_word' id='word_1_305' title='bbox 954 4820 1118 4887; x_wconf 50' lang='lat' dir='ltr'><strong>&#39;panacen</strong></span> <span class='ocrx_word' id='word_1_306' title='bbox 1131 4821 1248 4883; x_wconf 60' lang='lat' dir='ltr'><strong>metiens.</strong></span> <span class='ocrx_word' id='word_1_307' title='bbox 1259 4823 1295 4874; x_wconf 82' lang='grc' dir='ltr'><strong>Δ.</strong></span> <span class='ocrx_word' id='word_1_308' title='bbox 1306 4822 1338 4873; x_wconf 88' lang='grc' dir='ltr'><strong>Β.</strong></span> 
     </span>
    </p>
   </div>
   <div class='ocr_carea' id='block_1_11' title="bbox 0 0 1833 5716">
    <p class='ocr_par' dir='ltr' id='par_1_12' title="bbox 0 0 1833 5716">
     <span class='ocr_line' id='line_1_40' title="bbox 0 0 1833 5716; baseline 0 0"><span class='ocrx_word' id='word_1_309' title='bbox 0 0 1833 5716; x_wconf 95' lang='lat' dir='ltr'><strong> </strong></span> 
     </span>
    </p>
   </div>
  </div>
 </body>
</html>
