3646 5720
739 865 850 915 ornus
873 866 1063 917 msrcmcn.
1354 851 1420 922 273

194 1056 292 1106 Bened.
369 1046 389 1073 “
407 1046 505 1103 minus
523 1047 666 1104 stabimus
683 1024 761 1104 dicto
778 1049 895 1104 illorum
914 1049 1038 1105 duorum
1057 1050 1108 1121 qui
1126 1048 1298 1105 intererunt.
1333 1049 1419 1105 Etsi
1447 1044 1503 1089 el).
1513 1047 1571 1094 ¹1⁷7·

194 1123 212 1171 i.
228 1126 284 1171 1⁹2.
370 1129 388 1156 ‘⁸
407 1145 506 1185 omncs
531 1129 654 1187 barenes
670 1150 706 1188 ex
726 1138 809 1204 parte
826 1149 894 1188 mea
915 1134 1056 1189 nominati
1072 1150 1131 1189 ncn
1148 1132 1344 1197 interfuerint,
1364 1149 1418 1204 prc
1430 1107 1548 1211 {22²⁸OE

367 1214 387 1240 “
404 1230 439 1268 ec
461 1231 522 1269 ncn
547 1214 711 1271 remanebit
735 1215 807 1287 quin
832 1219 942 1271 stemus
968 1215 1046 1273 dicto
1071 1215 1190 1272 illorum
1217 1215 1342 1271 duorum
1367 1216 1418 1286 qui

367 1295 387 1321 “
404 1295 601 1352 interfuerint.
637 1296 677 1352 Et
694 1297 833 1353 similiter
854 1297 911 1352 erit
930 1296 966 1352 de
993 1298 1053 1354 illie
1078 1314 1151 1369 quos
1177 1314 1233 1370 ego
1261 1315 1313 1353 rex
1337 1298 1417 1353 Hen·

366 1380 385 1405 ⁴‘
404 1379 483 1435 ricus
500 1379 578 1450 elegi
605 1387 665 1436 tam
691 1380 728 1436 de
754 1381 896 1453 episcopis
923 1398 1011 1452 quam
1037 1380 1074 1436 de
1098 1380 1263 1438 baronibus.
1301 1380 1418 1437 duravi-

366 1463 386 1489 “
405 1478 472 1518 mus
489 1463 577 1519 ctiam
599 1463 676 1535 quod
702 1464 817 1519 nullum
841 1465 953 1520 malum
979 1464 1121 1521 faciemus
1148 1464 1192 1520 eis
1217 1469 1336 1536 propter
1363 1465 1419 1520 hcc

365 1546 386 1572 ⁸‘
407 1544 486 1616 quod
501 1547 658 1603 veritatem
675 1546 744 1604 inde
762 1547 898 1602 dixerint.
935 1547 973 1602 Et
996 1547 1125 1613 eifortc,
1146 1545 1224 1619 quod
1242 1548 1319 1602 Deus
1337 1564 1419 1602 arer-

365 1629 385 1656 “
405 1633 459 1695 tat,
472 1629 550 1686 inter
566 1648 619 1686 noa
638 1630 674 1686 de
693 1630 780 1687 terris
797 1630 906 1686 nostris
923 1630 1022 1703 aliqua
1039 1631 1158 1701 querela
1174 1629 1278 1690 amodo
1295 1629 1416 1695 orietur,

365 1712 386 1737 “
405 1729 458 1782 per
474 1711 590 1768 eosdem
614 1713 767 1770 bonafide
793 1720 825 1770 et
850 1714 912 1769 sine
939 1713 1017 1768 malo
1043 1713 1163 1786 ingenio
1187 1713 1252 1769 sinc
1277 1712 1418 1769 dilatione

366 1794 385 1821 ‘⁴
405 1795 586 1852 terminetur.
624 1796 657 1853 si
683 1802 781 1853 autem
806 1796 905 1867 aliqua
928 1794 1133 1867 praedictarum
1157 1813 1348 1867 personarum
1373 1796 1417 1850 in-

365 1877 386 1902 “
404 1878 492 1933 terim
509 1885 625 1935 mortua
639 1880 737 1944 fuerit,
751 1880 847 1935 alteru
863 1879 926 1934 lcco
944 1879 1037 1950 ipsius
1055 1878 1259 1935 substituatur.
1297 1877 1330 1933 si
1348 1895 1418 1933 vero

365 1960 545 2016 “alteruter
564 1967 698 2017 nostrum
715 1967 783 2018 ante
808 1961 1021 2033 susceptionem
1047 1961 1142 2018 crucis
1166 1962 1225 2017 iter
1249 1961 1417 2033 peregrinu-

365 2043 384 2068 “
403 2042 494 2099 tionis
511 2043 640 2116 arripere
651 2045 790 2110 voluerit,
802 2045 879 2101 alter
897 2043 948 2115 qni
964 2043 1129 2099 remanebit
1145 2048 1255 2099 terram
1272 2043 1355 2098 illins
1367 2044 1418 2115 qni

365 2126 384 2151 ‘⁸
403 2125 435 2181 in
452 2127 688 2198 peregrinatione
701 2128 759 2183 erit
776 2131 808 2183 et
824 2127 958 2183 hominea
977 2131 1010 2182 ut
1027 2143 1081 2182 sua
1097 2126 1215 2197 propria
1229 2132 1259 2182 et
1270 2125 1418 2181 dominice

365 2209 384 2236 ‘⁸
402 2208 531 2265 fideliter
548 2210 693 2267 custodiet
717 2217 749 2267 et
773 2209 983 2267 manutenebit.
1019 2209 1177 2282 Postquam
1194 2226 1264 2265 vero
1288 2208 1351 2265 Dec
1368 2226 1418 2265 vc·

364 2292 384 2318 “
403 2290 483 2348 lente
507 2309 622 2349 crucem
650 2294 871 2365 susceperimus,
891 2292 1023 2348 homines
1047 2298 1162 2348 ncstrcs
1188 2292 1240 2364 qui
1266 2292 1417 2348 nobiscnm

364 2374 383 2400 “
401 2372 488 2428 ibunt
501 2373 602 2446 jurare
621 2375 771 2442 iaciemus,
792 2375 869 2448 quod
887 2375 913 2430 si
931 2375 1071 2430 alteruter
1089 2380 1225 2430 nostrum
1252 2375 1284 2430 in
1301 2375 1351 2431 via
1367 2376 1417 2431 de-

365 2457 384 2481 “
402 2457 534 2523 cesserit,
553 2456 631 2528 qncd
649 2458 728 2513 Deus
753 2463 874 2523 avertat,
893 2458 937 2513 ite
964 2456 1009 2512 illi
1027 2458 1079 2528 qni
1103 2464 1251 2529 superstes
1275 2458 1331 2512 erit
1348 2457 1418 2513 fide·

364 2540 384 2565 “
402 2538 473 2594 liter
498 2539 640 2605 servient,
666 2540 743 2596 sicut
769 2540 913 2596 servirent
940 2540 1058 2596 dominc
1084 2557 1136 2595 suc
1161 2540 1188 2595 si
1214 2540 1298 2596 vivus
1329 2547 1417 2607 essct,

365 2621 383 2647 “
402 2620 544 2693 quamdin
561 2622 594 2677 in
610 2627 691 2678 terra
707 2623 945 2680 ierosolimitana
962 2623 1071 2678 morari
1088 2622 1234 2688 volnerit3
1260 2623 1416 2694 pecuniam

364 2705 383 2732 ‘⁴
401 2720 472 2759 vero
489 2702 620 2762 defuncti
646 2704 766 2765 habebit
783 2705 869 2761 vivus
895 2706 932 2761 ad
950 2704 1117 2761 faciendum
1144 2704 1297 2760 servitium
1316 2704 1417 2762 Chris·

363 2788 383 2816 “
401 2786 555 2855 tianitatis,
574 2792 682 2859 practer
699 2788 782 2843 illam
800 2802 915 2860 partem
941 2805 1029 2861 quam
1047 2791 1115 2844 ante
1133 2787 1191 2844 iter
1217 2806 1303 2844 suum
1328 2789 1416 2845 certis

364 2870 383 2896 ‘⁸
402 2869 475 2926 locis
492 2873 523 2925 et
539 2870 629 2926 certis
645 2870 775 2942 persenis
802 2869 929 2926 dandam
957 2870 1138 2927 decreverit.¹
1175 2870 1214 2925 Et
1240 2871 1267 2926 si
1292 2875 1415 2944 uterque

362 2952 381 2980 “
399 2957 532 3008 nostrum
549 2951 718 3016 decesserit,
737 2952 890 3024 eligemus,
910 2953 935 3009 si
952 2953 1038 3009 nobis
1056 2952 1137 3009 Deus
1163 2953 1291 3026 apetium
1316 2952 1413 3008 indul-

362 3034 382 3089 ‘f
401 3034 539 3101 scritde
555 3034 656 3108 probis
673 3038 704 3090 et
728 3033 863 3091 fidelibus
888 3035 1056 3090 bominibus
1081 3034 1187 3107 quibus
1213 3034 1416 3092 committetur

363 3118 381 3144 ‘⁴
401 3117 524 3188 pecnnia
551 3117 703 3188 utriusque
729 3120 862 3173 nostrum
887 3117 926 3172 ad
952 3117 1105 3173 servitium
1131 3115 1298 3173 faciendum
1317 3116 1416 3173 Chris·

362 3201 382 3226 ‘¹
400 3199 554 3265 tianitetis,
574 3202 605 3254 et
623 3198 675 3271 qui
693 3197 800 3254 ducent
826 3204 857 3254 et
873 3203 978 3271 regent
1002 3199 1136 3255 homines
1162 3206 1287 3255 nostros.
1324 3199 1414 3255 Ante·

362 3283 382 3309 ⁴‘
401 3298 489 3353 quam
514 3281 604 3338 etiam
629 3283 688 3336 iter
711 3281 885 3353 arripiamus
907 3285 975 3353 post
1001 3286 1165 3352 susceptum
1193 3299 1308 3338 crucem
1327 3282 1414 3337 iacie-

362 3365 381 3389 ‘¹
400 3381 466 3420 mna
483 3364 551 3420 illos
565 3363 677 3435 jurare,
691 3379 765 3435 quos
782 3362 915 3418 custodes
933 3369 964 3419 et
975 3363 1187 3434 gubernatores
1204 3365 1415 3420 constituemus

363 3447 381 3472 “
399 3451 544 3503 terrarum
571 3451 748 3512 nostrarum,
768 3445 846 3517 qnod
870 3445 928 3518 ipsi
952 3446 1107 3502 bonafide
1133 3464 1201 3503 cum
1225 3447 1306 3503 omni
1332 3465 1416 3520 posse

362 3530 381 3556 “
401 3546 463 3597 suc,
483 3530 508 3586 si
525 3546 643 3587 necesse
661 3529 761 3593 fuerit,
780 3529 955 3585 seinvicem
969 3528 1116 3600 juvabunt
1143 3529 1181 3585 ad
1199 3529 1414 3587 defendendum

362 3612 381 3638 “
399 3617 494 3668 terras
510 3630 577 3668 snas
595 3630 662 3668 cnm
689 3611 854 3667 abinvicem
880 3611 1015 3682 requisiti
1032 3610 1153 3666 fuerint.
1191 3610 1240 3668 Ita
1265 3612 1343 3684 qucd
1369 3614 1415 3668 illi

361 3696 382 3723 “
402 3713 475 3766 quos
492 3712 548 3766 ego
565 3695 713 3750 Henricns
739 3711 791 3749 rex
808 3693 928 3766 Anglioe
950 3693 1109 3766 proeiecerc
1127 3693 1164 3749 ad
1189 3694 1413 3764 gubernandum

362 3780 381 3807 ‘⁸
400 3786 494 3834 terras
511 3795 601 3843 meas,
620 3794 689 3833 cum
706 3777 789 3832 omni
805 3795 890 3849 posse
908 3793 960 3832 auc
980 3776 1126 3848 juvabunt
1144 3776 1182 3831 ad
1198 3775 1415 3833 defendendum

361 3862 380 3886 “
399 3866 495 3918 terras
518 3860 657 3916 Lcdcvici
681 3861 762 3930 regis
787 3859 919 3915 Francia
944 3859 1057 3915 demini
1082 3859 1150 3925 mei,
1169 3859 1412 3931 quemadmodum

362 3945 381 3970 ‘¹
399 3949 494 4000 terras
520 3960 600 4000 meas
627 3934 828 4008 defenderent,
848 3944 874 3999 si
891 3943 996 3999 civitas
1012 3959 1080 3998 mea
1098 3942 1274 4012 Rothcmagi
1298 3941 1414 3997 obsessa

363 4027 382 4053 ‘⁶
401 4032 485 4083 essct.
522 4027 561 4082 Et
579 4025 681 4081 eodem
699 4023 786 4080 modo
805 4025 851 4080 illi
868 4042 941 4097 qnos
957 4041 1013 4095 ego
1032 4023 1194 4079 Lcdcvicus
1212 4041 1264 4078 rex
1281 4022 1412 4078 Francia

361 4111 380 4135 “
398 4110 556 4182 praeiecero
586 4108 624 4164 ad
649 4107 873 4179 gubernandum
899 4113 993 4162 terras
1017 4124 1106 4172 meus,
1132 4124 1199 4161 cnm
1224 4107 1305 4161 omni
1330 4122 1413 4177 pesse

360 4194 378 4220 ‘⁴
397 4208 450 4249 suc
463 4191 609 4265 juvabunt
625 4189 663 4245 cd
686 4188 900 4245 defendendum
917 4194 1012 4244 terras
1036 4187 1159 4244 Henrici
1186 4187 1266 4258 regis
1281 4186 1410 4256 Angliae‚

358 4276 380 4304 “
399 4272 645 4346 quemadmodum
663 4276 756 4328 terras
774 4287 854 4325 meas
871 4269 1061 4325 defenderent
1085 4270 1109 4325 si
1128 4269 1231 4325 civitas
1247 4286 1315 4325 mea
1332 4268 1412 4323 Pari·

360 4360 380 4385 ‘¹
398 4358 459 4413 sins
476 4356 593 4412 obsessa
615 4360 702 4411 esset.
740 4354 816 4411 Volo
833 4353 923 4409 etiam
942 4351 1037 4425 qucd²
1055 4357 1230 4407 mercatores
1256 4357 1287 4407 ct
1311 4369 1412 4407 omnes

359 4442 379 4468 ⁸‘
397 4439 540 4504 homines,
559 4443 620 4494 tam
638 4436 738 4493 clerici
759 4455 847 4509 qnam
864 4436 943 4502 laici,
963 4435 999 4491 de
1011 4443 1091 4492 terra
1108 4435 1174 4504 [sua
1190 4453 1258 4492 cum
1275 4434 1411 4492 omnibus

360 4524 379 4550 ‘⁴
398 4523 484 4579 rebus
503 4522 565 4578 suia
582 4520 678 4577 securi
696 4520 768 4587 sint²
785 4525 816 4576 et
841 4537 944 4593 pacem
962 4519 1088 4575 habeant
1113 4536 1166 4590 per
1191 4535 1292 4574 omnes
1318 4523 1411 4574 terras

392 4774 400 4807 ¹
412 4773 561 4840 demerem]
577 4770 699 4833 decrevit,
710 4771 744 4822 Δ.
757 4773 787 4822 Β.
875 4769 880 4834 1
928 4768 1028 4835 'quch
1044 4774 1081 4830 ut,
1093 4768 1127 4818 Α.
1145 4768 1175 4819 B.

447 4892 510 4936 scs.
1257 4865 1276 4913 Β
