3628 5728
728 853 841 906 orum
865 857 1056 907 meremor.
1352 841 1417 905 439

358 1046 529 1131 usquead
551 1045 826 1122 Purificationem,
841 1051 877 1110 et
902 1045 1022 1111 exinde
1053 1067 1155 1131 usque
1186 1050 1261 1131 post
1291 1045 1417 1111 Pascha
1449 1063 1570 1108 annu.

1460 1114 1513 1157 lan.
1523 1118 1555 1157 18.

357 1145 499 1212 dilatum
522 1154 579 1212 est.
625 1146 822 1233 AEgrotabat
844 1147 932 1211 enim
963 1168 1021 1212 rex
1052 1147 1184 1232 Angliae
1213 1153 1330 1234 sponte
1362 1148 1413 1214 vel
1428 1175 1552 1220 rhem

356 1248 493 1325 invitus,
517 1254 649 1335 etpost
678 1249 841 1315 modicum
873 1249 1071 1335 poenitentia
1100 1250 1229 1326 ductus,
1256 1271 1294 1315 eo
1325 1251 1411 1335 quod
1428 1227 1584 1320 idalii&

357 1350 464 1415 filium
493 1372 590 1415 suum
614 1350 805 1415 offendisset
832 1350 1020 1426 Ricardum,
1047 1352 1188 1416 eundem
1219 1374 1278 1437 per
1307 1352 1412 1417 archi·
1427 1350 1542 1453 {lgm

357 1452 544 1538 episcopum
571 1453 842 1519 cantuariensem
867 1453 1095 1518 Baldewinum
1118 1453 1263 1539 aliosque
1285 1461 1412 1539 specta·

356 1553 439 1617 biles
468 1553 613 1628 nuntios,
640 1558 680 1616 ut
708 1552 843 1629 solebat,
867 1552 969 1617 minis
998 1554 1209 1638 interpositis,
1240 1554 1411 1618 blandiens

356 1654 487 1720 studuit
512 1675 672 1719 revocare.
719 1654 784 1719 Sed
811 1654 979 1731 Ricardus,
996 1655 1146 1740 praedicti
1176 1655 1528 1743 archiepiscopicum

356 1755 554 1841 colloquium
577 1755 675 1819 simul
698 1762 733 1820 et
755 1755 911 1820 nuntium
934 1756 1166 1821 contumeliose
1190 1778 1353 1842 respuens,
1376 1726 1546 1823 selli¹m1¹¹⁸⁰²⁸nto

355 1854 482 1922 homini
505 1879 572 1921 non
595 1857 754 1923 credebat.
802 1857 888 1923 Cum
912 1857 1006 1922 enim*
1025 1858 1123 1923 sciret
1149 1864 1304 1944 expertus
1331 1859 1412 1944 quid

356 1964 442 2023 esset
455 1959 492 2022 in
507 1957 648 2035 homine,
664 1959 700 2022 in
723 1959 875 2023 omnibus
897 1959 1062 2024 mandatis
1077 1960 1181 2045 patris
1196 1961 1248 2024 sui
1271 1966 1306 2025 et
1327 1984 1413 2025 nun·

357 2061 397 2125 tii
420 2060 518 2125 dictis
541 2059 654 2125 dolum
677 2064 712 2124 et
734 2060 917 2144 nequitiam
941 2061 1170 2146 suspicabatur
1193 2063 1305 2127 inesse.

411 2161 581 2247 Apparuit
618 2160 748 2246 eclipsis
786 2161 874 2226 lunae
912 2162 1021 2226 media
1062 2168 1157 2228 nocte
1196 2162 1270 2227 iiitio
1307 2187 1410 2230 nonas
1426 2178 1551 2228 Bellum!

357 2263 538 2328 resumi.
1424 2241 1508 2324 suu.

402 2363 634 2429 Sollicitabant
671 2363 797 2429 interea
834 2366 919 2449 regis
957 2366 1139 2452 Anglorum
1174 2368 1322 2431 animum
1352 2389 1411 2453 pro
1425 2379 1538 2431 rusum

357 2464 491 2531 ecclesia
522 2464 753 2529 Cantuariensi
784 2466 918 2530 comites
949 2471 984 2531 et
1013 2468 1158 2543 barones,
1189 2468 1411 2554 supplicantes
1424 2432 1578 2572 iiidl'stohpo

357 2566 518 2630 attentius
543 2572 582 2629 ut
604 2565 656 2630 sui
679 2566 887 2632 miseraretur
909 2573 944 2631 et
967 2568 1067 2652 regni,
1091 2568 1236 2633 dicentes
1260 2570 1296 2633 in
1322 2577 1411 2633 utro·
1425 2534 1530 2625 'iiiiii‘

358 2688 421 2752 que
443 2664 656 2730 manifestum
679 2667 743 2731 Dei
767 2689 923 2754 apparere
948 2667 1121 2753 judicium,
1144 2690 1182 2732 eo
1207 2670 1294 2752 quod
1319 2673 1412 2757 regni

358 2768 410 2833 sui
434 2768 604 2851 matricem
629 2768 806 2846 ecclesiam,
828 2769 954 2835 scilicet
980 2770 1261 2845 Cantuariensem
1284 2776 1336 2836 tot
1361 2772 1413 2836 in-

355 2870 453 2955 juriis
484 2871 691 2956 permitteret
719 2871 846 2957 agitari.
902 2871 1021 2936 Motus·
1044 2873 1148 2960 igitur
1177 2872 1220 2937 ad
1251 2874 1415 2939 modicum

358 2994 417 3036 rex
447 2971 599 3058 pacificas
629 2973 785 3058 praecepit
814 2971 944 3036 litteras
974 2972 1045 3036 fieri
1077 2973 1308 3039 Cantuariensi
1339 2996 1415 3039 con-

358 3075 474 3140 ventui
498 3075 694 3160 dirigendas.
741 3073 836 3152 Quod
859 3074 997 3138 audiens
1019 3075 1281 3162 archiepiscopus
1303 3098 1414 3142 accur·
1427 3085 1570 3182 dirimis

359 3179 412 3253 rit,
443 3182 594 3242 exaratas
624 3175 752 3239 litteras
783 3174 937 3260 inspexit
969 3197 1088 3262 easque
1125 3177 1225 3241 nimis
1256 3178 1414 3266 benignas
1427 3150 1572 3232 uitiligine

359 3279 502 3355 intuens,
533 3277 697 3362 confregit
728 3277 763 3340 in
801 3276 929 3353 frusta,l
961 3299 1081 3364 easque
1111 3301 1193 3363 quas
1222 3240 1548 3368 subscripsi-wnfflm'

360 3402 432 3445 mus
454 3380 545 3466 regio
567 3378 733 3464 impressit
755 3377 863 3464 sigillo
873 3403 926 3442 :—

397 3486 414 3510 “
429 3482 585 3543 Henricus‚
599 3480 652 3534 Dei
671 3479 769 3550 gratia
779 3478 848 3532 ²rex
867 3479 992 3549 Angliae,
1004 3479 1062 3534 dux
1074 3481 1264 3535 Narmanniae
1277 3488 1307 3536 ct
1325 3483 1414 3554 Aqui·
1428 3489 1576 3533 letternom

1427 3540 1537 3591 thuring.
1645 3550 1651 3561 ·

360 3571 379 3593 ‘⁸
399 3566 506 3621 tannim
525 3569 555 3619 et
573 3581 669 3618 comes
687 3561 878 3632 Audemus,
893 3563 946 3617 toti
971 3564 1127 3618 conventui
1151 3565 1281 3619 ecclesiae
1307 3566 1414 3621 Christi
1426 3589 1554 3633 noma,

361 3654 379 3675 ‘⁶
400 3648 564 3706 (lantuariae
589 3646 721 3701 salntem.
766 3644 916 3701 Noveritis
941 3663 987 3699 me
1011 3646 1133 3701 moleste
1157 3647 1259 3703 tulisse
1284 3656 1314 3703 et
1337 3650 1414 3703 serre
1427 3641 1548 3737 gffilffie,

361 3737 378 3761 ‘⁶
399 3733 574 3789 discordiam
593 3737 624 3786 et
640 3729 852 3787 dissensionem
871 3728 1011 3784 intervos
1028 3737 1059 3785 et
1075 3729 1323 3802 archiepiscopum
1340 3731 1415 3786 Can.
1428 3741 1522 3783 Hubert

362 3818 380 3842 ιι
401 3816 585 3879 tuamensem,
605 3819 636 3867 et
653 3814 758 3868 iccirco
776 3812 872 3883 ipsum
892 3811 1140 3883 archiepiscopum
1165 3813 1232 3867 inda
1256 3813 1414 3884 diligenter
1430 3788 1576 3883 ffiffiffimu

362 3901 380 3925 “
400 3899 532 3963 conveni,
557 3905 587 3953 et
610 3897 708 3952 inveni
721 3913 788 3950 eum
805 3911 858 3965 pro
875 3900 958 3966 parte
983 3895 1067 3950 valde
1085 3895 1232 3951 mitiorem
1258 3902 1288 3951 at
1312 3897 1412 3969 benig·
1426 3888 1552 3984 {lffiffh

361 3987 380 4010 “
400 3984 512 4036 niorem
530 3999 617 4052 quam
636 3980 742 4044 fuerit;
762 3983 793 4033 et
811 3978 881 4049 quis
897 3979 964 4034 nolo
982 3978 1092 4034 diutius
1109 3980 1260 4045 sustinere,
1280 3998 1334 4035 nec
1353 3998 1413 4036 sus·
1426 3991 1555 4042 uuhopnor

363 4066 379 4088 ‘⁶
400 4063 552 4117 tinsndnm
570 4068 624 4124 est,
644 4061 715 4131 quin
733 4060 810 4115 inter
833 4078 884 4116 vos
908 4059 1062 4116 concordia
1084 4061 1267 4127 reformetur,
1287 4061 1325 4116 ad
1349 4079 1414 4117 ann·
1426 4039 1554 4143 ffi'ffjtf'

361 4147 381 4171 ‘⁴
402 4143 469 4199 dem
495 4141 708 4198 reformandam
735 4148 873 4214 quantam
900 4159 1017 4214 operam
1046 4148 1076 4196 et
1105 4141 1287 4212 diligentiam
1314 4151 1415 4215 potero

363 4230 381 4253 ⁸⁸
401 4223 585 4282 adhibiturus
602 4241 676 4278 snm.
714 4225 753 4280 Et
769 4224 835 4279 ideo
855 4223 970 4279 venturi
989 4228 1057 4279 sunt
1077 4224 1114 4278 ad
1135 4242 1186 4278 vos
1208 4225 1364 4295 Helyensis
1385 4234 1416 4282 et

362 4311 381 4334 “
402 4305 547 4363 Roffensis
566 4306 704 4379 episcopi,
719 4315 750 4362 et
768 4306 929 4362 Randnlfns
947 4306 983 4361 da
1003 4306 1159 4372 dienvilla,
1179 4313 1210 4362 at
1226 4308 1414 4364 Eboracensis

362 4393 381 4417 “
401 4395 432 4443 st
461 4388 672 4443 Linoolniansis
702 4387 826 4454 deceni,a
855 4388 960 4459 quibus
990 4388 1067 4444 sicut
1095 4389 1185 4443 michi
1215 4390 1273 4460 ipsi
1303 4396 1414 4447 certam

359 4534 569 4543 ......-..-—--
608 4534 822 4542 ‹mu-„m

397 4618 405 4651 ¹
409 4618 514 4685 fruta]
529 4617 634 4678 frustra,
644 4619 679 4668 A.
690 4618 722 4669 B.
734 4618 765 4670 O.
915 4620 966 4667 and
998 4616 1112 4668 Richard
1139 4617 1182 4668 fitz
1206 4618 1272 4669 Neal
1294 4621 1358 4671 dean
1387 4621 1415 4671 of

394 4697 470 4748 ’Dei
479 4697 580 4764 untia]
594 4713 644 4748 om.
657 4698 692 4747 Α.
705 4698 736 4748 Β.
914 4697 1032 4749 Iinooln.

394 4777 520 4828 'Hubert
531 4775 630 4827 uerter
649 4777 715 4827 dean
734 4776 765 4828 oi
785 4775 867 4837 Yorlr,
