3662 5728
730 899 844 951 οιιιιι
865 900 1057 950 aaronica
1351 883 1416 954 137

363 1082 618 1151 absolverentur
641 1083 696 1148 Ad
710 1084 834 1150 curiam
857 1083 970 1168 itaque
992 1083 1170 1160 venientes,
1186 1082 1231 1148 ad
1245 1082 1415 1155 dominnm
1447 1100 1502 1146 ιιι
1511 1103 1568 1147 ιιιι.

363 1207 484 1273 papam
505 1207 670 1253 accessum
698 1186 820 1254 habere
849 1207 918 1252 non
940 1191 1130 1273 potuerunt,
1154 1208 1193 1252 eo
1216 1186 1338 1272 quod
1328 1208 1456 1273 ipsos«,
1429 1164 1478 1209 m
1457 1175 1545 1267 ellim

363 1289 515 1355 audierat
558 1310 627 1356 esse
673 1289 981 1355 excommunicatos.
1042 1288 1265 1353 Plurimorum
1304 1295 1417 1355 tamen
1429 1265 1533 1369 pppis

363 1391 514 1477 precibus
535 1391 651 1470 flexus,
673 1412 842 1477 quousque
864 1412 940 1456 cum
963 1411 1002 1456 eo
1024 1390 1187 1456 haberent
1209 1390 1417 1477 colloquium,

364 1493 533 1579 praemisea
553 1493 727 1559 verberum
750 1493 972 1580 castigatione,
989 1492 1135 1558 absolvit
1161 1514 1223 1571 eos,
1247 1497 1288 1559 ut
1308 1493 1419 1559 verbis

364 1594 468 1682 ipsius
489 1600 573 1673 utar,
596 1616 664 1662 non
687 1595 760 1661 vice
790 1594 962 1682 apostolici
994 1594 1051 1660 sed
1073 1595 1146 1661 vice
1169 1595 1419 1663 cantuariensis

355 1698 607 1785 archiepiscopi.
672 1697 800 1764 Audita
836 1718 915 1763 vero
952 1698 1117 1764 adventus
1154 1718 1267 1764 eorum
1312 1719 1417 1776 causa

364 1798 584 1865 temeritatem
629 1820 742 1865 eorum
787 1798 968 1885 increpans,
1005 1799 1163 1885 praecepit
1199 1804 1239 1864 ut
1284 1798 1418 1865 domum

364 1900 517 1979 redirent,
540 1905 576 1966 et
597 1899 839 1986 archiepiscopo
861 1920 921 1965 suo
942 1920 1002 1985 per
1023 1900 1136 1966 omnia
1157 1899 1339 1966 obedirent

410 2000 485 2068 Hoc
507 2022 596 2068 anno
626 2001 797 2067 Corradus
817 2001 996 2087 imperator
1017 2001 1231 2079 Alemanniae,
1255 2006 1291 2067 et
1312 2001 1418 2068 Indo·
1430 2012 1477 2056 ⁰¹¹³
1478 2012 1533 2056 *d
1540 2014 1567 2057 or

365 2103 459 2169 vicus
473 2125 532 2170 rex
547 2103 696 2169 Francia
710 2124 867 2169 unacum
882 2103 996 2188 regina
1017 2124 1078 2167 sua
1100 2103 1246 2181 Alienon,
1263 2108 1298 2170 et
1312 2103 1418 2169 Theo·
1430 2062 1484 2158 ldd
1485 2062 1582 2159 &llll-

366 2203 494 2270 dericus
515 2227 623 2272 comes
653 2204 827 2281 Flandriae,
849 2203 1013 2289 multique
1035 2203 1162 2270 nobiles
1192 2210 1228 2270 et
1258 2204 1419 2291 ignobiles

365 2307 484 2374 Franci
513 2314 548 2374 et
569 2307 680 2394 Angli,
704 2306 890 2372 Normanni
912 2310 947 2372 et
976 2306 1139 2384 Britones,
1161 2307 1219 2372 sed
1242 2312 1277 2373 et
1298 2307 1419 2374 multa·

366 2430 439 2473 rum
461 2409 632 2496 regionum
654 2409 728 2486 viri,
744 2429 878 2495 peregre
900 2407 1140 2494 profecti-sunt
1161 2408 1353 2488 Jerusalem,
1376 2410 1420 2476 ad

365 2511 596 2579 debellandum
628 2533 782 2599 paganos,
805 2511 863 2597 qui
885 2532 953 2576 non
984 2511 1145 2577 modicam
1176 2518 1300 2579 sanctae
1322 2518 1419 2580 terra

365 2613 455 2679 illins
477 2619 718 2700 occupaverant
733 2612 963 2699 quantitatem.
1010 2612 1077 2678 Sed
1100 2612 1282 2680 Christiani
1305 2615 1420 2681 multis

365 2715 532 2782 laboribus
547 2716 668 2793 vexati,
692 2722 727 2780 et
748 2714 901 2801 expensis
923 2715 1070 2801 perditis,
1092 2714 1224 2781 nullum
1240 2715 1293 2781 vel
1316 2718 1420 2782 modi-

366 2839 441 2883 cum
462 2818 525 2885 hac
546 2819 619 2884 vice
641 2822 895 2905 reportaverunt
916 2816 1131 2903 triumphurn.
1177 2817 1266 2883 Nam
1288 2820 1422 2905 propria

366 2921 552 2986 temeritate
567 2926 602 2986 et
617 2919 789 2986 Saracena
803 2919 913 3006 gentis
928 2919 1102 2996 industria,
1117 2919 1187 2985 iere
1202 2921 1245 2985 ad
1259 2920 1419 2987 nichilum

366 3022 499 3088 deducti
521 3028 608 3087 sunt.
654 3022 728 3087 Rex
750 3028 863 3087 autem
885 3021 1032 3089 Franciae
1047 3022 1240 3100 lodovicus,
1255 3045 1330 3090 cum
1352 3045 1420 3090 non

365 3123 492 3190 modico
514 3125 662 3191 exercitu
683 3122 763 3210 qui1
786 3145 845 3210 per
866 3128 987 3188 terram
1010 3130 1179 3202 venerant,
1201 3125 1330 3192 obsedit
1352 3126 1419 3193 Da·
1432 3143 1532 3197 simet
1594 3171 1597 3177 ,

366 3247 519 3303 maecum,
550 3231 585 3292 et
615 3226 683 3291 fere
713 3225 756 3290 ad
788 3225 988 3291 deditionem
1020 3226 1134 3312 coegit,
1168 3227 1349 3296 interfectis
1378 3195 1563 3295 dem

365 3334 464 3414 gente
486 3349 624 3415 pagana,
639 3327 697 3414 qui
712 3328 832 3414 egressi
855 3327 1047 3393 fue1antad
1069 3330 1286 3416 pugnandum
1305 3337 1421 3398 contra

368 3428 582 3509 Christianos,
612 3430 679 3495 fere
711 3428 823 3495 decem
853 3429 996 3497 milibus.
1051 3429 1136 3496 Cum
1166 3438 1280 3498 autem
1302 3433 1421 3500 civitas

368 3530 565 3599 Christianis
587 3531 754 3597 reddenda
768 3535 863 3608 esset,
880 3537 1088 3597 accesserunt
1102 3531 1288 3619 Templan'i,
1311 3535 1420 3601 dicen.
1445 3616 1449 3623 ὁ

367 3641 418 3701 tes
441 3657 476 3700 se
498 3636 638 3722 primam
668 3633 840 3700 habituros
862 3654 1017 3719 pugnam,
1040 3639 1080 3699 ut
1101 3656 1214 3700 omnes
1237 3636 1355 3702 deinde
1385 3639 1421 3704 in

367 3738 532 3803 communi
554 3736 728 3802 victoriam
750 3734 945 3800 obtinerent.
992 3734 1191 3801 Statuerunt
1212 3737 1325 3824 itaque
1347 3746 1420 3806 ten·

367 3838 453 3904 toria
476 3859 537 3903 sua
559 3838 647 3903 inter
662 3836 832 3902 civitatem
848 3839 883 3900 et
898 3835 1081 3901 exercitum
1097 3835 1370 3917 Christianorum,
1386 3848 1420 3906 et

367 3940 510 4007 cumbis
525 3941 583 4027 qui
601 3939 720 4005 erant
711 3960 747 4003 ιιι
763 3938 899 4004 civitate
922 3939 1059 4026 paganis
1074 3940 1270 4026 proditionis
1284 3934 1419 4028 pactum

366 4043 521 4108 inierunt
567 4041 676 4108 Cives
688 4038 814 4129 igitur,8
828 4061 940 4105 eorum
963 4047 1175 4127 agnoscentes
1194 4044 1419 4161 cupiditatem,
1408 4056 1530 4162 ffiqo
1515 4057 1588 4102 oeta

366 4144 588 4231 promisersmt
617 4143 664 4208 eis
694 4148 761 4207 tres
790 4141 888 4208 cados
917 4141 1032 4228 plenos
1062 4141 1214 4209 bisantiis
1243 4147 1358 4225 aureis,
1390 4169 1419 4212 ιι
1408 4110 1554 4265 gffiff

366 4268 422 4312 eos
451 4245 494 4311 ab
518 4244 693 4311 obsidione
723 4242 908 4309 liberarent
955 4243 1070 4309 Delusi
1101 4245 1214 4331 itaque
1238 4246 1360 4313 Christ
1336 4251 1469 4314 ianime
1432 4266 1504 4304 meur
1552 4213 1571 4253 ι’

366 4370 424 4434 per
446 4346 568 4412 milites
597 4345 734 4433 Templi,
756 4344 960 4411 aDamasco
990 4353 1198 4412 recesserunt
1246 4348 1325 4415 Post
1351 4372 1420 4415 mo·

366 4450 477 4514 dicum
492 4469 570 4513 vero
592 4469 668 4513 cum
690 4445 867 4532 Templarii
889 4447 1065 4533 promissos
1087 4469 1108 4513 a
1130 4449 1259 4515 eivibm
1282 4453 1419 4538 recepis-

366 4556 441 4617 sent
463 4550 569 4628 cados,
591 4550 628 4614 in
651 4549 772 4615 eisdem
802 4569 870 4613 non
892 4570 1043 4615 nummos
1065 4571 1181 4617 aureos
1203 4554 1261 4618 sed
1284 4575 1419 4641 cupreos

402 4826 477 4896 ’sul
492 4826 633 4892 quaen.
889 4823 896 4891 Ι
943 4824 1054 4895 ²¹·a'w]
1069 4829 1184 4895 crsec-
