3588 5740
706 869 819 920 orma
840 868 1031 921 marenca
1324 856 1388 924 573

333 1057 450 1122 diebus
472 1056 642 1123 Johannes
665 1055 903 1145 Wigorniensis
925 1058 1104 1144 episeopus,
1135 1063 1170 1122 et
1201 1055 1387 1124 Willelmus
1419 1055 1541 1102 ssim&

333 1159 592 1226 Herefordensis.
1431 1204 1436 1215 ·

379 1262 519 1330 Obsedit
540 1265 668 1331 interea
689 1264 804 1331 villam
820 1264 936 1331 Sancti
950 1264 1133 1331 Andomari
1156 1285 1264 1330 comes
1286 1264 1386 1330 Flan-
1399 1259 1544 1356 fflffiin

333 1365 415 1431 driee
437 1372 473 1432 et
493 1367 641 1434 Boloniae
664 1388 739 1433 cum
762 1369 909 1434 exercitu
932 1367 1039 1432 multo
1061 1388 1121 1453 per
1142 1388 1296 1443 mensem,
1313 1373 1387 1433 tan-
1400 1361 1538 1462 ξζζξόὣ

333 1471 472 1556 demque
495 1470 577 1537 villa
608 1471 721 1536 comiti
752 1470 883 1536 reddita
914 1476 965 1536 est
987 1469 1087 1536 tertio
1118 1470 1192 1534 idus
1227 1469 1388 1550 Octobris,
1401 1465 1433 1506 Ἀ

333 1593 372 1638 eo
409 1574 498 1660 quod
535 1594 556 1638 a
592 1596 668 1662 rege
705 1573 853 1641 Francia
886 1574 1014 1638 nullum
1054 1572 1175 1638 obsessi
1207 1577 1388 1659 potuerunt

332 1675 454 1742 habore
476 1676 640 1744 solatium.

377 1778 550 1846 Venerunt
571 1780 608 1845 in
630 1780 788 1866 proximo,
812 1778 876 1866 vjro
897 1778 1021 1846 scilicet
1040 1777 1199 1845 kalendas
1225 1779 1385 1858 Octobris,
1398 1773 1534 1882 Affi'l

332 1883 444 1947 nuntii
474 1883 560 1969 regis
591 1888 628 1948 et
660 1881 894 1969 archiepiscopi
926 1882 1054 1947 litteras
1086 1880 1277 1968 hujusmodi
1310 1904 1386 1949 con·
1396 1887 1509 1990 ffiotpg

332 1984 450 2049 ventui
473 1984 676 2050 deferentes:
1397 1988 1557 2085 ffllffim

369 2085 566 2143 “Gelffidw
598 2085 674 2142 filius
709 2086 790 2142 Petri
825 2085 981 2142 conventui
1016 2085 1218 2142 Cantuarienai
1254 2086 1385 2142 salutem.
1399 2090 1462 2133 snos
1471 2090 1535 2135 their

334 2171 353 2197 ‘¹
374 2168 478 2227 sena
505 2169 582 2244 quos
611 2188 646 2225 οι
669 2175 814 2243 precepta
846 2169 958 2226 nomini
982 2168 1059 2241 rega
1087 2170 1175 2226 mitio
1200 2142 1521 2227 comanam

334 2255 354 2282 “
372 2254 583 2310 thesaurarium
601 2253 834 2309 Lundonienaem
857 2260 888 2310 et
905 2252 1138 2309 archidiaconum
1156 2253 1389 2310 Lundonionaem

335 2339 354 2364 ‘⁴
373 2343 404 2393 et
429 2338 556 2410 priorem
582 2337 619 2393 do
645 2337 794 2393 Maretona
819 2343 850 2392 et
876 2336 1120 2393 constabularium
1145 2337 1181 2394 ds
1208 2338 1335 2394 Dovoria
1358 2344 1390 2394 et

333 2422 354 2449 ‘⁸
372 2421 573 2478 vicecomitem
590 2420 627 2477 de
653 2421 743 2486 Kent,
761 2419 800 2476 ad
824 2420 965 2477 videndos
989 2420 1139 2476 thesauros
1165 2420 1293 2478 ecelesiae
1312 2421 1386 2477 Oan-

334 2506 354 2533 “
371 2505 534 2570 tuamensis,
551 2510 583 2562 et
604 2504 670 2561 ideo
686 2504 770 2561 vobis
794 2503 902 2560 mando
920 2503 998 2575 quod
1022 2504 1089 2560 illos
1105 2504 1148 2560 eis
1171 2505 1339 2572 ostendatis,
1357 2511 1389 2562 ot

332 2589 354 2616 “
371 2587 451 2660 quod
468 2588 581 2644 faciatis
597 2589 653 2644 hoe
669 2587 749 2660 quod
774 2587 831 2661 ipsi
847 2586 930 2645 vobis
954 2604 990 2644 ax
1015 2592 1099 2660 parte
1123 2588 1236 2644 domini
1261 2589 1340 2660 regis
1357 2594 1388 2645 et

334 2672 353 2699 44
371 2688 438 2728 mm
453 2670 580 2728 dioentjs

377 2779 563 2847 Mirabatur
583 2780 628 2848 ad
649 2778 722 2849 haec
750 2785 933 2848 conventus
965 2780 1183 2849 admiratione
1213 2782 1326 2863 nimia,
1349 2796 1543 2892 ww

332 2883 421 2970 quod
451 2883 643 2971 hujusmodi
673 2883 833 2951 mandata
862 2883 1023 2951 hactenus
1055 2885 1208 2953 inaudita
1238 2885 1386 2954 fuissent
1398 2850 1466 2994 iiii
1481 2861 1547 2994 {he

332 2985 523 3074 Habitoque
545 3009 644 3074 super
664 2986 728 3054 hoc
749 2986 894 3065 oonsilio,
916 3007 976 3073 per
997 2987 1173 3055 monachos
1195 2988 1385 3076 hujusmodi
1398 3000 1499 3046 esaim
1520 2992 1525 3001 '

330 3087 460 3156 litteras
482 3090 725 3178 archiepiscopo
747 3088 963 3171 direxerunt,²
985 3090 1043 3176 qui
1069 3092 1159 3177 apud
1181 3089 1386 3158 Winohelese

330 3215 444 3260 auram
478 3190 642 3281 placidam
676 3193 713 3258 in
745 3193 985 3261 Normanniam
1022 3194 1295 3261 transfretaturus
1329 3217 1385 3262 ex-

330 3296 501 3382 spectabat
512 3320 520 3361 z

367 3399 385 3425 “
405 3397 555 3454 Huberto⁸
581 3397 636 3454 Dei
653 3397 748 3469 gratia
775 3397 979 3455 cantuariensi
1004 3399 1219 3473 archiepiscopo
1245 3405 1277 3455 et
1295 3400 1386 3456 totius
1399 3402 1508 3455 'l'b0520-

331 3482 352 3509 “
370 3480 488 3554 Angliae
506 3481 635 3554 primati,
654 3487 812 3538 conventus
830 3481 1045 3538 cantuariensis
1063 3484 1187 3540 salutem
1204 3489 1235 3539 et
1251 3483 1385 3540 devotam
1398 3453 1532 3549 bimos&

331 3566 351 3591 “
370 3564 402 3620 in
420 3564 554 3621 omnibus
572 3563 774 3620 obedientiam.
812 3563 996 3636 Suscepimus
1014 3565 1126 3621 litteras
1143 3566 1306 3622 sanctitatis
1322 3585 1385 3623 vsa·
1397 3554 1495 3649 {22¹1}ssss
1519 3567 1546 3600 θ’

332 3648 351 3674 “
370 3654 424 3704 trae
442 3665 494 3720 per
518 3648 596 3703 viros
614 3646 792 3704 venerabiles
816 3646 951 3703 abbatem
975 3646 1011 3703 de
1038 3647 1212 3705 Faversham
1237 3655 1267 3705 et
1291 3649 1384 3705 archi·
1396 3654 1458 3700 their

331 3732 350 3760 “
370 3730 524 3786 diaconum
543 3729 789 3796 cantuariensem,
808 3730 841 3785 in
859 3731 964 3801 quibus
980 3730 1064 3786 nobis
1090 3731 1274 3803 significastis
1300 3738 1336 3787 ut
1352 3732 1385 3788 in
1397 3712 1519 3751 m

331 3817 350 3843 ‘⁴
369 3814 525 3887 praesentia
541 3814 659 3870 illorum
676 3820 707 3870 ot
723 3813 900 3870 ballivorum
920 3814 1033 3870 domini
1049 3815 1128 3885 regis
1154 3815 1205 3887 qui
1222 3815 1310 3872 simul
1336 3816 1385 3872 ad·

331 3902 349 3927 “
370 3902 511 3955 venerant
529 3916 597 3954 cum
614 3897 720 3955 litteris
746 3898 858 3954 domini
886 3896 1022 3954 Gaulridi
1046 3897 1101 3954 filii
1126 3898 1207 3956 Petri
1230 3900 1386 3972 justitiarii

331 3985 350 4011 ‘⁴
369 3982 482 4039 domini
506 3983 593 4054 regis,
612 3984 761 4039 thesauros
778 3982 907 4039 ecclesiae
931 3988 1038 4039 nostra
1055 3982 1149 4039 videri
1175 3989 1205 4041 et
1229 3984 1386 4041 inbreviari

332 4069 351 4095 ¹‘
369 4066 518 4134 faciamus,
537 4083 596 4122 uno
614 4065 843 4122 inbreviamento
860 4084 948 4138 penes
965 4084 1017 4122 voa
1033 4073 1209 4134 remanente,
1222 4068 1280 4124 alio
1298 4086 1385 4140 penes

330 4153 351 4181 ‘⁴
369 4168 431 4216 nos,
461 4151 549 4206 tertio
577 4166 666 4222 panas
694 4149 817 4206 hailivos
841 4149 953 4209 domiui
977 4149 1063 4223 regis.
1109 4150 1273 4223 Exigebant
1296 4153 1384 4208 otiam

330 4234 472 4290 “bailivi
496 4233 609 4289 domini
633 4233 720 4305 regis,
746 4238 781 4289 ut
804 4233 930 4305 singulis
954 4233 1124 4291 inbreviatio
1147 4242 1326 4308 reponantur
1351 4236 1384 4291 in

331 4321 350 4348 ‘⁴
369 4324 434 4375 tuto
451 4322 482 4374 et
499 4318 578 4374 salvo
597 4317 659 4373 loco
680 4317 734 4373 snb
751 4317 883 4375 custodia
909 4318 999 4374 trium
1023 4318 1159 4386 clavium,
1178 4336 1301 4391 quarum
1325 4335 1385 4374 uua

366 4527 545 4596 watra]
571 4526 754 4594 massot·
766 4526 834 4581 cm-
876 4489 1088 4620 {ffllfffflm
1124 4505 1170 4541 ¹¹·
1198 4487 1240 4542 ⁶⁵⁰
1267 4491 1383 4556 &lm

330 4608 482 4671 tuarlemea
499 4609 550 4660 No.
561 4605 711 4666 cccclxxvi.
728 4622 753 4673 p.
764 4611 832 4671 ⁴4⁰3
960 4605 967 4619 ‘

330 4688 416 4740 share
437 4689 481 4739 the
500 4688 559 4740 usa
577 4687 601 4739 is
619 4687 712 4754 given3
733 4687 832 4739 “Teste

329 4773 347 4801 ⁴·
358 4767 483 4823 Gautrido
494 4768 526 4819 de
534 4767 666 4820 ΒοοΙιηᾶο
674 4767 743 4835 apud
748 4768 832 4823 Wart-

909 4647 1092 4715 ¹dirsssrsst]
1105 4647 1235 4710 dixerunt,
1246 4650 1278 4702 B.

909 4725 1060 4796 ’Halm
1092 4727 1142 4780 See
1164 4728 1286 4794 Epistola
1309 4732 1378 4784 Can·

875 4806 1023 4873 insulenses,
1032 4809 1082 4862 No.
1093 4808 1253 4879 ceednvii„
1264 4826 1289 4878 p.
1300 4816 1358 4864 440.
