3662 5728
370 913 435 979 206
571 932 735 986 ossvssn
756 918 917 988 nonnoni
940 938 1214 994 cssrnssrnvsrs

197 1106 337 1218 &effi
390 1202 397 1218 ι
415 1099 511 1170 Oirca
525 1104 730 1178 Pentecosten¹
750 1108 932 1179 celebravit
945 1111 1139 1181 Frederious
1153 1115 1334 1203 imperator
1347 1137 1424 1186 con-
1437 1122 1504 1188 Eur·
1517 1123 1545 1177 S·

197 1222 340 1317 pppdeppner
369 1202 483 1270 cilium
504 1213 748 1293 permaximum
778 1217 868 1303 spud
898 1215 1127 1283 wicheburch.
1186 1218 1325 1305 Inque,
1348 1184 1549 1310 cumghffimc

197 1321 344 1419 mppr
369 1311 405 1368 de
429 1333 501 1386 pace
526 1324 556 1375 et
582 1324 736 1381 concordia
759 1325 837 1382 inter
864 1325 960 1397 ipsum
985 1331 1016 1382 et
1043 1339 1164 1405 papam
1195 1319 1424 1403 Alexandrum
1435 1320 1462 1375 fl·
1474 1328 1533 1376 ²⁶⁸·

197 1423 326 1518 wnrffins
369 1412 488 1470 sabbato
506 1422 536 1472 et
554 1421 681 1477 secunda
698 1424 771 1480 feria
795 1426 983 1483 Pentecostes
1001 1425 1193 1499 tractaretur,
1218 1434 1425 1504 superveniens

197 1487 1301 1684 sitelisseaerestitissent
1314 1524 1425 1687 lii

196 1625 314 1679 mum
369 1675 607 1739 “Alexandrum
643 1649 794 1761 hndnsque
830 1652 970 1760 oapeaitis
1003 1690 1098 1746 nichil
1126 1691 1210 1748 vobis
1239 1694 1422 1764 profuerunt,

311 1802 314 1807 ⁴
368 1758 388 1786 “
406 1760 499 1816 nichil
516 1764 545 1819 ei
570 1774 742 1826 nocuerunt.
785 1770 914 1828 Namet
938 1771 975 1829 de
1001 1774 1109 1847 nostris
1134 1775 1256 1847 plurimi
1282 1776 1424 1834 obediunt
1505 1860 1508 1864 Δ

368 1842 437 1899 “et
462 1846 613 1906 cdhaemnc
636 1852 673 1919 ei,
702 1854 778 1910 sicut
795 1854 931 1912 dominus
954 1855 1147 1927 Magantinus
1164 1862 1195 1913 et
1216 1859 1286 1926 alii;
1318 1860 1370 1916 sed
1398 1862 1424 1917 si

369 1925 388 1953 “
406 1927 498 1984 michi
522 1936 552 1987 et
577 1936 699 1991 consilio
723 1954 788 1993 meo
814 1937 1032 2010 adquieveritis,
1061 1940 1093 2016 in
1119 1945 1238 2012 promtu
1255 1942 1313 1998 erit
1335 1943 1422 2000 Alex·

368 2009 491 2067 “andri
516 2013 639 2087 dejectio
666 2025 697 2075 et
727 2038 810 2094 papae
833 2022 926 2077 nostri
952 2021 1080 2078 Pescelis
1110 2023 1254 2080 exultatio.
1292 2026 1339 2081 En
1368 2045 1423 2100 ego

367 2092 548 2166 “adquisivi
566 2106 673 2157 nostrie
698 2105 776 2175 parti
794 2119 819 2159 a.
839 2105 989 2177 episcopos
1017 2123 1084 2161 cnm
1102 2106 1325 2180 archiepiscopis
1349 2111 1419 2179 suis,

366 2176 436 2234 “et
460 2180 559 2250 plures
585 2178 711 2241 numero⁸
735 2187 771 2242 de
798 2187 996 2245 dominatione
1022 2189 1101 2260 regis
1118 2187 1236 2260 Angliae
1261 2192 1312 2262 qui
1337 2211 1420 2265 papas

366 2259 385 2286 “
403 2260 517 2319 Pescali
540 2269 572 2322 et
594 2267 676 2325 vobis
699 2270 891 2328 adhaerebunt
911 2271 937 2327 si
963 2289 1015 2328 vos
1039 2271 1199 2342 Alexandri
1225 2273 1421 2333 obedientiam

364 2342 385 2371 “
404 2350 435 2400 et
457 2363 491 2402 eo
514 2347 671 2408 decedente
695 2353 836 2427 cujusque
859 2355 895 2410 de
912 2359 996 2426 parte
1014 2355 1076 2428 ejus
1096 2355 1181 2411 electi
1204 2355 1418 2428 abjuraveritis.

363 2436 384 2463 “
401 2437 439 2492 In
456 2438 543 2513 hujus
560 2439 605 2496 rei
629 2437 910 2505 confirmationem
935 2464 1002 2504 ecce
1020 2455 1122 2504 assunt
1144 2448 1244 2504 nuntii
1260 2450 1340 2523 regis
1357 2452 1421 2510 An·

361 2520 380 2550 “
399 2525 469 2596 glire
492 2522 550 2606 qui
572 2531 604 2586 in
629 2551 751 2605 persone
774 2528 860 2616 regis
882 2528 1054 2595 nobiseum
1081 2529 1260 2616 jinebuntss’
1305 2539 1420 2599 Placuit

360 2612 530 2688 imperatori
556 2620 652 2677 forma
676 2624 801 2682 consilii.
839 2617 907 2684 Sed
930 2639 1006 2685 cum
1028 2639 1050 2683 e
1078 2621 1277 2706 quibusdem
1304 2616 1420 2708 hujus·

360 2709 450 2773 modi
482 2711 712 2801 juramentum
749 2726 866 2784 differre
901 2720 1089 2788 volentibus
1121 2723 1292 2801 diceretur,
1331 2725 1420 2809 quod

360 2804 540 2864 coloniensis
575 2810 670 2881 primo
693 2813 793 2886 jurare
818 2815 937 2874 deberet
963 2818 1016 2890 qui
1041 2818 1210 2890 hujusmodi
1238 2811 1332 2877 dedit
1349 2840 1416 2878 con·

360 2904 469 2973 silium,
501 2905 535 2966 et
564 2900 621 2968 ille
654 2929 745 2984 nsque
763 2915 802 2971 ed
819 2915 955 2973 lacrimas
988 2909 1217 2991 reluctaretur,
1259 2921 1418 2993 imperator

360 2993 546 3053 vehementer
563 2990 668 3056 iratus
691 3002 743 3069 ait,
776 3004 796 3030 “
809 3003 856 3059 En
880 3011 1003 3079 eppnret
1026 3007 1106 3080 qnod
1129 3014 1269 3081 tanquam
1287 3008 1418 3082 proditor

361 3071 382 3098 “
400 3080 536 3145 operatus
559 3079 600 3135 sis
625 3080 778 3138 adversum
802 3090 905 3141 meet
930 3087 1060 3144 animam
1076 3104 1180 3145 meam.
1216 3088 1277 3145 ΕΡ
1294 3094 1416 3162 apparet

362 3153 382 3181 “
401 3156 479 3226 quod
503 3159 613 3217 benum
639 3164 793 3221 consilinm
818 3167 900 3224 dedit
925 3169 1017 3226 michi
1034 3171 1237 3242 Meguntinus,
1257 3172 1417 3228 Octaviano

362 3244 382 3273 “
400 3246 548 3320 defuncte,
575 3247 717 3315 suadem
748 3250 832 3317 mihi
854 3280 901 3330 ne,
930 3263 967 3319 de
993 3267 1076 3319 tento
1103 3263 1235 3336 periculo
1260 3265 1416 3338 liberatus

361 3335 382 3363 ‘⁸
400 3334 506 3393 iterum
522 3357 571 3398 me
588 3336 624 3400 in
639 3346 792 3406 consimile
814 3349 1011 3417 involverem
1037 3349 1114 3406 unde
1132 3349 1188 3406 tibi
1204 3354 1311 3426 scripsi
1333 3349 1416 3416 dens

283 3458 289 3468 ·
359 3421 378 3450 “
400 3415 437 3479 in
460 3432 667 3490 mandatisne
693 3452 741 3492 me
767 3437 931 3495 inconsulto
955 3437 992 3493 de
1010 3429 1164 3518 eligendo
1176 3444 1318 3513 pontifice
1335 3447 1415 3518 quic.

360 3512 380 3540 “
399 3529 487 3584 quam
504 3517 657 3569 tractares.
696 3514 741 3571 Tu
757 3533 827 3573 vero
845 3518 921 3574 clam
934 3538 982 3578 me
993 3510 1167 3607 ignorante
1181 3528 1354 3593 mom-ime
1367 3545 1417 3595 tu„

360 3603 380 3632 “
398 3605 490 3661 istum
506 3605 633 3677 elegisti,
651 3611 684 3662 et
708 3607 750 3665 Te
767 3608 862 3666 Deum
879 3620 1012 3675 cantasti.
1049 3623 1165 3685 Parssti
1204 3632 1266 3688 obis
1290 3634 1413 3700 foveam,

360 3698 380 3726 “
398 3698 486 3755 modo
503 3698 617 3771 primus
634 3698 746 3756 incides
758 3701 791 3757 in
802 3701 895 3758 eam.’'
931 3707 1050 3770 Primus
1065 3709 1170 3797 igitur
1191 3716 1340 3781 omnium
1358 3719 1415 3804 ju.

358 3787 435 3843 mvii
462 3786 652 3855 colonienflifl,
687 3781 807 3851 deinde
844 3794 1010 3875 imperator,
1041 3806 1156 3886 postea
1177 3809 1237 3866 dux
1267 3810 1415 3871 Saxonum

358 3903 459 3967 gener
488 3882 574 3969 regis
596 3882 735 3970 Angliae.
782 3887 988 3963 Juraverunt
1010 3903 1121 3968 caeteri
1153 3904 1212 3989 qui
1234 3912 1414 3992 praesentes

359 3982 497 4050 fuerunt
518 3989 590 4050 tam
604 3985 749 4073 episcopi
764 4009 865 4074 quam
879 3998 1053 4087 principes.
1091 4002 1114 4069 J
1114 3998 1298 4073 uraverunt
1313 4010 1414 4075 etiam

359 4085 425 4150 duo
447 4085 556 4153 cleriei
585 4096 684 4152 nuntii
711 4099 790 4172 regis
814 4101 934 4178 Anglioe
959 4110 992 4167 in
1016 4130 1139 4184 persona
1164 4108 1258 4195 regis.
1306 4120 1415 4176 Eorum

358 4207 438 4253 vero
455 4187 683 4274 juramentum
698 4194 757 4278 qui
778 4196 958 4269 abfiierunt
972 4214 1096 4275 dilstnn
1114 4222 1160 4276 oet
1177 4237 1269 4294 usque
1287 4220 1319 4278 in
1336 4227 1413 4281 octa
1511 4265 1515 4271 ·

358 4296 410 4353 bas
428 4289 651 4382 apostolorum
673 4301 756 4359 Petri
774 4311 806 4362 et
822 4308 915 4369 Peuli.

391 4504 496 4559 ¹Cv'rea
507 4506 683 4578 Pentecosten]
697 4511 864 4567 Takenlrom
910 4524 983 4572 1442.
1023 4523 1064 4577 (lt
1087 4527 1179 4592 Itpistt
1202 4530 1331 4585 Frederici
1355 4538 1413 4602 (ap.

357 4584 459 4636 aleces·
477 4587 578 4651 printed
596 4590 714 4655 byGiles
725 4591 793 4644 from
804 4594 862 4647 MS.
906 4598 1011 4663 irater,
1030 4602 1051 4655 i.
1073 4607 1157 4670 428„
1178 4608 1261 4676 Epist
1284 4612 1353 4677 viii.;
1378 4618 1411 4667 ad

356 4662 483 4715 Iambetli
496 4671 553 4727 les,
564 4667 591 4720 S.
604 4668 635 4720 Τ.
647 4668 678 4721 G.
690 4669 716 4721 ii
728 4676 861 4735 ree-2663
907 4678 1049 4732 Henricum
1060 4684 1177 4739 comitem
1187 4688 1333 4744 rrecamn

358 4742 400 4795 cf.
417 4742 450 4793 R
467 4745 500 4797 de
519 4745 622 4810 Diceto,
632 4747 651 4799 i.
662 4754 730 4811 8³13
748 4750 776 4803 S.
787 4752 818 4803 T.
831 4753 861 4815 0,
939 4756 1014 4828 ἘΠ
1028 4762 1121 4826 linc.

356 4818 392 4873 iv.
415 4826 483 4884 2⁶⁴3
505 4824 602 4889 Labbe,
626 4823 704 4878 cone.
727 4842 756 4881 x.
781 4834 863 4882 1440-
