3646 5720
457 935 523 999 300
657 948 819 999 orevisii
842 950 1001 1000 nossem
1024 950 1298 1001 cinruffliirsis

278 1114 426 1188 vsuites.
457 1126 478 1152 “
497 1127 552 1184 Dei
570 1136 600 1184 et
617 1146 712 1185 meam
730 1130 870 1187 incurrat.
906 1130 998 1187 Vobis
1023 1131 1112 1187 etiem
1139 1130 1362 1205 archiepiscopii
1389 1136 1419 1187 ct
1444 1132 1503 1204 cpi·

322 1191 410 1236 ³¹⁹⁰*
456 1208 475 1234 “
494 1211 590 1283 scopis
606 1212 724 1278 mendo,
743 1219 786 1280 ut,
805 1231 858 1285 per
880 1219 1095 1269 sacramentnm
1119 1214 1197 1284 quod
1220 1214 1312 1269 miehi
1329 1212 1449 1279 fecistis,
1473 1219 1504 1270 et

456 1292 474 1317 “
493 1311 545 1364 per
568 1294 656 1349 fidem
682 1310 770 1367 quam
797 1296 859 1351 Deo
886 1301 916 1351 et
942 1296 1033 1352 michi
1058 1295 1181 1361 debetis,
1209 1296 1239 1350 in
1264 1295 1375 1351 sinodis
1399 1296 1503 1351 vestris

454 1374 695 1448 “sollempniter
712 1377 840 1434 accensis
858 1378 986 1435 candelis
1009 1377 1263 1434 excommunicetis
1287 1382 1317 1433 ct
1340 1394 1502 1432 excommu-

454 1457 474 1484 “
492 1458 590 1514 nieaie
607 1459 722 1516 facietis
740 1476 839 1516 omnes
856 1461 924 1516 illos
951 1461 1002 1532 qni
1026 1461 1102 1516 hano
1129 1460 1254 1517 divisam
1278 1477 1373 1515 meam
1400 1459 1504 1514 inirin-

454 1540 474 1564 “
492 1557 560 1609 gere
586 1542 833 1615 praeimpiorint.
869 1543 910 1599 Et
936 1542 1037 1600 scitus
1063 1543 1142 1616 qnod
1169 1542 1306 1599 dominus
1330 1559 1408 1615 papa
1427 1542 1503 1600 hano

453 1623 473 1648 “
492 1621 616 1679 divisam
642 1641 738 1680 meam
767 1632 798 1682 et
826 1625 935 1698 scripto
961 1631 992 1683 et
1017 1626 1116 1699 sigillo
1141 1644 1194 1683 suo
1223 1626 1416 1692 confirmavit,
1448 1626 1503 1682 sub

452 1706 471 1732 ‘⁴
492 1705 729 1764 interminatione
745 1709 969 1767 anathematis?

284 1805 401 1902 {kaupo
497 1789 551 1854 Ne
572 1796 685 1856 autem
706 1791 773 1858 ista
794 1792 934 1880 alicujus
955 1797 1027 1859 arte
1049 1793 1102 1859 vel
1130 1792 1297 1858 industria
1326 1789 1502 1908 depravari

284 1906 389 2002 {pone
367 1890 506 1961 eorvcl
528 1892 651 1958 mutari
673 1893 864 1973 valerent,
855 1898 929 1959 mt
914 1894 1021 1960 tribus
1043 1894 1123 1961 loeis
1145 1895 1239 1982 regni
1262 1893 1314 1958 sni
1336 1892 1501 1979 principa·

450 1990 537 2057 libus
564 1992 668 2078 jussit
697 1995 762 2062 hoc
791 1995 952 2081 scriptum
982 2017 1056 2062 cum
1089 1995 1206 2082 sigillis
1236 1994 1397 2082 appositis
1427 1993 1504 2058 dili·

449 2093 583 2177 gentius
612 2096 789 2162 reservari:
811 2096 1010 2163 videlicet
1001 2118 1037 2161 in
1068 2096 1204 2164 eeclesia
1235 2095 1475 2172 Cantuariaef
1466 2116 1503 2160 ui

450 2193 546 2259 cofris
568 2195 645 2273 suis,
668 2197 733 2262 οι
724 2219 760 2261 in
782 2197 937 2265 thesemo
951 2197 1140 2265 wintonia.
1186 2198 1260 2279 Quo
1275 2198 1371 2274 fecto,
1394 2201 1501 2262 trans·

283 2309 398 2405 milne
450 2294 588 2362 fretavit
609 2319 676 2376 rex,
698 2304 733 2364 et
754 2300 797 2366 ab
820 2301 972 2366 omnibus
994 2300 1223 2366 transmarinis
1246 2305 1286 2364 ut
1307 2322 1368 2364 rex
1389 2299 1501 2384 pacifi-

281 2363 443 2515 ffingipffl
452 2419 518 2473 cus,
541 2404 580 2463 ut
609 2400 721 2486 magni
744 2401 870 2467 consilii
894 2402 1039 2488 angelus,
1062 2424 1136 2468 cum
1168 2401 1291 2466 honore
1314 2405 1349 2464 et
1379 2399 1502 2485 gaudio

452 2506 623 2586 susceptus
653 2507 711 2578 est,
742 2504 800 2587 qui
826 2504 862 2567 in
892 2503 986 2568 brevi
1018 2503 1174 2589 prudenti
1206 2500 1343 2568 consilio
1370 2505 1501 2565 tantam

451 2602 733 2686 perturbationem
756 2609 791 2668 et
812 2603 977 2689 principes
999 2602 1150 2669 turbidos
1173 2603 1369 2688 pacificavit,
1400 2607 1435 2665 et
1458 2600 1502 2665 ad

450 2723 511 2766 sue
544 2704 670 2788 pecatis
692 2704 860 2769 mentibus
896 2704 1003 2769 redire
1040 2704 1211 2790 persuasit.
1256 2702 1365 2768 Deum
1388 2702 1501 2786 itaque

451 2809 486 2869 et
507 2827 617 2892 regem
640 2805 772 2892 Angliee
794 2806 1024 2894 glorificabant
1045 2807 1135 2894 pacis
1157 2811 1330 2882 amatores,
1352 2803 1408 2890 qui
1426 2808 1500 2868 tan-

414 2902 418 2909 ’
451 2910 521 2971 tam
544 2907 580 2970 iii
603 2912 672 2972 tam
695 2907 789 2972 brevi
811 2908 855 2973 ed
877 2907 1038 2974 nichilum
1061 2907 1223 2973 malitiam
1245 2906 1381 2992 redegit.

403 3006 648 3092 asumpsit
670 3008 805 3073 initium
827 3009 890 3075 hoc
912 3030 1000 3074 anno
1026 3016 1116 3074 secta
1139 3008 1364 3093 Cepntiorum.
1410 3006 1502 3070 Dum

451 3108 539 3171 enim
562 3108 825 3173 Brebacanorum
847 3110 884 3173 in
906 3110 996 3195 pacis
1017 3115 1180 3174 amatores
1201 3114 1291 3173 secta
1310 3108 1451 3183 saeviret,
1468 3113 1504 3173 et

297 3192 363 3274 ”012⁰
416 3245 428 3276 ι
451 3208 607 3274 universe
622 3208 686 3274 sibi
708 3209 896 3274 resistentia
918 3211 989 3274 sine
1005 3209 1134 3274 delectu
1152 3208 1358 3284 conditionis,
1375 3208 1502 3273 ordinis

281 3293 296 3323 ⁰
341 3292 354 3323 ⁰
400 3343 435 3375 na
451 3309 505 3374 vel
527 3309 646 3387 aetatis,
668 3310 791 3396 absque
813 3310 1037 3376 misericordia
1068 3313 1247 3384 vastarent,
1269 3308 1327 3373 sed
1360 3329 1420 3373 nee
1450 3330 1501 3374 cc·

450 3411 555 3476 elesiis
578 3416 758 3496 pertenent,
779 3412 999 3497 confugerunt
1023 3410 1070 3475 'ad
1093 3408 1155 3475 'eos
1186 3409 1299 3474 exules
1321 3409 1444 3495 quique
1467 3413 1503 3474 et

448 3512 596 3588 infames,
619 3511 782 3587 monachi,
804 3512 963 3590 canonici,
994 3510 1161 3587 moniales,
1194 3510 1252 3575 sed
1286 3516 1320 3574 et
1342 3510 1502 3595 cujusque

448 3613 572 3679 ordinis
605 3613 750 3700 fugitivi,
773 3612 957 3697 habituque
988 3617 1125 3688 mutato,
1156 3610 1308 3676 nefandis
1329 3609 1503 3675 lenociniis

447 3716 635 3781 incumbere
651 3736 718 3781 non
734 3713 913 3781 cessabant.
954 3712 1038 3778 Cum
1054 3710 1179 3799 igitur¹
1195 3711 1288 3777 fere
1278 3732 1315 3775 in
1329 3711 1501 3776 infinitum

446 3816 509 3882 hoc
529 3816 627 3882 modo
649 3821 837 3891 crescerent,
853 3834 1069 3900 quacumque
1091 3811 1194 3879 oculis
1212 3812 1325 3877 videre
1347 3817 1503 3896 poterant

446 3939 507 3982 sua
529 3939 598 3982 esse
620 3917 782 3983 dicebant.
828 3914 994 3980 Dolebant
1015 3936 1092 4000 ergo
1121 3913 1185 3979 hac
1214 3914 1317 3998 pressi
1332 3913 1501 4000 'maligni-

447 4023 518 4083 tate
541 4018 606 4082 viri
629 4038 768 4103 quorum
791 4016 882 4080 Deus
905 4014 1063 4100 tetigerat
1084 4014 1190 4090 eorde,
1213 4019 1256 4089 et,
1280 4013 1394 4077 dum
1385 4035 1423 4078 in
1446 4036 1502 4079 eos

448 4119 568 4183 mutire
590 4138 658 4182 non
673 4117 842 4192 auderent,
859 4115 945 4178 Eum
968 4113 1026 4199 qui
1048 4114 1191 4179 conterit
1212 4113 1301 4179 bella
1321 4114 1502 4199 gemitibus

447 4227 482 4284 et
512 4219 656 4285 lacrimis
689 4222 804 4282 eontra
834 4220 964 4280 tentam
998 4212 1149 4299 pestem²
1183 4213 1373 4279 exorabant
1420 4215 1503 4281 Erat

446 4321 573 4385 interea
594 4319 648 4383 vir
670 4317 804 4403 quidam
834 4316 870 4379 in
892 4314 1052 4379 Alvernia
1081 4313 1187 4378 fidelis
1221 4318 1256 4379 et
1284 4315 1405 4400 justus,
1429 4322 1502 4381 erte

446 4423 539 4488 seber
559 4421 720 4508 lignarius
742 4425 777 4484 et
798 4418 905 4483 beaw
927 4416 1058 4502 Virgini
1089 4417 1185 4482 valde
1216 4415 1365 4483 devotus.
1412 4419 1503 4485 Huic

448 4524 485 4587 in
506 4523 633 4587 visione
655 4519 762 4585 noetis
784 4517 940 4603 apperuit
960 4516 1058 4582 beata
1080 4515 1176 4602 virgo
1190 4516 1305 4593 Maria,
1324 4517 1439 4585 dicens
1461 4521 1501 4598 ei,

483 4816 591 4881 Upim]
604 4829 655 4866 oni.
668 4814 698 4865 C.
969 4810 974 4875 Ι
1021 4808 1144 4875 '12⁶⁸th
1159 4809 1336 4873 pestilentiam,
1347 4810 1378 4864 (2.
