3646 5720
542 952 545 960 J
580 902 582 906 “
707 918 819 970 orme
841 918 1033 973 msroarcr.
1329 907 1393 978 275

339 1093 582 1183 chiepiscopum
614 1097 708 1178 adiit,
730 1098 992 1168 benedictionem
1026 1100 1217 1188 postulavit
1262 1100 1394 1167 Annuit
1404 1103 1549 1212 “ffffl

337 1196 600 1286 archiepiscopus
622 1200 719 1266 electi
740 1203 965 1288 petitionibus,
980 1208 1016 1270 et
1037 1203 1184 1270 debitam
1206 1201 1271 1267 sibi
1293 1204 1393 1290 petiit
1404 1216 1552 1310 rapuisses

337 1299 579 1384 professionem.
637 1302 783 1372 conane
821 1305 925 1393 egam
961 1306 1085 1383 meio,
1119 1270 1560 1420 enmmemesspffiffi

336 1401 488 1468 monaehi
524 1403 641 1490 primo,
674 1404 730 1470 sed
769 1405 805 1470 in
842 1406 1001 1493 proximo,
1035 1406 1209 1473 redeuntes
1245 1406 1290 1472 ad
1327 1418 1528 1513 cormones

336 1510 571 1573 consenserunt
601 1510 642 1571 ut
672 1504 795 1573 electus
828 1530 908 1574 suris
941 1508 1170 1594 profiteretur3
1199 1508 1247 1575 sic
1276 1512 1390 1575 tamen
1401 1517 1548 1572 coisnon.

335 1609 375 1668 ut
407 1605 443 1669 in
476 1605 612 1673 ecclesia
642 1604 873 1675 Oantuariensi
907 1629 975 1675 non
997 1609 1099 1688 fieret,
1122 1615 1157 1676 et
1190 1610 1227 1674 in
1258 1610 1390 1677 scedula

333 1706 526 1790 professioni
549 1708 816 1789 subscriberetur,
839 1719 856 1747 “
869 1710 982 1778 Salvis
1003 1712 1175 1797 utriusque
1204 1711 1388 1798 privilegiis

333 1815 350 1841 “
372 1808 541 1877 ecclesise.”
586 1809 792 1898 Responsum
807 1817 858 1878 est
871 1813 986 1879 abbati
1001 1819 1041 1878 ut
1062 1812 1304 1902 archiepiscopo
1327 1835 1387 1880 suo

332 1909 478 1978 debitam
501 1917 536 1979 et
569 1914 759 1981 canonicam
792 1885 1026 2001 professionein
1048 1914 1178 1992 iaceret,
1201 1920 1236 1981 et
1266 1914 1386 1982 deinde

331 2032 398 2078 non
421 2035 464 2078 ex
497 2013 619 2101 scripto
650 2016 708 2081 sad
738 2037 781 2081 ex
814 2015 911 2082 corde
944 2015 1087 2098 diceret;
1117 2015 1244 2083 “Salve
1271 2021 1386 2084 sancta

331 2122 348 2167 ‘1‘
371 2115 515 2201 parans,”
548 2116 603 2183 vel
638 2117 756 2184 “salve
789 2117 876 2185 festa
907 2117 1006 2196 dies,”
1033 2116 1088 2185 vel
1120 2117 1247 2184 “salvis
1279 2118 1540 2222 puri-mpod!

331 2222 348 2249 “
370 2215 491 2302 legiis,''
512 2217 567 2283 vel
589 2217 754 2304 quidlibet
786 2218 886 2285 aliud
932 2218 1053 2285 Noluit
1075 2219 1177 2286 abbas
1199 2220 1489 2286 consentirem*

329 2335 389 2382 neo
411 2317 463 2383 sui
485 2317 647 2396 monachi,
670 2319 728 2386 sed
742 2323 814 2386 toto
829 2324 950 2386 conatu
964 2321 1136 2407 scripturae
1158 2320 1382 2389 intenderamt.

329 2416 454 2484 Renuit
489 2420 625 2486 tandem
662 2419 924 2508 archiepiscopus
957 2423 1045 2508 quod
1078 2420 1222 2508 petitum
1260 2427 1311 2488 est
1348 2429 1383 2489 et

327 2517 483 2585 frivolum
505 2521 683 2607 reputavit,
705 2542 748 2588 ne
771 2521 1020 2589 Oantuariensis
1043 2522 1187 2590 ecclesia
1208 2523 1381 2610 antiquam

326 2619 524 2707 dignitatem
561 2622 769 2701 diminuerat,
799 2644 986 2710 novamque
1016 2628 1052 2690 et
1083 2624 1269 2689 inauditam
1306 2647 1380 2711 pro-

326 2721 443 2788 fitendi
465 2723 603 2790 formam
620 2724 850 2793 introduceret
896 2726 1058 2815 Rogeriim
1072 2725 1176 2813 igitur
1193 2724 1379 2792 Romanum
1393 2752 1530 2849 Ἥρω,

325 2826 410 2890 adiit
441 2827 639 2913 pontificem,
666 2828 761 2913 eique
791 2826 959 2903 ecelesiam
991 2848 1086 2894 suam
1118 2826 1242 2893 faciens
1273 2827 1377 2892 tribu·
1390 2806 1539 2902 isneida·

324 2926 451 3006 teriam,
474 2929 599 2995 curiam
630 2927 813 2995 Romanam
843 2929 881 2994 in
914 2928 1027 2996 odium
1052 2926 1300 2994 Oantuarienaie
1326 2907 1521 3009 ar·i0}l.l'¹¹⁷¹'

324 3027 521 3116 chiepiscopi
544 3050 748 3116 quocumque
773 3031 886 3116 potuit
907 3029 1076 3096 molimine
1110 3026 1272 3108 incitavit,
1295 3031 1378 3096 adeo

323 3134 363 3193 ut
395 3130 433 3195 in
456 3131 689 3200 contumeham
722 3130 957 3228 archiepiscopi
986 3130 1101 3198 abbati
1131 3129 1291 3198 consonet
1326 3132 1377 3197 in-

323 3230 438 3318 signia

684 3469 1015 3538 naamani-1.
1402 3513 1525 3562 mus.

365 3617 524 3706 Rogerius
546 3618 647 3686 rediit
679 3619 716 3685 in
737 3619 903 3707 hngm
925 3616 1033 3685 elatus
1063 3614 1241 3683 admodum
1272 3574 1509 3723 areleffi

319 3725 354 3785 et
380 3721 489 3799 mitra,
512 3721 646 3788 domino
669 3720 902 3788 cantuariensi
935 3719 1064 3785 litteras
1097 3737 1193 3805 papae
1216 3715 1372 3795 deferens,
1383 3725 1484 3829 {m

318 3825 358 3886 ut
380 3843 456 3887 eum
478 3823 515 3887 in
537 3822 672 3890 ecclesia
693 3823 775 3890 eua¹
790 3823 913 3909 absque
935 3820 1134 3908 professione
1155 3817 1370 3884 benediceret

316 3921 570 4010 Archiepisoopo
588 3929 704 3991 autem
727 3925 771 3990 ad
792 3929 862 3990 tam
885 3943 1017 3989 enorme
1048 3940 1228 4009 gravamen
1258 3918 1370 4005 appel·

316 4021 416 4102 laute,
430 4025 618 4092 benedictio
631 4024 691 4092 illa
705 4046 863 4113 suspensa
884 4029 942 4091 ast
980 4022 1141 4112 Rogerira
1157 4022 1262 4109 igitur
1275 4018 1369 4100 olam,

314 4124 414 4211 regiis
443 4126 600 4191 suffultus
630 4125 761 4205 litteris,
783 4126 892 4193 denuo
923 4124 1062 4191 Romam
1096 4127 1221 4210 petens,
1242 4121 1369 4187 animo·
1379 4132 1523 4230 mil?

314 4226 447 4293 sitatem
478 4249 573 4315 papae
594 4228 777 4299 Alexandri
798 4228 836 4293 in
866 4226 1147 4317 archiepiscopum
1179 4223 1285 4310 magia

313 4328 433 4406 candit,
455 4330 550 4415 quasi
571 4330 609 4396 in
630 4329 773 4397 Romani
805 4327 973 4415 pontificis
1002 4325 1160 4413 praecepti
1185 4330 1367 4410 transgres-

312 4449 426 4496 sorem.
473 4429 601 4498 Citati⁸
633 4435 714 4499 sunt
743 4431 871 4497 interea
907 4428 1038 4516 praelati
1069 4433 1192 4494 sanotoe
1222 4424 1367 4503 eeclesiae

311 4531 356 4597 ad
370 4532 545 4600 concilium
568 4553 663 4621 papae
677 4532 862 4600 Alexandri
882 4533 919 4596 in
941 4530 1093 4618 proxima
1109 4526 1367 4614 Quadregesima

343 4814 659 4883 ¹m10nsn.,in..c,
836 4807 1257 4952 wenemecumbe.

1166 4904 1185 4953 e
