3628 5728
714 892 828 947 OPERA
847 891 1041 946 msuonlca
1332 878 1398 943 503

343 1088 441 1156 bosco
467 1109 511 1154 ex
536 1091 677 1175 utraque
699 1093 795 1176 parte
816 1092 930 1156 strata
953 1087 1053 1177 regiae
1083 1086 1157 1154 de
1143 1109 1219 1175 Jure
1244 1086 1336 1174 regio
1362 1088 1397 1150 ιι
1426 1097 1483 1143 an.
1458 1098 1551 1203 ugnsi.

344 1191 431 1256 dono
462 1206 519 1257 eos
548 1191 770 1278 contingebat,
793 1191 880 1258 sicut
909 1213 969 1278 per
998 1195 1123 1258 certum
1152 1212 1246 1256 suam
1272 1189 1396 1255 eisdem
1408 1213 1541 1269 moesia

343 1293 604 1373 confirmaverat,
626 1316 702 1361 curn
744 1295 833 1380 apud
872 1291 1086 1360 cantuariam
1123 1290 1457 1410 peregrinationiscan
1407 1265 1529 1411 Qec

301 1396 306 1407 “
344 1417 413 1461 ιιιι
441 1396 507 1461 iter
539 1397 689 1483 arripuit
736 1397 988 1513 Occupavorant
1014 1396 1103 1463 enim
1132 1396 1237 1461 vicini
1260 1364 1522 1482 quidemr-ream

343 1502 472 1616 purtem
494 1520 648 1588 agrorum
663 1506 698 1566 et
716 1500 868 1578 nemoris,
884 1500 972 1565 unde
992 1504 1108 1566 contra
1126 1502 1251 1564 cartam
1271 1497 1396 1584 regiam

343 1601 418 1666 et
408 1602 513 1688 1psius
535 1623 655 1689 puram
680 1602 893 1685 elemosinam
914 1601 1042 1667 nullam
1063 1601 1233 1668 habebunt
1253 1599 1397 1666 auctori-

344 1707 456 1770 tatem
503 1704 565 1771 nse
589 1712 704 1772 autem
725 1711 817 1774 curta
838 1706 925 1794 regis
947 1705 1037 1771 huno
1057 1704 1184 1770 habens
1206 1703 1362 1768 modum:

381 1820 555 1877 “Ricardus
591 1821 647 1877 Dei
683 1823 781 1894 gratia
810 1840 863 1877 rex
891 1820 1021 1893 Anglise,
1051 1820 1112 1876 dux
1148 1818 1337 1876 Ncrmannias
1366 1821 1557 1924 sticchard’phe

344 1904 364 1932 “
381 1904 578 1975 Aquitanniae,
616 1922 712 1962 comes
750 1904 939 1978 Andagavioe,
973 1903 1206 1977 archiepiscopis,
1238 1900 1392 1973 episcopis,
1406 1885 1506 1970 mos
1614 1946 1617 1952 ,

345 1989 365 2016 “
383 1988 545 2056 abbatibus,
572 1989 736 2055 comitibus,
762 1989 930 2056 baronibus,
955 1987 1136 2088 justitiariis,
1162 1983 1394 2050 vicecomitibus,
1406 1973 1514 2075 affl?
1499 1976 1563 2021 ⁰0²⁰

344 2074 365 2101 ⁴‘
384 2078 414 2128 ιι
440 2073 574 2130 omnibus
601 2075 745 2132 ministris
776 2082 807 2132 ιι
832 2076 967 2131 fidelibus
993 2075 1054 2131 suis
1080 2073 1201 2131 Ebaucis
1225 2076 1255 2127 ιι
1284 2068 1394 2140 Anglis
1406 2075 1477 2119 dated
1485 2056 1514 2121 ai

343 2158 364 2187 “
383 2158 517 2214 salutem.
554 2159 659 2216 Sciatis
676 2178 729 2216 nos
746 2179 799 2233 pro
814 2177 912 2217 amore
929 2161 985 2216 Dei
1003 2164 1034 2215 et
1050 2159 1130 2215 beati
1145 2158 1266 2213 'l'homrc
1284 2159 1393 2226 marty·
1382 2124 1558 2229 -gffibffij

344 2243 363 2270 “
382 2244 434 2308 ιιι,
455 2248 486 2298 ιι
502 2260 555 2316 pro
579 2245 674 2300 salute
699 2249 811 2309 nostra,
831 2244 962 2299 omnium
979 2247 1192 2299 antecessorum
1222 2248 1253 2298 ιι
1281 2229 1464 2298 succes-1²⁸⁹·

343 2329 363 2355 “
382 2344 480 2383 ιοιιιι
509 2333 684 2395 nostrorum,
703 2328 882 2386 concessisse
909 2334 940 2384 et
964 2326 1088 2393 dedisse,
1109 2331 1140 2383 et
1157 2328 1295 2400 prasenti
1312 2332 1395 2384 carta

343 2414 363 2441 “
383 2414 567 2471 confirmasse
585 2416 618 2471 iu
634 2416 757 2472 liberam
792 2421 821 2472 ιι
838 2432 943 2489 param
960 2418 991 2470 ιι
1008 2417 1180 2486 perpetuam
1203 2412 1394 2469 elemosinam

237 2552 242 2560 ,
342 2497 362 2524 “
375 2496 452 2564 ’Βιο,
470 2505 501 2555 ιι
523 2500 674 2557 monachis
691 2500 723 2555 iu
741 2499 865 2557 ecclesia
887 2497 1091 2575 cantuariensi
1107 2497 1171 2552 Deo
1188 2495 1393 2565 servientibus,

343 2583 364 2611 “
383 2587 477 2639 totum
488 2584 609 2642 boscum
626 2593 757 2642 nostrum
775 2586 811 2643 de
822 2586 896 2642 Blen
913 2585 946 2639 in
963 2585 1053 2655 longo
1065 2587 1096 2638 ιι
1111 2583 1173 2638 lato
1190 2600 1258 2638 cnm
1276 2583 1394 2639 essartis

344 2666 364 2693 “
383 2666 518 2721 omnibus
545 2667 676 2739 ejusdem
694 2667 785 2735 bosci,
797 2673 834 2724 ‘et
851 2666 985 2723 omnibus
1003 2665 1089 2721 terris
1113 2668 1144 2720 et
1166 2663 1331 2720 redditibus
1356 2664 1394 2720 ad

343 2748 363 2776 ‘⁶
383 2748 508 2805 eundem
525 2750 645 2806 boscum
663 2751 888 2822 pertinentibus,
910 2748 991 2805 salvo
1013 2753 1129 2804 tantum
1145 2765 1205 2803 uno
1222 2747 1391 2815 summario,

343 2833 364 2860 ‘¹
384 2850 471 2904 quem
500 2840 584 2905 pater
613 2839 711 2890 noster
739 2835 772 2890 in
801 2833 990 2891 elemosinam
1019 2832 1164 2888 concessit
1193 2830 1323 2891 ecclesie
1362 2838 1393 2889 ιι

344 2917 364 2944 “
383 2917 530 2975 ιιιοιιιιι
550 2919 650 2977 Sancti
669 2918 804 2992 Gregorii
821 2919 854 2974 in
871 2918 973 2975 eodem
989 2918 1087 2983 bosco,
1109 2922 1139 2972 ιι
1156 2921 1239 2973 carta
1255 2934 1308 2972 sna
1324 2934 1392 2973 con·

344 3008 364 3035 “
381 3005 517 3061 firmavit
554 3004 746 3061 Prohibemus
769 3009 869 3060 autem
885 3021 923 3059 ne
940 3002 1103 3071 vicecomes
1121 3001 1169 3058 vel
1190 3000 1318 3057 ministri
1337 3004 1393 3069 sui,

343 3094 363 3120 ‘⁶
381 3091 430 3148 vel
451 3091 556 3163 aliquis
574 3090 658 3157 aliua,
676 3090 712 3145 de
730 3089 831 3145 eodem
849 3076 992 3144 bosco’de
1011 3091 1115 3142 caetero
1134 3104 1165 3142 se
1183 3086 1393 3155 intromittant,

341 3177 362 3204 ⁴‘
380 3175 439 3231 nisi
456 3175 514 3249 ipsi
532 3180 562 3231 ιι
581 3174 685 3231 bailivi
703 3173 749 3231 sui
767 3190 838 3245 quos
855 3173 896 3229 ibi
915 3189 968 3246 pro
985 3171 1135 3227 voluntate
1152 3187 1205 3227 sua
1222 3177 1393 3243 posuerunt.

342 3261 477 3330 “Quare
505 3260 641 3317 volumus
670 3264 701 3315 ιι
739 3259 862 3315 firmiter
891 3256 1078 3330 precipimus
1117 3255 1196 3327 quod
1227 3255 1291 3326 jam
1321 3255 1394 3312 dicti

341 3345 361 3372 “
381 3344 517 3400 monaehi
540 3343 668 3399 habeant
685 3348 716 3401 et
742 3346 860 3398 teneant
883 3341 1058 3414 pradictum
1074 3340 1195 3397 boscum
1212 3340 1256 3396 ita
1272 3340 1346 3397 bene
1364 3344 1394 3396 et

342 3430 362 3457 “
381 3430 413 3484 in
430 3447 511 3502 pace,
536 3429 628 3485 libere
652 3433 683 3484 et
708 3428 815 3500 quiete,
836 3426 994 3483 honorifice
1018 3431 1048 3481 ιι
1071 3426 1211 3498 plenarie,
1233 3425 1310 3481 siout
1339 3416 1416 3481 un?

342 3515 363 3542 ‘⁸
381 3531 469 3585 quam
493 3518 578 3585 pater
602 3518 705 3569 noster
729 3513 855 3568 eundem
880 3511 1001 3566 boscum
1028 3510 1151 3566 liberius
1168 3514 1198 3565 ιι
1227 3509 1332 3565 ιιιΙιιι
1362 3515 1394 3566 ιι

342 3597 495 3668 “plenius
524 3597 629 3653 tenuit.
665 3596 801 3651 'Postibus
821 3593 988 3651 Baldevino
1015 3592 1227 3658 cantuariensi,
1248 3592 1390 3649 Walterio

340 3683 361 3710 “
381 3681 619 3752 Rothomsgensi,
638 3680 770 3736 Johanne
799 3677 974 3734 Dnblinensi
990 3676 1232 3750 archiepiscopis3
1264 3676 1393 3749 Hugone

342 3768 361 3795 ‘⁴
381 3766 580 3832 Dunelmensi,
612 3764 776 3836 Reginaldo
802 3761 1002 3828 Bathcniensi,
1032 3760 1157 3830 Hugone
1181 3761 1391 3829 Lincolniensi,

341 3852 360 3878 “
380 3850 507 3922 Hugone
538 3846 768 3911 conventrensi,
812 3844 971 3901 codefrido
1005 3843 1213 3909 Wintoniensi,
1256 3843 1392 3902 Huberto

341 3936 361 3963 ‘⁴
380 3932 591 3992 Saresberiensi
611 3930 770 4003 episcopis,
789 3929 922 3985 Johanne
939 3929 1045 3984 comite
1064 3927 1239 3993 Moretonii,¹
1264 3929 1392 3987 Roberto

341 4019 361 4047 “
380 4017 486 4074 comite
515 4014 692 4080 leicestria,
717 4013 875 4069 Hemalinc
904 4012 1011 4068 comite
1034 4011 1211 4078 Warenniae,
1241 4012 1390 4070 Willelmo

340 4103 362 4131 “
379 4100 486 4158 comite
511 4097 724 4156 saresberiensi
729 4120 739 4163 3
759 4096 893 4152 Johannc
916 4095 1097 4161 Mmescallc,
1111 4094 1260 4151 Willelmo
1281 4095 1391 4152 Mares-

340 4188 360 4215 ⁴‘
380 4186 464 4250 callo,
477 4183 625 4240 Willelmo
645 4180 683 4236 de
707 4180 873 4245 sessevilla,
887 4178 1035 4237 Willelmo
1058 4178 1095 4235 de
1119 4177 1228 4235 Sancto
1246 4179 1390 4247 Jcbanne,

340 4272 360 4299 ⁴‘
377 4268 527 4326 Willelmo
544 4266 605 4321 fflio
626 4263 755 4330 Adelmi,
781 4264 953 4323 Beitramno
976 4261 1013 4318 de
1024 4261 1153 4327 Verdon,
1173 4261 1313 4318 (lanfrido
1330 4263 1392 4319 filio

340 4356 361 4384 “
379 4352 472 4417 Petri,
493 4350 621 4423 Rogerio
639 4350 699 4406 tilio
717 4347 877 4419 Reinfiidi,
898 4347 1048 4404 Gileberto
1065 4346 1186 4419 Pipard,
1205 4346 1335 4403 Roberto
1352 4348 1389 4404 de

340 4439 360 4468 “
378 4435 527 4495 Witefelc
565 4436 675 4492 Datum
692 4452 745 4507 per
764 4451 884 4489 manum
901 4432 1044 4488 Willelmi
1068 4430 1232 4487 cancellarii
1249 4431 1341 4488 nostri
1361 4439 1393 4489 ιι

339 4522 359 4550 “
378 4520 505 4577 Eliensis
526 4519 612 4576 electi
635 4517 712 4591 apud
732 4516 922 4575 cantuariam
938 4516 1035 4588 prima
1055 4514 1104 4571 die
1125 4514 1296 4571 Decembris
1314 4533 1392 4573 anno

339 4607 361 4638 “
378 4606 474 4679 primo
490 4603 575 4677 regni
591 4601 713 4659 nostri.'’

571 4822 745 4893 morrona]
757 4820 877 4885 nitria,
887 4821 923 4875 Δ.
934 4821 985 4898 Ite
1001 4820 1116 4884 Μιιιιι,
1127 4819 1157 4874 c.
