3572 5744
404 869 448 931 84
608 882 770 932 onnvssu
792 880 952 931 uousom
975 878 1248 931 crururmsusrs

591 1595 922 1688 CHRONICA
954 1594 1278 1687 GERVASII.

765 1800 1081 1810 ————--—

514 1960 705 2029 INGRESSUS
728 1980 777 2028 AD
799 1979 988 2029 PROLOGUM
1012 1979 1134 2028 OPERIS
1156 1976 1351 2037 SEQUENTIS.

239 2152 397 2246 momnpgn
453 2137 531 2204 Tris
560 2146 646 2217 sunt,
672 2140 845 2206 karissime
868 2141 978 2217 frater,
1004 2162 1078 2226 quse
1102 2139 1247 2205 maxime
1271 2159 1375 2224 genus
1397 2137 1458 2202 hu-

238 2203 396 2349 iffiipum
408 2262 544 2306 monum
566 2242 765 2329 impugnant
787 2250 821 2309 et
845 2244 889 2309 od
911 2243 999 2309 mala
1029 2240 1187 2328 quaelibet
1216 2239 1458 2327 perpetrsnds¹

238 2314 374 2399 niolo.
408 2343 579 2430 instigant,
595 2345 750 2411 videlicet
765 2345 937 2423 daemonie,
953 2345 1105 2423 mundus,
1122 2352 1157 2409 et
1171 2365 1253 2410 coro.
1286 2342 1460 2410 Daemonia

408 2446 497 2512 enim
520 2447 608 2512 melu
629 2455 813 2535 suggerunt
836 2449 871 2513 in
890 2448 1107 2535 cogitatione3
1131 2447 1274 2511 mundus
1296 2445 1401 2511 allicit
1422 2446 1459 2510 in

407 2569 516 2613 rerum
548 2549 754 2615 sensibilium
785 2551 911 2616 visibili
942 2550 1147 2628 ostensione;
1178 2570 1252 2614 earo
1279 2554 1391 2613 eutem
1418 2548 1459 2613 de

406 2650 496 2717 facili
527 2652 713 2718 concutitur
750 2675 793 2718 ex
822 2653 940 2719 innato
977 2652 1041 2718 sibi
1079 2652 1268 2738 fragilitate.
1330 2651 1459 2716 Horum

406 2753 520 2840 itaque
550 2754 684 2821 incursu
710 2754 833 2842 triplici
858 2755 995 2842 spiritus
1019 2776 1105 2840 saepe
1135 2754 1282 2827 vincitur
1311 2758 1351 2817 ut
1377 2775 1459 2840 opus

407 2876 548 2942 pravum
563 2878 659 2943 opere
676 2857 884 2943 compleatur.
919 2855 1116 2923 Daemonum
1131 2856 1297 2942 suggestio
1320 2855 1461 2942 pessimo

409 2967 468 3034 est,
484 2980 558 3043 quae
584 2965 730 3036 mentem
752 2958 896 3024 hominis
912 2959 1007 3044 quasi
1034 2980 1076 3023 ex
1098 2964 1193 3023 motu
1216 2958 1347 3044 proprio
1371 2957 1459 3023 frau-

409 3058 562 3124 dulenter
599 3060 762 3147 irrumpit,
793 3065 834 3125 ut
870 3060 908 3125 in
943 3060 1073 3126 foveam
1110 3059 1339 3145 temptationis
1368 3065 1403 3124 et
1424 3060 1461 3123 in

408 3165 547 3246 puteum
584 3183 697 3247 prevae
746 3162 934 3249 praecipitet
970 3162 1118 3227 actionis.
1177 3161 1295 3226 Mundi
1333 3182 1462 3247 quoque

408 3261 551 3349 gloriosa
575 3264 709 3329 vanitas
734 3264 788 3330 vel
812 3286 901 3330 vona
923 3263 1029 3351 gloria
1054 3269 1137 3350 quot
1160 3263 1196 3327 in
1220 3285 1255 3329 se
1280 3262 1382 3329 habet
1403 3263 1461 3328 ob

409 3363 624 3430 lectationum
648 3387 778 3452 genero,
803 3371 856 3432 tot
880 3367 916 3430 in
939 3365 1081 3453 captivis
1104 3365 1171 3430 suis
1195 3365 1297 3431 habet
1320 3370 1460 3451 temptu-

409 3465 540 3532 tionum
570 3466 726 3534 fomente.
774 3468 842 3534 Sed
867 3469 1031 3534 deteneat
1057 3473 1090 3533 te
1117 3467 1205 3553 quod
1231 3467 1360 3545 dicitur,
1384 3466 1462 3552 quia

410 3568 467 3653 qui
498 3568 642 3634 voluerit
679 3569 805 3636 amicus
843 3592 913 3635 esse
944 3569 1045 3636 seculi
1076 3568 1184 3655 hujus,
1215 3569 1368 3635 inimicus
1398 3567 1461 3633 Dei
1472 3581 1594 3677 ppetuu,

410 3672 631 3737 constituitur.
689 3671 810 3738 Melius
849 3679 901 3738 est
938 3680 1060 3750 sutem,
1092 3677 1127 3737 et
1163 3670 1463 3758 incomparabiliter
1498 3662 1531 3675 ”

409 3772 536 3851 melius,
551 3774 668 3839 mundi
690 3796 790 3860 quam
815 3773 880 3839 Dei
902 3796 971 3840 esse
994 3774 1172 3840 inimicum.
1219 3773 1337 3840 Carnis
1353 3769 1463 3838 enim²

410 3874 595 3942 miserenda
617 3877 777 3963 pernicies
800 3877 945 3942 maxime
967 3876 1117 3942 timenda
1139 3881 1197 3954 est,
1220 3876 1300 3962 quie
1321 3875 1462 3940 inevitor

409 3976 494 4055 bilis,
521 3983 680 4064 tantoque
711 3984 769 4044 est*
788 3978 831 4043 ed
861 3978 1045 4044 nocendum
1067 3979 1226 4064 promtior
1248 3981 1374 4064 quanto
1396 3977 1464 4062 pri·

409 4080 519 4145 ratior
555 4080 668 4146 hostis
727 4080 833 4146 Nulla
870 4080 960 4146 enim
999 4080 1101 4168 pestis
1136 4078 1295 4147 efficacior
1332 4085 1383 4145 est
1418 4079 1463 4144 ed

409 4182 594 4248 nocendum
610 4204 711 4268 quem
734 4183 906 4249 familiaris
929 4183 1092 4260 inimicus,
1108 4182 1203 4268 eujus
1218 4188 1342 4269 quanto
1357 4182 1462 4267 magis

410 4285 631 4351 necessarium
661 4285 865 4371 obsequium,
900 4290 997 4351 tanto
1027 4284 1103 4370 plus
1133 4284 1201 4350 doli
1231 4279 1464 4350 inevitabiles³

410 4391 445 4453 et
466 4386 685 4472 periculosum
708 4387 969 4453 contubernium.
1016 4386 1106 4452 Nom
1129 4388 1158 4452 si
1173 4387 1204 4451 ei
1226 4408 1268 4451 ne
1289 4385 1463 4451 insolescat

961 4543 1080 4552 -φ

446 4627 454 4661 ¹
462 4627 644 4694 perpetranda]
668 4627 845 4690 indesinenter,
864 4628 911 4679 ins.
993 4628 1004 4662 ³
1011 4627 1071 4693 plur
1089 4627 1141 4677 doli
1159 4627 1330 4694 inevitabiles]
1352 4625 1404 4678 doli
1423 4626 1463 4676 in·

410 4710 432 4763 0
960 4707 1111 4771 evitabilins,
1124 4707 1155 4760 C.

433 4746 453 4822 ‘¹
464 4786 540 4852 enim]
555 4800 625 4847 vero,
637 4786 667 4839 0.
