3662 5728
778 876 891 927 crum
913 876 1106 931 marcrici.
1399 867 1463 930 215

443 1059 464 1089 ‘⁴
475 1059 535 1117 111.
560 1061 669 1119 Omnee
698 1060 799 1118 clerici
829 1061 881 1135 qui
910 1062 1021 1118 habeut
1052 1060 1187 1120 redditus
1218 1061 1252 1118 in
1280 1061 1400 1135 Anglia,
1432 1067 1463 1118 et
1492 1071 1616 1118 nuncu.

408 1144 429 1174 ‘⁴
447 1150 517 1202 eunt
537 1149 619 1202 extra
635 1145 786 1218 Angliam
805 1151 1045 1203 summoueantur
1063 1164 1118 1218 per
1136 1164 1237 1203 omnes
1258 1147 1413 1223 comitatus
1432 1149 1463 1202 et
1474 1133 1612 1238 mg&

408 1228 429 1257 “
447 1229 621 1301 provinciae,
650 1230 729 1304 quod
758 1231 837 1286 infra
865 1231 974 1286 festum
1005 1230 1106 1286 Sancti
1131 1231 1251 1302 Hylarii
1280 1231 1402 1287 redeant
1431 1230 1558 1289 innenrs

407 1313 428 1340 ‘⁸
446 1313 597 1385 Angliam
627 1319 657 1370 ct
686 1314 712 1370 ei
738 1331 798 1370 non
822 1314 958 1370 venerint
988 1315 1026 1371 ad
1048 1315 1209 1370 terminum
1240 1315 1335 1385 illum,
1362 1286 1621 1382 omneafflffi

408 1397 429 1425 “
447 1396 590 1478 redditus,
606 1415 708 1455 eorum
734 1398 890 1470 capiantur
913 1400 945 1455 in
969 1417 1074 1456 manue
1098 1399 1210 1455 domiui
1236 1399 1327 1472 regia,
1347 1404 1378 1455 et
1406 1398 1621 1482 lpum

410 1480 430 1506 “
448 1480 509 1536 sint
533 1481 597 1538 cine
622 1500 673 1553 epe
699 1482 875 1538 revertendi.
912 1481 1164 1551 Eestvicooomitee
1182 1483 1292 1540 faciant
1316 1482 1373 1539 hcc
1390 1483 1566 1542 senatuum·

408 1565 428 1593 ‘⁴
449 1564 684 1638 archiepiscopis,
705 1565 850 1638 episcopie
868 1565 905 1621 de
922 1566 1083 1637 provinciis
1101 1568 1171 1623 auio.

444 1650 464 1677 “
477 1649 554 1704 IIII.
573 1648 666 1705 Nulla
682 1648 735 1705 fiat
758 1649 916 1721 appellatio
939 1648 977 1705 ad
998 1649 1149 1706 dominnm
1173 1668 1290 1723 papam,
1309 1666 1403 1722 neque
1427 1648 1465 1705 ad

409 1733 429 1760 “
447 1733 590 1789 'rhomam
608 1733 850 1790 cantuariensem
873 1734 1135 1806 archiepiscopum,
1155 1752 1210 1791 nec
1234 1733 1353 1807 aliquod
1375 1733 1464 1806 placi·

410 1818 429 1843 ‘⁴
447 1821 514 1872 tum
538 1834 641 1872 eorum
665 1817 802 1873 mandato
826 1822 971 1873 teneatur.
1009 1819 1047 1873 Et
1073 1818 1099 1873 ai
1126 1817 1192 1889 quia
1218 1836 1236 1873 a
1261 1818 1336 1874 fecto
1363 1817 1464 1875 Sancti

409 1902 428 1927 ‘⁴
448 1901 575 1956 Dionisii
593 1902 730 1958 inventus
748 1902 839 1958 fuerit
861 1901 918 1957 hoc
939 1901 1062 1968 faciens,
1081 1902 1214 1974 capiatur
1234 1907 1266 1959 et
1289 1902 1461 1968 retineatur,

409 1986 429 2012 ⁴‘
447 1990 478 2042 et
495 1985 594 2042 omnia
611 1987 719 2042 catalla
736 1987 801 2058 ejus
818 1990 849 2043 et
866 1986 1062 2058 poseeaeicuea
1080 1986 1235 2057 capiantur
1252 1987 1285 2041 in
1302 2003 1392 2042 manu
1413 1987 1463 2043 dc-

409 2071 522 2126 “mini
538 2071 627 2143 regie,
647 2071 710 2127 eive
733 2071 887 2144 episcopua
905 2070 1004 2136 fuerit,
1026 2072 1089 2128 eive
1110 2071 1199 2127 abbae
1220 2071 1269 2127 vel
1290 2069 1460 2136 monachus,

408 2154 428 2179 ‘¹
447 2159 500 2210 aut
515 2156 682 2223 canonicus,
703 2161 754 2211 aut
770 2155 906 2222 clericus,
924 2156 972 2211 vel
990 2156 1191 2228 cujuscunque
1209 2154 1320 2211 ordinis
1339 2154 1436 2212 fuerit.

445 2240 465 2267 ‘⁴
476 2237 515 2296 V.
535 2232 653 2311 Siquis
669 2237 763 2294 laicus
780 2238 897 2294 venerit
914 2238 951 2294 de
968 2238 1048 2293 ultra
1065 2256 1157 2306 mare,
1176 2238 1353 2312 ubicumque
1370 2238 1462 2310 appli-

409 2322 429 2349 “
447 2321 548 2389 cuerit,
576 2321 690 2378 intente
716 2322 887 2393 exquiratur
915 2326 1015 2377 utrum
1044 2324 1143 2393 portet
1173 2320 1287 2393 aliquid
1315 2321 1395 2394 quod
1424 2322 1464 2378 ait

408 2406 428 2433 ‘⁶
446 2409 548 2460 contra
564 2405 705 2461 honorem
723 2404 835 2460 domini
857 2405 946 2476 regis.
983 2405 1024 2461 Ilt
1048 2406 1075 2461 ci
1100 2404 1171 2477 quid
1195 2406 1256 2461 tale
1282 2422 1370 2476 anper
1394 2423 1463 2461 eum

409 2489 604 2545 “inventum
625 2489 726 2555 fuerit,
745 2488 878 2560 capiatur
901 2495 932 2544 et
952 2489 1158 2545 incarceretur.
1195 2489 1235 2544 ut
1253 2488 1390 2547 similiter
1413 2489 1471 2544 fiat

410 2575 429 2600 “
446 2573 483 2628 de
500 2572 584 2628 laicis
602 2571 653 2642 qni
670 2571 795 2628 veniunt
812 2571 850 2628 ad
867 2589 948 2627 mare
965 2573 1164 2628 transfretare.
1268 2616 1273 2625 .

445 2657 465 2685 '‘
478 2655 533 2713 VI.
557 2655 590 2712 Si
602 2656 736 2724 clericus,
754 2655 822 2712 vel¹
835 2656 1000 2723 canonicus,
1020 2656 1068 2712 vel
1085 2658 1253 2723 monachus,
1272 2657 1321 2712 vel
1343 2674 1462 2713 conver-

409 2739 430 2767 “
449 2757 508 2805 auo,
521 2757 573 2795 aeu
589 2740 799 2811 cujuscumque
814 2739 968 2811 religionis
984 2739 1084 2804 fuerit,
1096 2738 1132 2795 de
1148 2740 1229 2795 ultra
1243 2757 1326 2795 mare
1339 2741 1463 2807 venerit,

409 2824 429 2851 “
449 2823 627 2897 exquiratur,
646 2827 677 2881 et
700 2823 726 2880 ai
750 2824 794 2879 nil
818 2822 988 2895 hujusmodi
1013 2840 1080 2880 cnm
1105 2824 1158 2880 illc
1182 2824 1336 2879 inventum
1362 2825 1462 2893 fuerit,

409 2908 428 2935 “
448 2907 505 2963 nisi
531 2907 639 2962 habeat
655 2906 770 2962 litterae
787 2906 899 2962 domini
922 2906 1003 2979 regia
1024 2906 1062 2962 de
1079 2906 1213 2978 passagio
1232 2923 1295 2975 auc,
1314 2923 1373 2962 ncn
1396 2925 1463 2980 prc-
1517 2932 1520 2939 ·

409 2990 429 3016 “
448 2989 533 3046 cedat
558 2990 692 3056 ulterius,
721 2989 772 3046 ced
799 3007 888 3062 quem
914 2989 1002 3045 citius
1028 2989 1138 3062 poterit
1166 2993 1349 3057 revertatur3
1375 2997 1406 3048 et
1437 2994 1464 3049 ei

409 3074 568 3146 “aliquod
591 3072 761 3146 hujumodi
786 3090 875 3145 anper
897 3089 966 3129 eum
990 3073 1144 3129 inventum
1162 3073 1262 3139 suerit,
1282 3075 1415 3147 capiatur
1432 3081 1463 3131 et

407 3160 426 3188 “
446 3159 653 3215 incarceretur.

445 3244 463 3272 ‘⁴
477 3243 548 3299 VII.
566 3242 674 3300 Nullus
692 3242 825 3310 clericus,
843 3242 893 3298 vel
910 3242 1075 3308 canonicus,
1093 3243 1142 3298 vel
1160 3242 1328 3310 monachus,
1348 3245 1395 3299 vel
1413 3260 1463 3300 cu·

408 3329 620 3401 “juncumque
647 3329 801 3400 religionis
831 3327 888 3385 Dei
914 3327 1014 3396 fuerit,
1043 3328 1232 3401 permittatur
1258 3330 1461 3399 transfretare,

408 3415 428 3442 ‘⁴
446 3412 505 3469 niai
522 3413 630 3469 habeat
646 3413 762 3468 litterae
781 3413 818 3467 de
836 3412 972 3485 passagio
989 3429 1051 3468 auc.

445 3496 464 3523 “
482 3496 572 3553 VIII.
592 3495 626 3552 Si
651 3495 717 3568 quie
740 3494 897 3563 Waleneie,
927 3496 1050 3552 clericus
1073 3497 1122 3552 vel
1146 3496 1249 3563 laicus,
1277 3496 1461 3569 applicuerit,

409 3581 429 3608 “
448 3580 507 3636 nisi
529 3580 637 3636 habeat
659 3581 773 3636 litteras
797 3578 909 3635 domini
932 3580 1013 3652 regie
1036 3580 1072 3635 de
1094 3581 1311 3652 passignano,
1329 3582 1463 3653 capiatur

409 3665 429 3693 “
448 3669 479 3721 et
499 3664 696 3733 'custodiam
723 3668 753 3721 et
780 3681 881 3720 cmnee
906 3664 1059 3723 Walenaea
1085 3665 1137 3737 qui
1164 3670 1234 3722 eunt
1259 3664 1293 3718 in
1320 3665 1405 3721 ecclia
1431 3664 1464 3720 in

409 3751 429 3779 ‘⁸
446 3748 559 3819 Anglia
575 3747 729 3805 eiciantur.

445 3833 463 3859 ‘⁶
477 3832 533 3888 IX.
554 3831 662 3889 Omnes
680 3849 751 3889 vero
767 3832 954 3889 vicecomites
977 3832 1068 3889 totius
1085 3832 1204 3905 Angliae
1229 3833 1339 3890 faciant
1363 3850 1463 3890 omnes

410 3916 430 3945 “
448 3917 559 3972 milites
586 3920 617 3972 et
643 3916 736 3972 libere
765 3922 900 3973 tenentes
931 3921 960 3973 et
986 3935 1089 3974 omnee
1118 3918 1186 3973 illoa
1216 3918 1267 3991 qni
1297 3916 1464 3989 quindecim

409 4002 428 4029 “
448 4016 538 4056 annca
555 4000 673 4067 habent,
693 3999 730 4057 de
748 3999 935 4056 comitatibus
954 4001 1024 4068 anie,
1039 4001 1140 4072 jurare
1163 4001 1196 4057 in
1213 4001 1301 4073 pleno
1325 4000 1465 4056 comitatu

408 4083 429 4112 “
448 4088 478 4139 et
495 4100 548 4155 per
565 4100 667 4139 cmnee
684 4083 818 4140 civitatee
836 4089 867 4139 et
886 4084 1004 4156 burgos,
1025 4083 1103 4155 qnod
1125 4083 1189 4139 haec
1212 4082 1352 4138 mandata
1376 4102 1465 4157 super

409 4170 429 4197 ‘⁴
448 4167 541 4223 vitam
559 4173 591 4223 et
608 4167 742 4223 membra
759 4185 812 4223 aua
829 4168 995 4233 servabunt,
1015 4171 1053 4234 et,
1073 4167 1174 4222 mieeie
1192 4166 1386 4222 servientibus
1403 4168 1464 4224 auia

409 4251 429 4279 “
448 4266 501 4323 per
525 4268 626 4307 cmnec
647 4250 765 4307 villatca
782 4251 915 4322 Angue,
935 4250 1045 4306 faciant
1067 4251 1168 4322 jurare
1193 4266 1294 4305 omnes
1319 4250 1388 4307 illoc
1411 4253 1463 4323 qui

410 4336 429 4363 ‘¹
449 4334 485 4391 od
504 4333 660 4390 comitatus
683 4352 742 4390 non
766 4335 893 4401 fuerunt,
913 4333 991 4406 quod
1011 4334 1075 4388 hoec
1098 4334 1237 4389 mandata
1258 4350 1325 4389 oum
1348 4336 1463 4391 caetene

409 4418 430 4446 “
447 4417 620 4474 tenebunt?

240 4525 283 4600 .W·
296 4523 370 4576 canu
454 4499 570 4569 coeci
592 4505 673 4566 sunt
693 4501 807 4588 itaque
829 4523 942 4568 omnes
964 4522 1023 4588 per
1044 4501 1234 4567 universam
1256 4501 1421 4588 Angliam‚
1446 4530 1465 4567 a

240 4596 309 4643 ¹⁸⁶·
409 4631 479 4669 acne
509 4603 675 4690 decrepito
705 4631 797 4687 usque
814 4632 949 4686 puerum,
980 4603 1116 4671 Thomae
1154 4604 1389 4693 archiepiscopi
1431 4612 1466 4673 el

827 4808 834 4841 ¹
848 4807 901 4875 cel]
917 4824 967 4861 cm.
980 4810 1010 4864 C.
