3572 5744
761 982 873 1033 ornus
896 982 1087 1034 meremus.
1385 967 1452 1038 107

222 1183 281 1235 1112
294 1184 367 1234 Hex—
444 1153 524 1220 Idus
546 1156 736 1262 Decembris
755 1165 901 1261 celebrata
922 1170 968 1221 est
987 1165 1108 1240 sinodus
1127 1166 1205 1239 apud
1214 1168 1452 1226 ,Westmonaste
1466 1168 1604 1266 egl-3&

222 1249 294 1312 hm,
306 1252 345 1300 ed
397 1252 483 1308 rium.
522 1245 586 1312 0111
597 1255 715 1328 prefuit
727 1245 932 1332 supradictus
944 1253 1099 1312 Albericns
1112 1255 1279 1313 Hostiensis
1291 1258 1453 1329 episcopus,
1465 1269 1541 1315 Wese-

223 1315 368 1433 ξᾶῗῖᾒξΡ
398 1346 429 1397 et
446 1341 557 1399 domini
575 1363 658 1416 pspae
671 1343 838 1400 innocentii
856 1344 891 1399 in
902 1342 1044 1415 Angliam
1062 1347 1093 1399 et
1106 1341 1235 1399 Scotism
1246 1345 1372 1417 legatus,
1385 1360 1453 1399 cum
1465 1321 1570 1368 minster,

225 1448 303 1501 cont.
314 1449 384 1500 Flor,
398 1429 541 1504 episcopis
558 1432 741 1488 diversarum
759 1430 975 1504 provinciarum
987 1445 1109 1486 numero
1120 1424 1201 1496 x‘vii,
1214 1429 1368 1487 abbatibus
1385 1421 1453 1488 fere

225 1515 295 1581 Wit-
395 1536 472 1585 m,
487 1525 517 1576 et
535 1521 607 1577 cleri
626 1525 657 1577 et
673 1520 776 1594 popuii
794 1517 984 1576 multitudine
1001 1528 1170 1573 numerosa.
1216 1517 1275 1574 Ubi
1292 1522 1358 1591 post
1376 1520 1451 1575 mul·

224 1598 251 1647 Ρ
264 1586 320 1633 m
395 1624 493 1675 terum
518 1619 711 1678 discussiones
729 1639 881 1678 causarum
918 1609 989 1676 haec
1019 1617 1146 1690 capitula
1171 1610 1356 1697 subscripta
1377 1634 1451 1699 pro·

396 1712 543 1799 mulgate
566 1720 665 1780 sunt:
1464 1700 1556 1804 ‘m'

433 1827 450 1854 “
465 1826 490 1881 Ι.
512 1826 686 1884 Sanctorum
703 1832 822 1899 patrum
840 1823 981 1882 canonica
997 1823 1133 1897 institute
1147 1829 1311 1897 sequentes,
1325 1828 1452 1883 auctori·

397 1912 416 1938 “
433 1914 493 1966 tate
517 1910 676 1983 apostolica
694 1910 907 1975 interdicimus,
928 1912 963 1964 ut
981 1925 1036 1980 pro
1057 1909 1203 1983 crismate,
1226 1927 1280 1982 pro
1303 1911 1377 1978 oleo,
1398 1928 1451 1984 pro
1464 1918 1610 1966 Sacramenta

396 1994 416 2020 “
436 1993 618 2066 baptismate,
631 2011 685 2066 pro
703 1992 885 2066 prenitentia,
905 2009 956 2048 seu
973 2008 1027 2064 pro
1044 1990 1267 2064 desponsatione
1283 1994 1450 2064 mulierum,
1463 1971 1600 2067 ffiaessd

398 2078 417 2104 “
437 2094 489 2147 pro
501 2076 668 2135 visitatione
679 2077 872 2142 infirmorum,
886 2093 937 2132 seu
949 2093 1002 2147 pro
1013 2074 1161 2142 unctione,
1175 2092 1228 2148 pro
1246 2078 1453 2136 communione
1463 2070 1581 2173 {mgb

397 2160 417 2186 “
437 2158 572 2232 Corporis
592 2159 714 2227 Ohristi,
728 2176 781 2232 pro
800 2159 959 2232 sepultura,
971 2158 1087 2215 nullum
1108 2159 1227 2214 omnino
1243 2161 1372 2232 pretium
1392 2162 1450 2218 exi·

397 2243 416 2269 “
436 2247 534 2313 gutur.
570 2243 609 2298 ut
628 2242 680 2313 qui
698 2242 927 2315 presumpserit,
948 2241 1239 2299 excommunicationi
1258 2244 1413 2317 subjacent.

433 2340 453 2365 “
466 2338 509 2394 11.
529 2337 694 2395 Statnimus
718 2337 872 2404 etiamst
894 2354 955 2393 non
977 2336 1134 2409 plusquam
1158 2344 1224 2396 octo
1247 2340 1312 2427 dies
1337 2340 1450 2414 Corpus
1464 2357 1617 2407 moulon

395 2422 414 2448 ‘⁴
434 2421 554 2477 Domini
573 2426 717 2488 servetur,
729 2437 824 2492 neque
842 2419 881 2475 ad
898 2420 1030 2476 infirmos
1047 2419 1105 2475 nisi
1126 2437 1179 2492 per
1199 2422 1379 2479 sacerdotem
1402 2426 1450 2481 vel
1463 2409 1614 2491 “mm

397 2505 416 2531 '‘
436 2503 606 2571 diaconem,¹
631 2504 678 2560 rel
700 2503 860 2576 quemlibet
880 2503 1020 2559 clericum
1039 2502 1168 2559 instante
1189 2505 1362 2563 necessitate
1383 2524 1450 2564 cum

395 2591 415 2615 “
435 2603 548 2643 summa
565 2587 731 2644 reverentis
748 2584 942 2659 deportetur.²

432 2682 520 2737 “III.
540 2682 617 2739 item
644 2681 805 2753 apostolica
824 2682 1000 2737 auctoritate
1020 2681 1175 2748 senuimus,
1195 2681 1280 2738 utin
1300 2701 1449 2743 consecra·
1462 2690 1604 2786 Perqouisites

397 2766 416 2792 “
434 2765 561 2822 tionibus
573 2766 774 2839 episcoporum
784 2766 833 2823 vel
845 2763 982 2820 abbatum
994 2763 1255 2833 benedictionibus,
1265 2783 1325 2822 non
1336 2785 1448 2840 capam,
1462 2744 1576 2837 &deuii

397 2851 415 2875 ‘¹
434 2865 493 2904 non
510 2849 715 2905 indumentum
731 2847 970 2914 ecclesiasticum,
979 2864 1075 2920 neque
1086 2847 1242 2929 quicquam
1260 2850 1297 2906 sb
1315 2851 1450 2926 episcopo
1462 2852 1579 2937 {wib

396 2932 482 2988 “vel
506 2949 525 2988 a
553 2932 697 2989 ministris
726 2931 791 3005 ejus
821 2931 976 3002 exigetur.⁸
1010 2931 1047 2987 In
1074 2931 1305 2989 dedicationibus
1335 2952 1450 3007 quoqne
1531 2925 1537 2944 ’

396 3015 626 3072 “ecclesiarum
655 3032 715 3072 non
745 3020 854 3087 tapete,
885 3030 944 3070 non
979 3015 1206 3087 manutergium,
1236 3033 1294 3072 non
1323 3016 1448 3088 bacinia,

397 3099 416 3124 “
435 3098 586 3171 nichilque
606 3099 726 3155 omniuo
738 3103 847 3171 praeter
864 3097 1038 3155 ocrredium⁴
1051 3098 1139 3155 sucus
1157 3099 1315 3157 canonibus
1332 3101 1449 3159 iustitu-

396 3183 415 3208 “
435 3188 498 3238 tum
515 3180 693 3255 requiratur.
1442 3188 1443 3192 ’

432 3281 451 3306 “
464 3277 518 3336 Ν.
538 3278 648 3351 Siquis
660 3276 861 3372 episcopcrum
873 3277 905 3331 in
916 3276 1024 3333 diocesi
1036 3295 1153 3351 suaper
1170 3279 1262 3335 elium
1281 3280 1449 3354 episcopum
1462 3280 1562 3383 affl
1575 3283 1608 3335 br

395 3363 416 3388 ‘⁴
434 3361 585 3418 ecclesium
598 3360 761 3417 consecrari
772 3359 883 3426 fecerit,
896 3360 1239 3433 apostolicasuctoritate
1250 3363 1446 3433 prohibemus,
1462 3379 1556 3433 nouom
1584 3403 1585 3407 ,

396 3445 416 3470 “
435 3461 472 3499 ne
491 3443 563 3516 qnid
580 3444 649 3500 inde
666 3444 746 3499 ultra
763 3442 928 3499 corrodium
946 3443 1088 3514 ejusdem⁶
1107 3444 1216 3517 exiget.
1462 3430 1588 3484 employed,

430 3541 450 3567 “
463 3538 501 3595 V.
521 3538 629 3594 Nullus
653 3538 771 3593 omnino
795 3537 831 3594 de
854 3553 944 3593 manu
967 3538 1035 3594 laici
1056 3539 1209 3596 ecclesiam
1232 3557 1284 3596 seu
1308 3541 1448 3614 quelibet
1462 3543 1606 3607 uruntur
1689 3554 1692 3560 ’
1734 3544 1739 3551 ’

396 3624 415 3649 “
434 3622 631 3679 emlenmtico
647 3621 788 3677 uenena
804 3620 937 3692 eorpus.
974 3620 1051 3677 oum
1068 3628 1168 3678 suum
1180 3622 1385 3680 investituram
1396 3643 1449 3698 per
1461 3599 1614 3702 utilit

396 3707 415 3732 “
436 3707 604 3779 episcopum
617 3704 723 3777 aliquis
736 3703 891 3777 acceperit,
904 3704 1090 3776 praecipimus
1107 3709 1141 3760 ut
1153 3722 1241 3778 super
1252 3706 1448 3780 llvsngelium

395 3791 414 3816 ‘⁸
431 3790 520 3861 juret,
539 3806 571 3845 se
594 3786 688 3844 nichil
711 3793 832 3859 propter
851 3786 906 3842 hoc
925 3804 978 3859 per
997 3804 1028 3843 se
1047 3788 1095 3844 vel
1115 3804 1169 3860 per
1189 3788 1278 3844 aliam
1296 3807 1449 3862 personam

395 3872 546 3929 “dedisse
575 3870 664 3927 alicui
692 3869 741 3926 vel
770 3869 945 3942 promisisse.
983 3870 1022 3925 Ει
1051 3870 1078 3926 si
1106 3877 1317 3943 presumptum
1348 3873 1448 3941 fucrit,

396 3957 415 3981 “
434 3955 552 4012 irritum
570 3957 632 4012 fore
651 3953 844 4012 decernimus.

433 4053 452 4081 “
476 4053 530 4109 Vl.
559 4051 689 4109 clericos
713 4051 751 4108 ab
775 4049 880 4106 alicnis
900 4049 1042 4122 episcopis
1065 4048 1171 4122 absque
1195 4049 1305 4106 litteris
1335 4050 1448 4123 proprii
1461 4059 1558 4121 Διιὶιιιι

396 4139 414 4165 “
434 4131 561 4209 episcopi
574 4135 722 4192 ordinatos
741 4151 759 4191 a
777 4138 976 4203 susceptorum
995 4132 1131 4189 ordinum
1151 4132 1251 4189 officiis
1272 4132 1447 4201 inhibemus,
1459 4112 1593 4216 {Q

396 4222 415 4248 “
434 4220 544 4293 solique
563 4220 694 4275 Romano
711 4216 843 4291 pontifici
863 4215 1021 4272 eorundem
1038 4217 1174 4290 plenarie,
1190 4216 1339 4274 restitutio
1355 4235 1447 4275 reser-
1461 4172 1561 4264 sinopa.

395 4306 414 4331 “
433 4309 529 4372 vetur,
541 4303 600 4359 nisi
616 4299 769 4373 religionis
786 4299 921 4357 habitum
938 4300 1140 4373 susceperint.⁶

432 4400 451 4428 “
469 4398 541 4457 VH.
562 4398 736 4456 Sanctorum
754 4401 873 4469 patrum
891 4395 1025 4468 vestigiis
1042 4396 1228 4464 inherentes,
1250 4397 1446 4470 presbyteros,
1461 4407 1557 4501 elffii

1461 4509 1583 4561 marriage.

427 4676 588 4742 ldicocnera]
604 4673 750 4735 diaconum,
762 4673 791 4725 C.
976 4674 1146 4741 ⁴corrediara]
1161 4676 1312 4739 corrodium,
1322 4677 1354 4727 Β.

428 4755 438 4789 ²
449 4753 605 4821 deportetur]
620 4767 670 4802 om.
683 4752 719 4802 A.
730 4753 761 4802 B.
774 4751 804 4804 C.
977 4754 988 4787 ⁶
999 4754 1119 4822 quedem]
1134 4754 1253 4821 episcopi,
1264 4756 1312 4807 ins.
1323 4757 1353 4810 C.

428 4836 576 4905 θεόφιν]
588 4842 697 4901 petctrn,
708 4835 739 4890 C.
976 4832 1164 4900 ‘menedon
1177 4841 1347 4913 susceperant,
1359 4835 1390 4890 G.
