<?xml version="1.0" encoding="UTF-8"?>
<!DOCTYPE html PUBLIC "-//W3C//DTD XHTML 1.0 Transitional//EN"
    "http://www.w3.org/TR/xhtml1/DTD/xhtml1-transitional.dtd">
<html xmlns="http://www.w3.org/1999/xhtml" xml:lang="en" lang="en">
 <head>
  <title>
</title>
<meta http-equiv="Content-Type" content="text/html;charset=utf-8" />
  <meta name='ocr-system' content='tesseract 3.04.00' />
  <meta name='ocr-capabilities' content='ocr_page ocr_carea ocr_par ocr_line ocrx_word'/>
</head>
<body>
  <div class='ocr_page' id='page_1' title='image "./historicalworks00offigoog_0647.png"; bbox 0 0 3588 5740; ppageno 0'>
   <div class='ocr_carea' id='block_1_1' title="bbox 705 885 1390 947">
    <p class='ocr_par' dir='ltr' id='par_1_1' title="bbox 705 885 1390 947">
     <span class='ocr_line' id='line_1_1' title="bbox 705 885 1390 947; baseline 0.007 -6"><span class='ocrx_word' id='word_1_1' title='bbox 705 893 817 943; x_wconf 79' lang='lat' dir='ltr'>crasa</span> <span class='ocrx_word' id='word_1_2' title='bbox 839 894 1030 945; x_wconf 78' lang='lat' dir='ltr'>meromca.</span> <span class='ocrx_word' id='word_1_3' title='bbox 1325 885 1390 947; x_wconf 86' lang='lat'>583</span> 
     </span>
    </p>
   </div>
   <div class='ocr_carea' id='block_1_2' title="bbox 307 1073 1543 4408">
    <p class='ocr_par' dir='ltr' id='par_1_2' title="bbox 307 1073 1543 4408">
     <span class='ocr_line' id='line_1_2' title="bbox 338 1073 1543 1153; baseline 0.008 -24"><span class='ocrx_word' id='word_1_4' title='bbox 338 1074 357 1100; x_wconf 87' lang='lat'>‘⁴</span> <span class='ocrx_word' id='word_1_5' title='bbox 376 1073 494 1131; x_wconf 89' lang='lat' dir='ltr'>obedire</span> <span class='ocrx_word' id='word_1_6' title='bbox 517 1078 648 1147; x_wconf 84' lang='lat' dir='ltr'>praelato.</span> <span class='ocrx_word' id='word_1_7' title='bbox 694 1078 821 1148; x_wconf 77' lang='lat' dir='ltr'>Quodsi</span> <span class='ocrx_word' id='word_1_8' title='bbox 845 1096 898 1135; x_wconf 91' lang='lat' dir='ltr'>neo</span> <span class='ocrx_word' id='word_1_9' title='bbox 922 1080 964 1135; x_wconf 90' lang='lat' dir='ltr'>sic</span> <span class='ocrx_word' id='word_1_10' title='bbox 982 1086 1012 1136; x_wconf 86' lang='lat' dir='ltr'>te</span> <span class='ocrx_word' id='word_1_11' title='bbox 1036 1081 1196 1152; x_wconf 78' lang='lat' dir='ltr'>poterimus</span> <span class='ocrx_word' id='word_1_12' title='bbox 1220 1083 1257 1138; x_wconf 90' lang='lat' dir='ltr'>ad</span> <span class='ocrx_word' id='word_1_13' title='bbox 1281 1084 1389 1139; x_wconf 89' lang='lat' dir='ltr'>bonum</span> <span class='ocrx_word' id='word_1_14' title='bbox 1419 1108 1476 1151; x_wconf 62' lang='lat' dir='ltr'>M),</span> <span class='ocrx_word' id='word_1_15' title='bbox 1485 1111 1543 1153; x_wconf 62' lang='lat'>112⁸,</span> 
     </span>
     <span class='ocr_line' id='line_1_3' title="bbox 338 1158 1524 1264; baseline 0.009 -52"><span class='ocrx_word' id='word_1_16' title='bbox 338 1160 357 1183; x_wconf 90' lang='lat'>“</span> <span class='ocrx_word' id='word_1_17' title='bbox 377 1158 547 1214; x_wconf 76' lang='lat' dir='ltr'>obedientiae</span> <span class='ocrx_word' id='word_1_18' title='bbox 577 1178 723 1227; x_wconf 86' lang='lat' dir='ltr'>revocare,</span> <span class='ocrx_word' id='word_1_19' title='bbox 749 1168 868 1234; x_wconf 87' lang='lat' dir='ltr'>propter</span> <span class='ocrx_word' id='word_1_20' title='bbox 893 1163 971 1234; x_wconf 90' lang='lat' dir='ltr'>quod</span> <span class='ocrx_word' id='word_1_21' title='bbox 1000 1164 1110 1218; x_wconf 90' lang='lat' dir='ltr'>malum</span> <span class='ocrx_word' id='word_1_22' title='bbox 1137 1183 1284 1237; x_wconf 90' lang='lat' dir='ltr'>nunquam</span> <span class='ocrx_word' id='word_1_23' title='bbox 1312 1158 1524 1264; x_wconf 58' lang='lat' dir='ltr'>com-Fffl·²⁰·</span> 
     </span>
     <span class='ocr_line' id='line_1_4' title="bbox 338 1241 1516 1322; baseline 0.009 -27"><span class='ocrx_word' id='word_1_24' title='bbox 338 1243 355 1267; x_wconf 91' lang='lat'><strong>“</strong></span> <span class='ocrx_word' id='word_1_25' title='bbox 375 1241 513 1308; x_wconf 79' lang='lat' dir='ltr'>mittitur,</span> <span class='ocrx_word' id='word_1_26' title='bbox 539 1244 648 1298; x_wconf 90' lang='lat' dir='ltr'>bonum</span> <span class='ocrx_word' id='word_1_27' title='bbox 675 1251 773 1300; x_wconf 88' lang='lat' dir='ltr'>autem</span> <span class='ocrx_word' id='word_1_28' title='bbox 798 1246 903 1318; x_wconf 78' lang='lat' dir='ltr'>saepius</span> <span class='ocrx_word' id='word_1_29' title='bbox 930 1246 1016 1301; x_wconf 89' lang='lat' dir='ltr'>debet</span> <span class='ocrx_word' id='word_1_30' title='bbox 1045 1247 1221 1313; x_wconf 89' lang='lat' dir='ltr'>intermitti,¹</span> <span class='ocrx_word' id='word_1_31' title='bbox 1249 1250 1388 1322; x_wconf 89' lang='lat' dir='ltr'>majorem</span> <span class='ocrx_word' id='word_1_32' title='bbox 1400 1274 1516 1316; x_wconf 58' lang='lat' dir='ltr'>mm,</span> 
     </span>
     <span class='ocr_line' id='line_1_5' title="bbox 338 1323 1390 1395; baseline 0.01 -18"><span class='ocrx_word' id='word_1_33' title='bbox 338 1323 431 1379; x_wconf 87' lang='lat' dir='ltr'>“tibi</span> <span class='ocrx_word' id='word_1_34' title='bbox 458 1327 738 1382; x_wconf 87' lang='lat' dir='ltr'>animadversionem</span> <span class='ocrx_word' id='word_1_35' title='bbox 774 1326 890 1383; x_wconf 88' lang='lat' dir='ltr'>noveris</span> <span class='ocrx_word' id='word_1_36' title='bbox 920 1328 1083 1395; x_wconf 88' lang='lat' dir='ltr'>imminere,</span> <span class='ocrx_word' id='word_1_37' title='bbox 1114 1348 1180 1385; x_wconf 89' lang='lat' dir='ltr'>cum</span> <span class='ocrx_word' id='word_1_38' title='bbox 1217 1332 1293 1387; x_wconf 87' lang='lat' dir='ltr'>ferro</span> <span class='ocrx_word' id='word_1_39' title='bbox 1329 1333 1390 1388; x_wconf 88' lang='lat' dir='ltr'>sint</span> 
     </span>
     <span class='ocr_line' id='line_1_6' title="bbox 337 1407 1389 1482; baseline 0.007 -20"><span class='ocrx_word' id='word_1_40' title='bbox 337 1408 356 1433; x_wconf 80' lang='lat'>‘¹</span> <span class='ocrx_word' id='word_1_41' title='bbox 376 1407 572 1465; x_wconf 87' lang='lat' dir='ltr'>abscindenda</span> <span class='ocrx_word' id='word_1_42' title='bbox 588 1411 709 1466; x_wconf 81' lang='lat' dir='ltr'>vulnera</span> <span class='ocrx_word' id='word_1_43' title='bbox 727 1428 792 1482; x_wconf 86' lang='lat' dir='ltr'>quse</span> <span class='ocrx_word' id='word_1_44' title='bbox 818 1412 1011 1466; x_wconf 82' lang='lat' dir='ltr'><strong>fomentorum</strong></span> <span class='ocrx_word' id='word_1_45' title='bbox 1029 1429 1089 1467; x_wconf 89' lang='lat' dir='ltr'>non</span> <span class='ocrx_word' id='word_1_46' title='bbox 1113 1414 1245 1469; x_wconf 90' lang='lat' dir='ltr'>sentiunt</span> <span class='ocrx_word' id='word_1_47' title='bbox 1269 1414 1389 1471; x_wconf 89' lang='lat' dir='ltr'>medici·</span> 
     </span>
     <span class='ocr_line' id='line_1_7' title="bbox 338 1490 1389 1565; baseline 0.01 -21"><span class='ocrx_word' id='word_1_48' title='bbox 338 1490 357 1517; x_wconf 89' lang='lat'><em>“</em></span> <span class='ocrx_word' id='word_1_49' title='bbox 375 1508 454 1546; x_wconf 89' lang='lat' dir='ltr'>uam.</span> <span class='ocrx_word' id='word_1_50' title='bbox 491 1492 567 1548; x_wconf 85' lang='lat' dir='ltr'>Sane</span> <span class='ocrx_word' id='word_1_51' title='bbox 585 1510 672 1564; x_wconf 90' lang='lat' dir='ltr'>super</span> <span class='ocrx_word' id='word_1_52' title='bbox 688 1494 856 1565; x_wconf 82' lang='lat' dir='ltr'>praemissis,</span> <span class='ocrx_word' id='word_1_53' title='bbox 870 1494 902 1548; x_wconf 90' lang='lat' dir='ltr'>in</span> <span class='ocrx_word' id='word_1_54' title='bbox 920 1495 1025 1565; x_wconf 91' lang='lat' dir='ltr'>quibus</span> <span class='ocrx_word' id='word_1_55' title='bbox 1042 1495 1123 1551; x_wconf 84' lang='lat' dir='ltr'>salva</span> <span class='ocrx_word' id='word_1_56' title='bbox 1134 1498 1313 1553; x_wconf 88' lang='lat' dir='ltr'>conscientia</span> <span class='ocrx_word' id='word_1_57' title='bbox 1330 1516 1389 1555; x_wconf 92' lang='lat' dir='ltr'>non</span> 
     </span>
     <span class='ocr_line' id='line_1_8' title="bbox 338 1574 1389 1651; baseline 0.008 -22"><span class='ocrx_word' id='word_1_58' title='bbox 338 1577 356 1600; x_wconf 89' lang='lat'><strong>“</strong></span> <span class='ocrx_word' id='word_1_59' title='bbox 375 1574 535 1645; x_wconf 74' lang='lat' dir='ltr'>poterimus</span> <span class='ocrx_word' id='word_1_60' title='bbox 553 1576 611 1631; x_wconf 91' lang='lat' dir='ltr'>alio</span> <span class='ocrx_word' id='word_1_61' title='bbox 629 1575 715 1632; x_wconf 91' lang='lat' dir='ltr'>modo</span> <span class='ocrx_word' id='word_1_62' title='bbox 742 1576 907 1648; x_wconf 84' lang='lat' dir='ltr'>procedere,</span> <span class='ocrx_word' id='word_1_63' title='bbox 925 1577 1136 1634; x_wconf 73' lang='lat' dir='ltr'>fraternitatem</span> <span class='ocrx_word' id='word_1_64' title='bbox 1154 1584 1236 1634; x_wconf 90' lang='lat' dir='ltr'>tuam</span> <span class='ocrx_word' id='word_1_65' title='bbox 1252 1598 1389 1651; x_wconf 79' lang='lat' dir='ltr'>rogamus</span> 
     </span>
     <span class='ocr_line' id='line_1_9' title="bbox 337 1658 1388 1733; baseline 0.007 -22"><span class='ocrx_word' id='word_1_66' title='bbox 337 1658 357 1683; x_wconf 85' lang='lat'>⁴‘</span> <span class='ocrx_word' id='word_1_67' title='bbox 374 1658 542 1714; x_wconf 90' lang='lat' dir='ltr'>nullatenus</span> <span class='ocrx_word' id='word_1_68' title='bbox 569 1660 744 1726; x_wconf 87' lang='lat' dir='ltr'>contristari,</span> <span class='ocrx_word' id='word_1_69' title='bbox 772 1659 841 1732; x_wconf 89' lang='lat' dir='ltr'>quia</span> <span class='ocrx_word' id='word_1_70' title='bbox 869 1667 944 1716; x_wconf 88' lang='lat' dir='ltr'>teste</span> <span class='ocrx_word' id='word_1_71' title='bbox 970 1660 1031 1716; x_wconf 89' lang='lat' dir='ltr'>Dec</span> <span class='ocrx_word' id='word_1_72' title='bbox 1049 1679 1108 1715; x_wconf 94' lang='lat' dir='ltr'>non</span> <span class='ocrx_word' id='word_1_73' title='bbox 1133 1678 1168 1716; x_wconf 82' lang='lat' dir='ltr'>ex</span> <span class='ocrx_word' id='word_1_74' title='bbox 1186 1661 1388 1733; x_wconf 80' lang='lat' dir='ltr'>indignatione</span> 
     </span>
     <span class='ocr_line' id='line_1_10' title="bbox 337 1741 1388 1814; baseline 0.009 -20"><span class='ocrx_word' id='word_1_75' title='bbox 337 1743 355 1769; x_wconf 86' lang='lat'><strong>“</strong></span> <span class='ocrx_word' id='word_1_76' title='bbox 373 1741 470 1812; x_wconf 87' lang='lat' dir='ltr'>aliqua</span> <span class='ocrx_word' id='word_1_77' title='bbox 494 1751 704 1812; x_wconf 88' lang='lat' dir='ltr'>processerunt,</span> <span class='ocrx_word' id='word_1_78' title='bbox 725 1743 776 1800; x_wconf 90' lang='lat' dir='ltr'>sed</span> <span class='ocrx_word' id='word_1_79' title='bbox 800 1744 869 1814; x_wconf 92' lang='lat' dir='ltr'>quia</span> <span class='ocrx_word' id='word_1_80' title='bbox 886 1760 953 1799; x_wconf 91' lang='lat' dir='ltr'>cum</span> <span class='ocrx_word' id='word_1_81' title='bbox 980 1744 1071 1799; x_wconf 87' lang='lat' dir='ltr'>simus</span> <span class='ocrx_word' id='word_1_82' title='bbox 1088 1745 1159 1801; x_wconf 89' lang='lat' dir='ltr'>lieet</span> <span class='ocrx_word' id='word_1_83' title='bbox 1182 1746 1388 1803; x_wconf 86' lang='lat' dir='ltr'>insufficientes</span> 
     </span>
     <span class='ocr_line' id='line_1_11' title="bbox 338 1824 1387 1898; baseline 0.007 -19"><span class='ocrx_word' id='word_1_84' title='bbox 338 1824 493 1880; x_wconf 88' lang='lat' dir='ltr'>“insede</span> <span class='ocrx_word' id='word_1_85' title='bbox 515 1825 639 1896; x_wconf 80' lang='lat' dir='ltr'>justitiae</span> <span class='ocrx_word' id='word_1_86' title='bbox 660 1827 822 1891; x_wconf 88' lang='lat' dir='ltr'>constituti,</span> <span class='ocrx_word' id='word_1_87' title='bbox 850 1825 927 1881; x_wconf 91' lang='lat' dir='ltr'>unde</span> <span class='ocrx_word' id='word_1_88' title='bbox 949 1826 1018 1898; x_wconf 87' lang='lat' dir='ltr'>jura</span> <span class='ocrx_word' id='word_1_89' title='bbox 1036 1845 1089 1883; x_wconf 89' lang='lat' dir='ltr'>sua</span> <span class='ocrx_word' id='word_1_90' title='bbox 1115 1834 1249 1883; x_wconf 87' lang='lat' dir='ltr'>tenemur</span> <span class='ocrx_word' id='word_1_91' title='bbox 1273 1846 1387 1885; x_wconf 83' lang='lat' dir='ltr'>servare</span> 
     </span>
     <span class='ocr_line' id='line_1_12' title="bbox 337 1906 1387 1983; baseline 0.006 -22"><span class='ocrx_word' id='word_1_92' title='bbox 337 1908 357 1934; x_wconf 89' lang='lat'><strong>“</strong></span> <span class='ocrx_word' id='word_1_93' title='bbox 376 1906 502 1978; x_wconf 83' lang='lat' dir='ltr'>singulis</span> <span class='ocrx_word' id='word_1_94' title='bbox 528 1908 663 1975; x_wconf 72' lang='lat' dir='ltr'>illibata,2</span> <span class='ocrx_word' id='word_1_95' title='bbox 687 1910 866 1965; x_wconf 78' lang='lat' dir='ltr'>fraternitati</span> <span class='ocrx_word' id='word_1_96' title='bbox 892 1916 951 1965; x_wconf 76' lang='lat' dir='ltr'>tuae</span> <span class='ocrx_word' id='word_1_97' title='bbox 969 1927 1058 1979; x_wconf 87' lang='lat' dir='ltr'>quam</span> <span class='ocrx_word' id='word_1_98' title='bbox 1076 1910 1217 1967; x_wconf 90' lang='lat' dir='ltr'>sincerius</span> <span class='ocrx_word' id='word_1_99' title='bbox 1243 1913 1387 1983; x_wconf 83' lang='lat' dir='ltr'>amplexa·</span> 
     </span>
     <span class='ocr_line' id='line_1_13' title="bbox 337 1985 1388 2064; baseline 0.006 -19"><span class='ocrx_word' id='word_1_100' title='bbox 337 1991 354 2016; x_wconf 84' lang='lat'>‘⁴</span> <span class='ocrx_word' id='word_1_101' title='bbox 374 2007 449 2056; x_wconf 87' lang='lat' dir='ltr'>mur,</span> <span class='ocrx_word' id='word_1_102' title='bbox 464 2009 531 2046; x_wconf 90' lang='lat' dir='ltr'>eum</span> <span class='ocrx_word' id='word_1_103' title='bbox 556 1997 587 2046; x_wconf 91' lang='lat' dir='ltr'>te</span> <span class='ocrx_word' id='word_1_104' title='bbox 605 1992 683 2048; x_wconf 86' lang='lat' dir='ltr'>inter</span> <span class='ocrx_word' id='word_1_105' title='bbox 709 1985 812 2048; x_wconf 79' lang='lat' dir='ltr'>fratres</span> <span class='ocrx_word' id='word_1_106' title='bbox 831 1998 861 2048; x_wconf 90' lang='lat' dir='ltr'>et</span> <span class='ocrx_word' id='word_1_107' title='bbox 878 1992 1062 2064; x_wconf 86' lang='lat' dir='ltr'>coepiscopos</span> <span class='ocrx_word' id='word_1_108' title='bbox 1088 1998 1201 2049; x_wconf 87' lang='lat' dir='ltr'>nostros</span> <span class='ocrx_word' id='word_1_109' title='bbox 1220 1993 1388 2051; x_wconf 77' lang='lat' dir='ltr'>honorabile</span> 
     </span>
     <span class='ocr_line' id='line_1_14' title="bbox 338 2075 1389 2149; baseline 0.007 -21"><span class='ocrx_word' id='word_1_110' title='bbox 338 2075 539 2146; x_wconf 85' lang='lat' dir='ltr'>“membrum</span> <span class='ocrx_word' id='word_1_111' title='bbox 564 2083 594 2131; x_wconf 90' lang='lat' dir='ltr'>et</span> <span class='ocrx_word' id='word_1_112' title='bbox 623 2076 654 2131; x_wconf 90' lang='lat' dir='ltr'>in</span> <span class='ocrx_word' id='word_1_113' title='bbox 681 2075 767 2132; x_wconf 91' lang='lat' dir='ltr'>domo</span> <span class='ocrx_word' id='word_1_114' title='bbox 785 2076 906 2132; x_wconf 88' lang='lat' dir='ltr'>Domini</span> <span class='ocrx_word' id='word_1_115' title='bbox 933 2077 1116 2149; x_wconf 80' lang='lat' dir='ltr'>columpnam</span> <span class='ocrx_word' id='word_1_116' title='bbox 1139 2079 1318 2134; x_wconf 89' lang='lat' dir='ltr'>immobilem</span> <span class='ocrx_word' id='word_1_117' title='bbox 1338 2079 1389 2135; x_wconf 88' lang='lat' dir='ltr'>ha·</span> 
     </span>
     <span class='ocr_line' id='line_1_15' title="bbox 329 2158 1389 2232; baseline 0.004 -17"><span class='ocrx_word' id='word_1_118' title='bbox 329 2159 356 2215; x_wconf 89' lang='lat'>.“</span> <span class='ocrx_word' id='word_1_119' title='bbox 376 2158 505 2223; x_wconf 81' lang='lat' dir='ltr'>beamus,</span> <span class='ocrx_word' id='word_1_120' title='bbox 525 2176 584 2213; x_wconf 92' lang='lat' dir='ltr'>non</span> <span class='ocrx_word' id='word_1_121' title='bbox 608 2160 756 2231; x_wconf 86' lang='lat' dir='ltr'>potuimus</span> <span class='ocrx_word' id='word_1_122' title='bbox 775 2158 837 2214; x_wconf 90' lang='lat' dir='ltr'>sine</span> <span class='ocrx_word' id='word_1_123' title='bbox 854 2160 938 2230; x_wconf 75' lang='lat' dir='ltr'>gravi</span> <span class='ocrx_word' id='word_1_124' title='bbox 958 2159 1104 2216; x_wconf 70' lang='lat' dir='ltr'>creatoris</span> <span class='ocrx_word' id='word_1_125' title='bbox 1130 2161 1240 2217; x_wconf 83' lang='lat' dir='ltr'>offensa</span> <span class='ocrx_word' id='word_1_126' title='bbox 1267 2161 1389 2232; x_wconf 83' lang='lat' dir='ltr'>deferre,</span> 
     </span>
     <span class='ocr_line' id='line_1_16' title="bbox 338 2241 1391 2314; baseline 0.006 -19"><span class='ocrx_word' id='word_1_127' title='bbox 338 2242 358 2268; x_wconf 89' lang='lat'><strong>“</strong></span> <span class='ocrx_word' id='word_1_128' title='bbox 377 2259 429 2297; x_wconf 91' lang='lat' dir='ltr'>nec</span> <span class='ocrx_word' id='word_1_129' title='bbox 444 2241 526 2297; x_wconf 89' lang='lat' dir='ltr'>nobis</span> <span class='ocrx_word' id='word_1_130' title='bbox 543 2243 575 2296; x_wconf 93' lang='lat' dir='ltr'>in</span> <span class='ocrx_word' id='word_1_131' title='bbox 591 2242 645 2298; x_wconf 86' lang='lat' dir='ltr'>hae</span> <span class='ocrx_word' id='word_1_132' title='bbox 656 2246 739 2314; x_wconf 86' lang='lat' dir='ltr'>parte</span> <span class='ocrx_word' id='word_1_133' title='bbox 757 2248 837 2314; x_wconf 87' lang='lat' dir='ltr'>potes</span> <span class='ocrx_word' id='word_1_134' title='bbox 852 2242 962 2312; x_wconf 86' lang='lat' dir='ltr'>aliquid</span> <span class='ocrx_word' id='word_1_135' title='bbox 979 2243 1133 2314; x_wconf 88' lang='lat' dir='ltr'>imputare,</span> <span class='ocrx_word' id='word_1_136' title='bbox 1146 2261 1213 2299; x_wconf 88' lang='lat' dir='ltr'>eum</span> <span class='ocrx_word' id='word_1_137' title='bbox 1231 2245 1391 2301; x_wconf 88' lang='lat' dir='ltr'>secundum</span> 
     </span>
     <span class='ocr_line' id='line_1_17' title="bbox 338 2324 1392 2399; baseline 0.003 -19"><span class='ocrx_word' id='word_1_138' title='bbox 338 2325 564 2380; x_wconf 89' lang='lat' dir='ltr'>“traditionem</span> <span class='ocrx_word' id='word_1_139' title='bbox 590 2325 780 2390; x_wconf 72' lang='lat' dir='ltr'>canonicam,³</span> <span class='ocrx_word' id='word_1_140' title='bbox 810 2324 924 2396; x_wconf 86' lang='lat' dir='ltr'>quando</span> <span class='ocrx_word' id='word_1_141' title='bbox 955 2344 1014 2380; x_wconf 93' lang='lat' dir='ltr'>non</span> <span class='ocrx_word' id='word_1_142' title='bbox 1041 2327 1099 2382; x_wconf 89' lang='lat' dir='ltr'>nisi</span> <span class='ocrx_word' id='word_1_143' title='bbox 1128 2327 1272 2399; x_wconf 88' lang='lat' dir='ltr'>peccando</span> <span class='ocrx_word' id='word_1_144' title='bbox 1303 2329 1392 2384; x_wconf 86' lang='lat' dir='ltr'>alicui</span> 
     </span>
     <span class='ocr_line' id='line_1_18' title="bbox 377 2409 1392 2483; baseline 0.005 -19"><span class='ocrx_word' id='word_1_145' title='bbox 377 2410 489 2464; x_wconf 88' lang='lat' dir='ltr'>consuli</span> <span class='ocrx_word' id='word_1_146' title='bbox 507 2416 610 2481; x_wconf 88' lang='lat' dir='ltr'>potest,</span> <span class='ocrx_word' id='word_1_147' title='bbox 632 2416 703 2466; x_wconf 87' lang='lat' dir='ltr'>tune</span> <span class='ocrx_word' id='word_1_148' title='bbox 727 2409 871 2465; x_wconf 81' lang='lat' dir='ltr'>aestimare</span> <span class='ocrx_word' id='word_1_149' title='bbox 897 2410 983 2465; x_wconf 90' lang='lat' dir='ltr'>debet</span> <span class='ocrx_word' id='word_1_150' title='bbox 1008 2411 1095 2466; x_wconf 90' lang='lat' dir='ltr'>homo</span> <span class='ocrx_word' id='word_1_151' title='bbox 1119 2412 1191 2483; x_wconf 90' lang='lat' dir='ltr'>quid</span> <span class='ocrx_word' id='word_1_152' title='bbox 1216 2413 1306 2469; x_wconf 85' lang='lat' dir='ltr'>faciat</span> <span class='ocrx_word' id='word_1_153' title='bbox 1331 2430 1392 2469; x_wconf 86' lang='lat' dir='ltr'>non</span> 
     </span>
     <span class='ocr_line' id='line_1_19' title="bbox 351 2493 1392 2565; baseline 0.005 -18"><span class='ocrx_word' id='word_1_154' title='bbox 351 2493 493 2548; x_wconf 80' lang='lat' dir='ltr'>‘habere</span> <span class='ocrx_word' id='word_1_155' title='bbox 530 2493 568 2548; x_wconf 88' lang='lat' dir='ltr'>In</span> <span class='ocrx_word' id='word_1_156' title='bbox 593 2494 665 2564; x_wconf 89' lang='lat' dir='ltr'>ipsis</span> <span class='ocrx_word' id='word_1_157' title='bbox 691 2494 780 2548; x_wconf 89' lang='lat' dir='ltr'>etiam</span> <span class='ocrx_word' id='word_1_158' title='bbox 805 2493 920 2565; x_wconf 82' lang='lat' dir='ltr'>legibus</span> <span class='ocrx_word' id='word_1_159' title='bbox 947 2495 1154 2550; x_wconf 78' lang='lat' dir='ltr'>saecularibus⁴</span> <span class='ocrx_word' id='word_1_160' title='bbox 1171 2497 1328 2563; x_wconf 85' lang='lat' dir='ltr'>invenitur,</span> <span class='ocrx_word' id='word_1_161' title='bbox 1357 2503 1392 2552; x_wconf 89' lang='lat' dir='ltr'>ut</span> 
     </span>
     <span class='ocr_line' id='line_1_20' title="bbox 339 2577 1390 2649; baseline 0.005 -18"><span class='ocrx_word' id='word_1_162' title='bbox 339 2578 357 2604; x_wconf 87' lang='lat'>‘⁴</span> <span class='ocrx_word' id='word_1_163' title='bbox 378 2594 443 2648; x_wconf 79' lang='lat' dir='ltr'>quae</span> <span class='ocrx_word' id='word_1_164' title='bbox 460 2578 537 2633; x_wconf 83' lang='lat' dir='ltr'>facta</span> <span class='ocrx_word' id='word_1_165' title='bbox 554 2577 667 2633; x_wconf 77' lang='lat' dir='ltr'>laedunt</span> <span class='ocrx_word' id='word_1_166' title='bbox 684 2577 832 2649; x_wconf 89' lang='lat' dir='ltr'>pietatem,</span> <span class='ocrx_word' id='word_1_167' title='bbox 852 2578 1086 2644; x_wconf 71' lang='lat' dir='ltr'>estimationem,</span> <span class='ocrx_word' id='word_1_168' title='bbox 1099 2580 1306 2636; x_wconf 83' lang='lat' dir='ltr'>verecundiam</span> <span class='ocrx_word' id='word_1_169' title='bbox 1324 2598 1390 2636; x_wconf 91' lang='lat' dir='ltr'>nos·</span> 
     </span>
     <span class='ocr_line' id='line_1_21' title="bbox 338 2660 1392 2732; baseline 0.005 -18"><span class='ocrx_word' id='word_1_170' title='bbox 338 2662 453 2714; x_wconf 88' lang='lat' dir='ltr'>“tram</span> <span class='ocrx_word' id='word_1_171' title='bbox 478 2667 507 2715; x_wconf 91' lang='lat' dir='ltr'>et</span> <span class='ocrx_word' id='word_1_172' title='bbox 537 2660 713 2732; x_wconf 79' lang='lat' dir='ltr'>generaliter</span> <span class='ocrx_word' id='word_1_173' title='bbox 743 2678 808 2731; x_wconf 84' lang='lat' dir='ltr'>quas</span> <span class='ocrx_word' id='word_1_174' title='bbox 838 2661 923 2716; x_wconf 86' lang='lat' dir='ltr'>bonis</span> <span class='ocrx_word' id='word_1_175' title='bbox 952 2662 1081 2718; x_wconf 89' lang='lat' dir='ltr'>moribus</span> <span class='ocrx_word' id='word_1_176' title='bbox 1108 2661 1308 2729; x_wconf 83' lang='lat' dir='ltr'>adversantur,</span> <span class='ocrx_word' id='word_1_177' title='bbox 1337 2681 1392 2719; x_wconf 92' lang='lat' dir='ltr'>nec</span> 
     </span>
     <span class='ocr_line' id='line_1_22' title="bbox 376 2745 1391 2819; baseline 0.003 -18"><span class='ocrx_word' id='word_1_178' title='bbox 376 2762 459 2816; x_wconf 89' lang='lat' dir='ltr'>posse</span> <span class='ocrx_word' id='word_1_179' title='bbox 489 2763 542 2800; x_wconf 90' lang='lat' dir='ltr'>nos</span> <span class='ocrx_word' id='word_1_180' title='bbox 571 2746 666 2800; x_wconf 84' lang='lat' dir='ltr'>facere</span> <span class='ocrx_word' id='word_1_181' title='bbox 696 2745 736 2801; x_wconf 92' lang='lat' dir='ltr'>sit</span> <span class='ocrx_word' id='word_1_182' title='bbox 765 2745 951 2801; x_wconf 90' lang='lat' dir='ltr'>credendum.</span> <span class='ocrx_word' id='word_1_183' title='bbox 1002 2745 1096 2818; x_wconf 86' lang='lat' dir='ltr'>Super</span> <span class='ocrx_word' id='word_1_184' title='bbox 1126 2764 1160 2802; x_wconf 95' lang='lat' dir='ltr'>eo</span> <span class='ocrx_word' id='word_1_185' title='bbox 1188 2766 1302 2819; x_wconf 89' lang='lat' dir='ltr'>quoque</span> <span class='ocrx_word' id='word_1_186' title='bbox 1331 2766 1391 2804; x_wconf 91' lang='lat' dir='ltr'>non</span> 
     </span>
     <span class='ocr_line' id='line_1_23' title="bbox 339 2829 1390 2905; baseline 0.004 -21"><span class='ocrx_word' id='word_1_187' title='bbox 339 2830 534 2885; x_wconf 87' lang='lat' dir='ltr'>“sufficimus</span> <span class='ocrx_word' id='word_1_188' title='bbox 563 2829 712 2895; x_wconf 84' lang='lat' dir='ltr'>admirari,</span> <span class='ocrx_word' id='word_1_189' title='bbox 744 2829 821 2900; x_wconf 90' lang='lat' dir='ltr'>quod</span> <span class='ocrx_word' id='word_1_190' title='bbox 858 2847 924 2885; x_wconf 90' lang='lat' dir='ltr'>cum</span> <span class='ocrx_word' id='word_1_191' title='bbox 954 2830 1033 2886; x_wconf 86' lang='lat' dir='ltr'>dicta</span> <span class='ocrx_word' id='word_1_192' title='bbox 1063 2831 1186 2886; x_wconf 88' lang='lat' dir='ltr'>ecclesia</span> <span class='ocrx_word' id='word_1_193' title='bbox 1217 2832 1390 2905; x_wconf 89' lang='lat' dir='ltr'>jamdudum</span> 
     </span>
     <span class='ocr_line' id='line_1_24' title="bbox 340 2913 1390 2988; baseline 0.004 -20"><span class='ocrx_word' id='word_1_194' title='bbox 340 2917 357 2941; x_wconf 84' lang='lat'>‘⁶</span> <span class='ocrx_word' id='word_1_195' title='bbox 378 2913 463 2986; x_wconf 90' lang='lat' dir='ltr'>quasi</span> <span class='ocrx_word' id='word_1_196' title='bbox 481 2913 555 2984; x_wconf 89' lang='lat' dir='ltr'>lapis</span> <span class='ocrx_word' id='word_1_197' title='bbox 581 2913 747 2968; x_wconf 81' lang='lat' dir='ltr'>offensionis</span> <span class='ocrx_word' id='word_1_198' title='bbox 766 2914 854 2968; x_wconf 89' lang='lat' dir='ltr'>fuerit</span> <span class='ocrx_word' id='word_1_199' title='bbox 871 2920 901 2968; x_wconf 91' lang='lat' dir='ltr'>et</span> <span class='ocrx_word' id='word_1_200' title='bbox 923 2919 1008 2985; x_wconf 87' lang='lat' dir='ltr'>petra</span> <span class='ocrx_word' id='word_1_201' title='bbox 1034 2914 1173 2980; x_wconf 88' lang='lat' dir='ltr'>scandali,</span> <span class='ocrx_word' id='word_1_202' title='bbox 1192 2932 1320 2988; x_wconf 82' lang='lat' dir='ltr'>proque</span> <span class='ocrx_word' id='word_1_203' title='bbox 1337 2934 1390 2972; x_wconf 89' lang='lat' dir='ltr'>nos</span> 
     </span>
     <span class='ocr_line' id='line_1_25' title="bbox 338 2996 1390 3070; baseline 0.002 -17"><span class='ocrx_word' id='word_1_204' title='bbox 338 3001 357 3025; x_wconf 81' lang='lat'>‘⁴</span> <span class='ocrx_word' id='word_1_205' title='bbox 376 3002 407 3053; x_wconf 91' lang='lat' dir='ltr'>et</span> <span class='ocrx_word' id='word_1_206' title='bbox 431 2996 655 3068; x_wconf 77' lang='lat' dir='ltr'>predecessores</span> <span class='ocrx_word' id='word_1_207' title='bbox 682 2997 776 3052; x_wconf 88' lang='lat' dir='ltr'>nostri</span> <span class='ocrx_word' id='word_1_208' title='bbox 801 2996 938 3053; x_wconf 84' lang='lat' dir='ltr'>adversus</span> <span class='ocrx_word' id='word_1_209' title='bbox 963 3004 993 3053; x_wconf 92' lang='lat' dir='ltr'>te</span> <span class='ocrx_word' id='word_1_210' title='bbox 1020 3004 1143 3069; x_wconf 88' lang='lat' dir='ltr'>tuosque</span> <span class='ocrx_word' id='word_1_211' title='bbox 1167 3000 1390 3070; x_wconf 73' lang='lat' dir='ltr'>predecessores</span> 
     </span>
     <span class='ocr_line' id='line_1_26' title="bbox 339 3079 1391 3154; baseline 0.005 -20"><span class='ocrx_word' id='word_1_212' title='bbox 339 3082 356 3107; x_wconf 87' lang='lat'><strong>“</strong></span> <span class='ocrx_word' id='word_1_213' title='bbox 376 3079 418 3135; x_wconf 88' lang='lat' dir='ltr'>ita</span> <span class='ocrx_word' id='word_1_214' title='bbox 435 3080 565 3151; x_wconf 80' lang='lat' dir='ltr'>graviter</span> <span class='ocrx_word' id='word_1_215' title='bbox 582 3097 681 3135; x_wconf 88' lang='lat' dir='ltr'>eumue</span> <span class='ocrx_word' id='word_1_216' title='bbox 698 3080 783 3146; x_wconf 89' lang='lat' dir='ltr'>moti,</span> <span class='ocrx_word' id='word_1_217' title='bbox 796 3086 827 3135; x_wconf 89' lang='lat' dir='ltr'>et</span> <span class='ocrx_word' id='word_1_218' title='bbox 844 3080 901 3135; x_wconf 82' lang='lat' dir='ltr'>viri</span> <span class='ocrx_word' id='word_1_219' title='bbox 919 3081 1050 3152; x_wconf 79' lang='lat' dir='ltr'>religiosi</span> <span class='ocrx_word' id='word_1_220' title='bbox 1068 3081 1178 3152; x_wconf 89' lang='lat' dir='ltr'>pariter</span> <span class='ocrx_word' id='word_1_221' title='bbox 1189 3087 1219 3137; x_wconf 89' lang='lat' dir='ltr'>et</span> <span class='ocrx_word' id='word_1_222' title='bbox 1233 3082 1391 3154; x_wconf 80' lang='lat' dir='ltr'>prudentes</span> 
     </span>
     <span class='ocr_line' id='line_1_27' title="bbox 338 3163 1389 3236; baseline 0.004 -18"><span class='ocrx_word' id='word_1_223' title='bbox 338 3166 357 3190; x_wconf 88' lang='lat'>“</span> <span class='ocrx_word' id='word_1_224' title='bbox 376 3164 511 3218; x_wconf 89' lang='lat' dir='ltr'>monachi</span> <span class='ocrx_word' id='word_1_225' title='bbox 538 3163 772 3229; x_wconf 79' lang='lat' dir='ltr'>Cantaurienses,</span> <span class='ocrx_word' id='word_1_226' title='bbox 792 3164 843 3234; x_wconf 90' lang='lat' dir='ltr'>qui</span> <span class='ocrx_word' id='word_1_227' title='bbox 869 3164 966 3218; x_wconf 90' lang='lat' dir='ltr'>omnia</span> <span class='ocrx_word' id='word_1_228' title='bbox 989 3163 1161 3220; x_wconf 83' lang='lat' dir='ltr'>dimiserunt</span> <span class='ocrx_word' id='word_1_229' title='bbox 1185 3183 1237 3236; x_wconf 89' lang='lat' dir='ltr'>pro</span> <span class='ocrx_word' id='word_1_230' title='bbox 1263 3165 1389 3231; x_wconf 82' lang='lat' dir='ltr'>Christo,</span> 
     </span>
     <span class='ocr_line' id='line_1_28' title="bbox 337 3246 1390 3320; baseline 0 -16"><span class='ocrx_word' id='word_1_231' title='bbox 337 3251 356 3275; x_wconf 87' lang='lat'>“</span> <span class='ocrx_word' id='word_1_232' title='bbox 376 3254 421 3304; x_wconf 90' lang='lat' dir='ltr'>tot</span> <span class='ocrx_word' id='word_1_233' title='bbox 438 3247 584 3303; x_wconf 79' lang='lat' dir='ltr'>laboribus</span> <span class='ocrx_word' id='word_1_234' title='bbox 602 3252 632 3302; x_wconf 90' lang='lat' dir='ltr'>et</span> <span class='ocrx_word' id='word_1_235' title='bbox 650 3246 808 3312; x_wconf 88' lang='lat' dir='ltr'>doloribus,</span> <span class='ocrx_word' id='word_1_236' title='bbox 822 3252 868 3302; x_wconf 90' lang='lat' dir='ltr'>tot</span> <span class='ocrx_word' id='word_1_237' title='bbox 886 3247 1030 3302; x_wconf 88' lang='lat' dir='ltr'>mortibus</span> <span class='ocrx_word' id='word_1_238' title='bbox 1049 3253 1079 3301; x_wconf 91' lang='lat' dir='ltr'>et</span> <span class='ocrx_word' id='word_1_239' title='bbox 1095 3248 1242 3318; x_wconf 88' lang='lat' dir='ltr'>perieulis,</span> <span class='ocrx_word' id='word_1_240' title='bbox 1255 3266 1390 3320; x_wconf 88' lang='lat' dir='ltr'>personae</span> 
     </span>
     <span class='ocr_line' id='line_1_29' title="bbox 337 3329 1392 3404; baseline 0 -18"><span class='ocrx_word' id='word_1_241' title='bbox 337 3333 355 3356; x_wconf 84' lang='lat'>‘¹</span> <span class='ocrx_word' id='word_1_242' title='bbox 375 3338 405 3386; x_wconf 90' lang='lat' dir='ltr'>et</span> <span class='ocrx_word' id='word_1_243' title='bbox 428 3348 475 3385; x_wconf 91' lang='lat' dir='ltr'>res</span> <span class='ocrx_word' id='word_1_244' title='bbox 501 3347 560 3384; x_wconf 90' lang='lat' dir='ltr'>non</span> <span class='ocrx_word' id='word_1_245' title='bbox 578 3329 786 3384; x_wconf 81' lang='lat' dir='ltr'>dubitaverunt</span> <span class='ocrx_word' id='word_1_246' title='bbox 812 3330 979 3401; x_wconf 87' lang='lat' dir='ltr'>frequenter</span> <span class='ocrx_word' id='word_1_247' title='bbox 1003 3346 1156 3401; x_wconf 86' lang='lat' dir='ltr'>exponere,</span> <span class='ocrx_word' id='word_1_248' title='bbox 1176 3332 1253 3403; x_wconf 91' lang='lat' dir='ltr'>quod</span> <span class='ocrx_word' id='word_1_249' title='bbox 1277 3332 1392 3404; x_wconf 89' lang='lat' dir='ltr'>procul·</span> 
     </span>
     <span class='ocr_line' id='line_1_30' title="bbox 337 3411 1390 3485; baseline 0.003 -17"><span class='ocrx_word' id='word_1_250' title='bbox 337 3417 356 3440; x_wconf 92' lang='lat'>“</span> <span class='ocrx_word' id='word_1_251' title='bbox 376 3413 464 3469; x_wconf 90' lang='lat' dir='ltr'>dubio</span> <span class='ocrx_word' id='word_1_252' title='bbox 485 3419 546 3467; x_wconf 91' lang='lat' dir='ltr'>tam</span> <span class='ocrx_word' id='word_1_253' title='bbox 577 3412 622 3466; x_wconf 92' lang='lat' dir='ltr'>illi</span> <span class='ocrx_word' id='word_1_254' title='bbox 641 3429 728 3482; x_wconf 87' lang='lat' dir='ltr'>quam</span> <span class='ocrx_word' id='word_1_255' title='bbox 746 3413 795 3468; x_wconf 89' lang='lat' dir='ltr'>isti</span> <span class='ocrx_word' id='word_1_256' title='bbox 816 3420 855 3485; x_wconf 33' lang='lat' dir='ltr'>,ut</span> <span class='ocrx_word' id='word_1_257' title='bbox 881 3411 993 3468; x_wconf 90' lang='lat' dir='ltr'>dictum</span> <span class='ocrx_word' id='word_1_258' title='bbox 1019 3420 1139 3468; x_wconf 90' lang='lat' dir='ltr'>estnon</span> <span class='ocrx_word' id='word_1_259' title='bbox 1167 3415 1312 3481; x_wconf 84' lang='lat' dir='ltr'>fecissent,</span> <span class='ocrx_word' id='word_1_260' title='bbox 1333 3416 1390 3471; x_wconf 86' lang='lat' dir='ltr'>nisi</span> 
     </span>
     <span class='ocr_line' id='line_1_31' title="bbox 339 3495 1390 3568; baseline 0.003 -17"><span class='ocrx_word' id='word_1_261' title='bbox 339 3499 583 3568; x_wconf 81' lang='lat' dir='ltr'>“cognoscerent</span> <span class='ocrx_word' id='word_1_262' title='bbox 618 3496 768 3566; x_wconf 75' lang='lat' dir='ltr'>praemissa</span> <span class='ocrx_word' id='word_1_263' title='bbox 796 3495 938 3566; x_wconf 86' lang='lat' dir='ltr'>respicere</span> <span class='ocrx_word' id='word_1_264' title='bbox 975 3496 1006 3549; x_wconf 93' lang='lat' dir='ltr'>in</span> <span class='ocrx_word' id='word_1_265' title='bbox 1043 3514 1133 3567; x_wconf 81' lang='lat' dir='ltr'>grave</span> <span class='ocrx_word' id='word_1_266' title='bbox 1169 3496 1390 3554; x_wconf 79' lang='lat' dir='ltr'>Cantuariensis</span> 
     </span>
     <span class='ocr_line' id='line_1_32' title="bbox 339 3578 1390 3653; baseline 0.001 -17"><span class='ocrx_word' id='word_1_267' title='bbox 339 3584 357 3608; x_wconf 76' lang='lat'>‘⁸</span> <span class='ocrx_word' id='word_1_268' title='bbox 376 3579 504 3637; x_wconf 77' lang='lat' dir='ltr'>ecclesias</span> <span class='ocrx_word' id='word_1_269' title='bbox 523 3578 733 3633; x_wconf 91' lang='lat' dir='ltr'>detrimentum</span> <span class='ocrx_word' id='word_1_270' title='bbox 740 3584 820 3644; x_wconf 88' lang='lat' dir='ltr'>;-ut</span> <span class='ocrx_word' id='word_1_271' title='bbox 834 3578 871 3632; x_wconf 93' lang='lat' dir='ltr'>de</span> <span class='ocrx_word' id='word_1_272' title='bbox 886 3578 953 3634; x_wconf 89' lang='lat' dir='ltr'>aliis</span> <span class='ocrx_word' id='word_1_273' title='bbox 971 3579 1150 3643; x_wconf 87' lang='lat' dir='ltr'>omittamus,</span> <span class='ocrx_word' id='word_1_274' title='bbox 1163 3587 1197 3635; x_wconf 92' lang='lat' dir='ltr'>tu</span> <span class='ocrx_word' id='word_1_275' title='bbox 1214 3581 1319 3636; x_wconf 88' lang='lat' dir='ltr'>saltem</span> <span class='ocrx_word' id='word_1_276' title='bbox 1338 3599 1390 3653; x_wconf 93' lang='lat' dir='ltr'>pro</span> 
     </span>
     <span class='ocr_line' id='line_1_33' title="bbox 338 3661 1391 3732; baseline 0.001 -15"><span class='ocrx_word' id='word_1_277' title='bbox 338 3661 495 3718; x_wconf 87' lang='lat' dir='ltr'>“vitando</span> <span class='ocrx_word' id='word_1_278' title='bbox 519 3668 581 3716; x_wconf 91' lang='lat' dir='ltr'>tam</span> <span class='ocrx_word' id='word_1_279' title='bbox 605 3661 689 3732; x_wconf 83' lang='lat' dir='ltr'>gravi</span> <span class='ocrx_word' id='word_1_280' title='bbox 707 3661 842 3724; x_wconf 82' lang='lat' dir='ltr'>scandalo</span> <span class='ocrx_word' id='word_1_281' title='bbox 864 3662 1061 3732; x_wconf 85' lang='lat' dir='ltr'>proximorum</span> <span class='ocrx_word' id='word_1_282' title='bbox 1086 3663 1122 3717; x_wconf 92' lang='lat' dir='ltr'>ab</span> <span class='ocrx_word' id='word_1_283' title='bbox 1140 3662 1186 3718; x_wconf 93' lang='lat' dir='ltr'>his</span> <span class='ocrx_word' id='word_1_284' title='bbox 1211 3665 1300 3718; x_wconf 89' lang='lat' dir='ltr'>etiam</span> <span class='ocrx_word' id='word_1_285' title='bbox 1317 3665 1391 3720; x_wconf 78' lang='lat' dir='ltr'>tibi⁵</span> 
     </span>
     <span class='ocr_line' id='line_1_34' title="bbox 338 3745 1389 3818; baseline 0.002 -17"><span class='ocrx_word' id='word_1_286' title='bbox 338 3749 357 3773; x_wconf 87' lang='lat'><strong>“</strong></span> <span class='ocrx_word' id='word_1_287' title='bbox 376 3746 531 3818; x_wconf 89' lang='lat' dir='ltr'>prohibitis</span> <span class='ocrx_word' id='word_1_288' title='bbox 548 3762 608 3800; x_wconf 91' lang='lat' dir='ltr'>non</span> <span class='ocrx_word' id='word_1_289' title='bbox 633 3745 761 3810; x_wconf 86' lang='lat' dir='ltr'>cessasti,</span> <span class='ocrx_word' id='word_1_290' title='bbox 787 3762 853 3800; x_wconf 90' lang='lat' dir='ltr'>cum</span> <span class='ocrx_word' id='word_1_291' title='bbox 872 3762 962 3800; x_wconf 73' lang='lat' dir='ltr'>sacrm</span> <span class='ocrx_word' id='word_1_292' title='bbox 988 3746 1139 3817; x_wconf 73' lang='lat' dir='ltr'>scriptura</span> <span class='ocrx_word' id='word_1_293' title='bbox 1158 3747 1324 3802; x_wconf 89' lang='lat' dir='ltr'>testimonio</span> <span class='ocrx_word' id='word_1_294' title='bbox 1342 3747 1389 3803; x_wconf 89' lang='lat' dir='ltr'>de·</span> 
     </span>
     <span class='ocr_line' id='line_1_35' title="bbox 338 3828 1390 3903; baseline -0.001 -18"><span class='ocrx_word' id='word_1_295' title='bbox 338 3833 355 3858; x_wconf 82' lang='lat'>‘⁴</span> <span class='ocrx_word' id='word_1_296' title='bbox 376 3830 472 3886; x_wconf 84' lang='lat' dir='ltr'>bueria</span> <span class='ocrx_word' id='word_1_297' title='bbox 496 3829 640 3894; x_wconf 88' lang='lat' dir='ltr'>didicisse,</span> <span class='ocrx_word' id='word_1_298' title='bbox 661 3828 825 3900; x_wconf 90' lang='lat' dir='ltr'>quodlicet</span> <span class='ocrx_word' id='word_1_299' title='bbox 843 3844 930 3899; x_wconf 89' lang='lat' dir='ltr'>opera</span> <span class='ocrx_word' id='word_1_300' title='bbox 956 3828 1007 3882; x_wconf 89' lang='lat' dir='ltr'>illa</span> <span class='ocrx_word' id='word_1_301' title='bbox 1025 3846 1091 3900; x_wconf 75' lang='lat' dir='ltr'>quae</span> <span class='ocrx_word' id='word_1_302' title='bbox 1110 3829 1173 3884; x_wconf 91' lang='lat' dir='ltr'>sine</span> <span class='ocrx_word' id='word_1_303' title='bbox 1191 3831 1308 3885; x_wconf 89' lang='lat' dir='ltr'>mortali</span> <span class='ocrx_word' id='word_1_304' title='bbox 1325 3850 1390 3903; x_wconf 87' lang='lat' dir='ltr'>pec·</span> 
     </span>
     <span class='ocr_line' id='line_1_36' title="bbox 339 3915 1390 3988; baseline 0.001 -15"><span class='ocrx_word' id='word_1_305' title='bbox 339 3920 357 3944; x_wconf 83' lang='lat'>‘¹</span> <span class='ocrx_word' id='word_1_306' title='bbox 376 3924 440 3973; x_wconf 88' lang='lat' dir='ltr'>cato</span> <span class='ocrx_word' id='word_1_307' title='bbox 470 3916 581 3971; x_wconf 89' lang='lat' dir='ltr'>dimitti</span> <span class='ocrx_word' id='word_1_308' title='bbox 610 3933 668 3970; x_wconf 90' lang='lat' dir='ltr'>non</span> <span class='ocrx_word' id='word_1_309' title='bbox 698 3921 827 3988; x_wconf 90' lang='lat' dir='ltr'>possunt,</span> <span class='ocrx_word' id='word_1_310' title='bbox 846 3932 905 3969; x_wconf 90' lang='lat' dir='ltr'>non</span> <span class='ocrx_word' id='word_1_311' title='bbox 934 3915 995 3970; x_wconf 91' lang='lat' dir='ltr'>sint</span> <span class='ocrx_word' id='word_1_312' title='bbox 1025 3933 1076 3986; x_wconf 90' lang='lat' dir='ltr'>pro</span> <span class='ocrx_word' id='word_1_313' title='bbox 1108 3916 1227 3971; x_wconf 86' lang='lat' dir='ltr'>vitando</span> <span class='ocrx_word' id='word_1_314' title='bbox 1255 3918 1390 3975; x_wconf 89' lang='lat' dir='ltr'>scandalo</span> 
     </span>
     <span class='ocr_line' id='line_1_37' title="bbox 339 3999 1390 4071; baseline 0.001 -15"><span class='ocrx_word' id='word_1_315' title='bbox 339 4006 358 4030; x_wconf 93' lang='grc'>“</span> <span class='ocrx_word' id='word_1_316' title='bbox 376 4000 558 4065; x_wconf 84' lang='lat' dir='ltr'>dimittenda,</span> <span class='ocrx_word' id='word_1_317' title='bbox 580 4018 634 4055; x_wconf 91' lang='lat' dir='ltr'>nec</span> <span class='ocrx_word' id='word_1_318' title='bbox 660 4017 695 4055; x_wconf 89' lang='lat' dir='ltr'>es</span> <span class='ocrx_word' id='word_1_319' title='bbox 719 3999 825 4055; x_wconf 88' lang='lat' dir='ltr'>debent</span> <span class='ocrx_word' id='word_1_320' title='bbox 850 4017 902 4071; x_wconf 91' lang='lat' dir='ltr'>pro</span> <span class='ocrx_word' id='word_1_321' title='bbox 927 3999 1046 4054; x_wconf 81' lang='lat' dir='ltr'>vitando</span> <span class='ocrx_word' id='word_1_322' title='bbox 1074 4000 1209 4055; x_wconf 87' lang='lat' dir='ltr'>scandalo</span> <span class='ocrx_word' id='word_1_323' title='bbox 1234 4003 1390 4069; x_wconf 88' lang='lat' dir='ltr'>committi,</span> 
     </span>
     <span class='ocr_line' id='line_1_38' title="bbox 339 4081 1391 4155; baseline 0.003 -16"><span class='ocrx_word' id='word_1_324' title='bbox 339 4087 357 4111; x_wconf 73' lang='lat'>‘⁸</span> <span class='ocrx_word' id='word_1_325' title='bbox 378 4102 443 4155; x_wconf 79' lang='lat' dir='ltr'>quia</span> <span class='ocrx_word' id='word_1_326' title='bbox 469 4084 532 4139; x_wconf 89' lang='lat' dir='ltr'>sine</span> <span class='ocrx_word' id='word_1_327' title='bbox 564 4083 682 4139; x_wconf 87' lang='lat' dir='ltr'>mortali</span> <span class='ocrx_word' id='word_1_328' title='bbox 701 4090 820 4155; x_wconf 87' lang='lat' dir='ltr'>peccato</span> <span class='ocrx_word' id='word_1_329' title='bbox 850 4081 994 4137; x_wconf 90' lang='lat' dir='ltr'>committi</span> <span class='ocrx_word' id='word_1_330' title='bbox 1023 4102 1082 4138; x_wconf 92' lang='lat' dir='ltr'>non</span> <span class='ocrx_word' id='word_1_331' title='bbox 1112 4088 1239 4155; x_wconf 87' lang='lat' dir='ltr'>possunt.</span> <span class='ocrx_word' id='word_1_332' title='bbox 1276 4086 1324 4140; x_wconf 89' lang='lat' dir='ltr'>Ab</span> <span class='ocrx_word' id='word_1_333' title='bbox 1345 4087 1391 4142; x_wconf 86' lang='lat' dir='ltr'>his</span> 
     </span>
     <span class='ocr_line' id='line_1_39' title="bbox 338 4167 1391 4241; baseline 0.002 -16"><span class='ocrx_word' id='word_1_334' title='bbox 338 4174 356 4196; x_wconf 90' lang='lat'>“</span> <span class='ocrx_word' id='word_1_335' title='bbox 376 4176 474 4226; x_wconf 88' lang='lat' dir='ltr'>tamen</span> <span class='ocrx_word' id='word_1_336' title='bbox 492 4188 556 4240; x_wconf 81' lang='lat' dir='ltr'>quae</span> <span class='ocrx_word' id='word_1_337' title='bbox 574 4169 717 4224; x_wconf 90' lang='lat' dir='ltr'>committi</span> <span class='ocrx_word' id='word_1_338' title='bbox 734 4174 855 4240; x_wconf 86' lang='lat' dir='ltr'>possunt</span> <span class='ocrx_word' id='word_1_339' title='bbox 872 4167 935 4223; x_wconf 89' lang='lat' dir='ltr'>siue</span> <span class='ocrx_word' id='word_1_340' title='bbox 952 4175 1069 4240; x_wconf 88' lang='lat' dir='ltr'>peccato</span> <span class='ocrx_word' id='word_1_341' title='bbox 1087 4170 1213 4235; x_wconf 87' lang='lat' dir='ltr'>mortali,</span> <span class='ocrx_word' id='word_1_342' title='bbox 1233 4172 1342 4241; x_wconf 86' lang='lat' dir='ltr'>pariter</span> <span class='ocrx_word' id='word_1_343' title='bbox 1360 4177 1391 4227; x_wconf 91' lang='lat' dir='ltr'>et</span> 
     </span>
     <span class='ocr_line' id='line_1_40' title="bbox 307 4249 1390 4325; baseline 0.003 -19"><span class='ocrx_word' id='word_1_344' title='bbox 307 4282 314 4291; x_wconf 51' lang='grc' dir='ltr'><em>ι</em></span> <span class='ocrx_word' id='word_1_345' title='bbox 339 4256 357 4278; x_wconf 88' lang='grc'>“</span> <span class='ocrx_word' id='word_1_346' title='bbox 377 4251 496 4316; x_wconf 87' lang='lat' dir='ltr'>dimitti,</span> <span class='ocrx_word' id='word_1_347' title='bbox 510 4252 549 4307; x_wconf 89' lang='lat' dir='ltr'>sit</span> <span class='ocrx_word' id='word_1_348' title='bbox 566 4269 618 4323; x_wconf 92' lang='lat' dir='ltr'>pro</span> <span class='ocrx_word' id='word_1_349' title='bbox 636 4251 770 4307; x_wconf 86' lang='lat' dir='ltr'>scandalo</span> <span class='ocrx_word' id='word_1_350' title='bbox 788 4249 917 4307; x_wconf 90' lang='lat' dir='ltr'>tollendo</span> <span class='ocrx_word' id='word_1_351' title='bbox 935 4249 1107 4306; x_wconf 88' lang='lat' dir='ltr'>cessandum</span> <span class='ocrx_word' id='word_1_352' title='bbox 1124 4258 1154 4306; x_wconf 89' lang='lat' dir='ltr'>et</span> <span class='ocrx_word' id='word_1_353' title='bbox 1172 4252 1213 4308; x_wconf 91' lang='lat' dir='ltr'>eis</span> <span class='ocrx_word' id='word_1_354' title='bbox 1231 4253 1319 4308; x_wconf 87' lang='lat' dir='ltr'>etiam</span> <span class='ocrx_word' id='word_1_355' title='bbox 1337 4272 1390 4325; x_wconf 94' lang='lat' dir='ltr'>pro</span> 
     </span>
     <span class='ocr_line' id='line_1_41' title="bbox 340 4334 1391 4408; baseline 0.002 -17"><span class='ocrx_word' id='word_1_356' title='bbox 340 4339 359 4362; x_wconf 86' lang='lat'><strong>“</strong></span> <span class='ocrx_word' id='word_1_357' title='bbox 378 4336 495 4391; x_wconf 80' lang='lat' dir='ltr'>vitando</span> <span class='ocrx_word' id='word_1_358' title='bbox 528 4335 663 4391; x_wconf 85' lang='lat' dir='ltr'>scandalo</span> <span class='ocrx_word' id='word_1_359' title='bbox 688 4334 888 4391; x_wconf 89' lang='lat' dir='ltr'>insistendum.</span> <span class='ocrx_word' id='word_1_360' title='bbox 937 4334 1023 4390; x_wconf 90' lang='lat' dir='ltr'>Unde</span> <span class='ocrx_word' id='word_1_361' title='bbox 1044 4335 1190 4406; x_wconf 85' lang='lat' dir='ltr'>apostolus</span> <span class='ocrx_word' id='word_1_362' title='bbox 1218 4337 1248 4390; x_wconf 93' lang='lat' dir='ltr'>in</span> <span class='ocrx_word' id='word_1_363' title='bbox 1266 4337 1391 4408; x_wconf 88' lang='lat' dir='ltr'>epistola</span> 
     </span>
    </p>
   </div>
   <div class='ocr_carea' id='block_1_3' title="bbox 355 4472 578 4481">
    <p class='ocr_par' dir='ltr' id='par_1_3' title="bbox 355 4472 578 4481">
     <span class='ocr_line' id='line_1_42' title="bbox 355 4472 578 4481; baseline -0.004 -1"><span class='ocrx_word' id='word_1_364' title='bbox 355 4472 578 4481; x_wconf 75' lang='lat'><strong>..——-——.</strong></span> 
     </span>
    </p>
   </div>
   <div class='ocr_carea' id='block_1_4' title="bbox 346 4553 1389 4846">
    <p class='ocr_par' dir='ltr' id='par_1_4' title="bbox 373 4553 1389 4699">
     <span class='ocr_line' id='line_1_43' title="bbox 373 4553 1389 4621; baseline 0.002 -15"><span class='ocrx_word' id='word_1_365' title='bbox 373 4556 464 4620; x_wconf 89' lang='lat' dir='ltr'>¹Pope</span> <span class='ocrx_word' id='word_1_366' title='bbox 478 4554 803 4618; x_wconf 85' lang='lat' dir='ltr'>SiriciustoHimerius,c.</span> <span class='ocrx_word' id='word_1_367' title='bbox 817 4561 840 4605; x_wconf 81' lang='lat'>7.</span> <span class='ocrx_word' id='word_1_368' title='bbox 923 4553 1119 4621; x_wconf 52' lang='lat' dir='ltr'>mansoribus]</span> <span class='ocrx_word' id='word_1_369' title='bbox 1152 4555 1252 4620; x_wconf 82' lang='lat' dir='ltr'>Digest,</span> <span class='ocrx_word' id='word_1_370' title='bbox 1280 4557 1323 4607; x_wconf 86' lang='lat' dir='ltr'>lib.</span> <span class='ocrx_word' id='word_1_371' title='bbox 1348 4564 1389 4620; x_wconf 78' lang='lat'>28,</span> 
     </span>
     <span class='ocr_line' id='line_1_44' title="bbox 373 4633 1047 4699; baseline -0.003 -15"><span class='ocrx_word' id='word_1_372' title='bbox 373 4633 507 4699; x_wconf 57' lang='lat' dir='ltr'>&#39;illitam</span> <span class='ocrx_word' id='word_1_373' title='bbox 523 4633 637 4693; x_wconf 86' lang='lat' dir='ltr'>illabata,</span> <span class='ocrx_word' id='word_1_374' title='bbox 649 4634 680 4685; x_wconf 84' lang='lat' dir='ltr'>C.</span> <span class='ocrx_word' id='word_1_375' title='bbox 891 4633 930 4683; x_wconf 88' lang='lat' dir='ltr'>tit.</span> <span class='ocrx_word' id='word_1_376' title='bbox 943 4634 995 4693; x_wconf 84' lang='lat'>7,1.</span> <span class='ocrx_word' id='word_1_377' title='bbox 1008 4638 1047 4683; x_wconf 77' lang='lat'>1⁶.</span> 
     </span>
    </p>

    <p class='ocr_par' dir='ltr' id='par_1_5' title="bbox 346 4711 1117 4846">
     <span class='ocr_line' id='line_1_45' title="bbox 372 4711 1117 4779; baseline -0.003 -15"><span class='ocrx_word' id='word_1_378' title='bbox 372 4712 554 4779; x_wconf 68' lang='lat' dir='ltr'>³caseoru&#39;cum]</span> <span class='ocrx_word' id='word_1_379' title='bbox 580 4714 617 4764; x_wconf 88' lang='lat'>11.</span> <span class='ocrx_word' id='word_1_380' title='bbox 641 4713 727 4774; x_wconf 74' lang='lat' dir='ltr'>Dect,</span> <span class='ocrx_word' id='word_1_381' title='bbox 744 4711 798 4764; x_wconf 81' lang='lat' dir='ltr'>xiv.</span> <span class='ocrx_word' id='word_1_382' title='bbox 817 4729 843 4761; x_wconf 81' lang='lat' dir='ltr'>v.</span> <span class='ocrx_word' id='word_1_383' title='bbox 927 4712 1009 4778; x_wconf 68' lang='lat' dir='ltr'>‘atq</span> <span class='ocrx_word' id='word_1_384' title='bbox 1025 4728 1075 4762; x_wconf 91' lang='lat' dir='ltr'>om.</span> <span class='ocrx_word' id='word_1_385' title='bbox 1087 4713 1117 4762; x_wconf 90' lang='grc' dir='ltr'>Β.</span> 
     </span>
     <span class='ocr_line' id='line_1_46' title="bbox 346 4800 384 4846; baseline 0.053 -2"><span class='ocrx_word' id='word_1_386' title='bbox 346 4800 384 4846; x_wconf 86' lang='lat'>10.</span> 
     </span>
    </p>
   </div>
   <div class='ocr_carea' id='block_1_5' title="bbox 0 0 1800 5740">
    <p class='ocr_par' dir='ltr' id='par_1_6' title="bbox 0 0 1800 5740">
     <span class='ocr_line' id='line_1_47' title="bbox 0 0 1800 5740; baseline 0 0"><span class='ocrx_word' id='word_1_387' title='bbox 0 0 1800 5740; x_wconf 95' lang='lat' dir='ltr'> </span> 
     </span>
    </p>
   </div>
  </div>
 </body>
</html>
