3572 5744
378 903 443 967 120
576 916 738 966 ossvssu
760 916 922 966 nonnoni
944 914 1218 966 esnrusmsnsm

225 1119 283 1165 sn.
292 1122 351 1163 1141.
379 1122 438 1160 non
468 1103 616 1175 adquievit
645 1104 696 1160 eis.
749 1095 974 1162 Innotuerunt
998 1095 1082 1161 *htec
1119 1095 1268 1161 celeriter
1306 1095 1434 1162 civibus
1455 1108 1611 1160 Contlllor.

208 1171 673 1275 biidssiisttondoniensibus,
707 1198 850 1285 indeque
887 1198 1101 1264 vehementer
1139 1197 1305 1284 indignati
1347 1202 1435 1274 sunt,
1457 1175 1551 1306 5557·

209 1272 259 1318 ¹¹⁰³·
381 1296 521 1373 fmtaque
545 1295 743 1368 conjuratione
768 1296 906 1353 adversus
932 1295 1018 1362 eam,l
1037 1313 1123 1367 quam
1149 1313 1216 1351 curn
1243 1295 1354 1352 honore
1375 1312 1435 1352 sus·

381 1382 526 1449 ceperant,
545 1392 612 1430 cum
631 1375 770 1431 dedecore
796 1375 1038 1449 comprehendere
1064 1381 1235 1431 statuerunt.
1272 1374 1315 1430 At
1336 1375 1398 1441 illa,
1419 1392 1437 1429 a

382 1460 506 1534 quodam
536 1457 644 1513 civium
671 1460 854 1529 praemunita,
880 1458 1103 1530 ignominiosam
1130 1475 1197 1512 curn
1224 1457 1285 1513 suis
1313 1457 1438 1529 erripuit

383 1546 494 1617 fugam,
522 1543 602 1597 omni
628 1558 681 1597 sua
705 1559 882 1614 suorumque
907 1542 1100 1614 suppellectili
1124 1547 1191 1613 post
1214 1544 1298 1612 terga
1326 1541 1437 1597 relicte.

214 1626 354 1672 sheflieto
385 1628 448 1698 Quo
465 1624 537 1689 viso,
557 1622 716 1678 Wintoniae
742 1624 849 1694 praesul
874 1613 1039 1678 Henricus
1063 1621 1100 1677 ad
1125 1620 1364 1678 deliberationem
1382 1621 1438 1676 sra-

214 1678 340 1772 iditum
340 1689 359 1726 r,
383 1709 439 1764 tris
457 1705 502 1761 sui
519 1708 647 1758 mentem
664 1702 810 1772 apposuit,
830 1708 917 1773 atque
934 1702 1044 1757 adhoc
1071 1698 1268 1772 peragendum
1294 1700 1438 1756 Londoni.

215 1777 344 1824 ²⁰⁰¹f0ffl·
385 1783 500 1837 ensium
519 1773 642 1840 civium
676 1781 791 1837 animos
808 1782 1006 1853 virtutemque
1026 1770 1215 1839 concitavit.

430 1871 521 1926 Porro
547 1860 745 1948 imperatrix
767 1868 882 1940 fugiens
900 1888 952 1941 per
965 1868 1186 1926 Oxenefordiam
1198 1861 1327 1927 concito
1341 1883 1439 1928 cursu

386 1957 595 2016 Gloecestrism
608 1957 758 2038 pervenit,
777 1956 909 2013 obicum
927 1957 1037 2012 Milone
1048 1947 1139 2013 fideli
1154 1969 1213 2014 suo
1235 1950 1351 2017 habito
1373 1979 1438 2018 cou-

386 2047 461 2113 silio,
481 2066 548 2104 cnm
566 2048 668 2104 eodem
686 2058 765 2101 mox
784 2045 821 2100 ad
839 2043 1060 2101 Oxenefordism
1077 2059 1199 2102 reversa
1213 2046 1272 2116 est,
1295 2040 1439 2107 melioris

386 2127 529 2194 fortunae
544 2133 684 2193 eventus
708 2134 920 2207 praestolatura,
947 2133 1160 2209 dispersosque
1177 2136 1291 2194 milites
1302 2151 1377 2195 suos
1389 2153 1438 2196 re·
1507 2166 1510 2171 Δ

387 2232 542 2282 vocatura.
579 2225 654 2295 Quia
665 2235 743 2280 vero
761 2221 890 2296 ejusdem
907 2222 1025 2277 Milonis
1042 2221 1188 2295 precipue
1206 2224 1355 2282 fruebatur
1373 2245 1439 2284 cou-

219 2311 321 2356 llilesot
345 2361 349 2371 ,
388 2305 455 2368 silio
472 2310 502 2362 et
519 2305 628 2362 auxilio
646 2305 805 2368 fevebatur,
825 2308 926 2373 utpote
953 2320 1019 2373 quae
1045 2308 1166 2358 eatenus
1190 2322 1245 2361 nec
1270 2307 1355 2362 unius
1380 2308 1439 2363 diei

218 2361 364 2457 ffffifflu
387 2386 499 2443 victum
516 2403 571 2441 nec
588 2402 696 2441 mensas
714 2387 887 2455 apparatum
905 2381 1021 2440 aliunde
1039 2401 1126 2457 quam
1151 2373 1192 2441 de
1209 2388 1300 2459 ipsius
1324 2387 1439 2443 munifi-

219 2465 349 2516 wrnoriflr·
388 2465 482 2522 centia
506 2464 569 2520 sive
593 2463 778 2537 previdentia
804 2470 961 2533 acceperat,
981 2481 1033 2536 pro
1058 2485 1173 2541 megnoe
1198 2468 1440 2525 remunerationis

388 2544 510 2617 praemio
548 2543 584 2602 et
620 2552 654 2602 ut
672 2561 740 2599 eum
757 2560 810 2599 suo
833 2542 1066 2602 artiusvinciret
1090 2548 1264 2614 ministerio,
1284 2540 1377 2606 dedit
1408 2539 1439 2604 ei

387 2636 559 2692 comitatum
578 2633 766 2691 Hereiordiae.
804 2631 877 2686 inde
892 2632 955 2704 jam
973 2636 1100 2691 militum
1118 2639 1227 2694 virtute
1247 2638 1383 2696 roborata
1404 2634 1439 2694 et

386 2741 516 2792 numero,
549 2724 797 2798 appropinquante
824 2716 916 2776 festo‘
929 2719 1030 2777 Sancti
1061 2723 1140 2779 Petri
1165 2743 1229 2797 quse
1262 2724 1371 2781 dicitnr
1401 2727 1439 2781 ad

387 2815 522 2883 Vincula,
541 2816 696 2888 ignorante
722 2813 812 2867 fratre
837 2827 889 2867 suo
919 2813 1025 2868 comite
1051 2813 1188 2881 Roberto,
1207 2815 1439 2872 wintoniensem

218 2894 374 2996 {vhffitgflm
388 2900 470 2957 venit
495 2900 533 2957 od
556 2901 677 2962 urbem;
702 2896 753 2953 sed
778 2912 842 2950 eam
866 2896 927 2966 jam
952 2913 970 2950 a
994 2914 1025 2953 se
1049 2898 1204 2954 alienatam
1229 2899 1387 2964 inveniens,
1407 2900 1439 2954 in

216 2994 366 3049 thetuhop·
387 2984 507 3038 castello
525 2982 652 3052 suscepit
676 2977 847 3048 hospitium.
884 2976 975 3048 Cujus
1000 2979 1183 3050 inopinatum
1203 2980 1361 3037 adventum
1379 2983 1439 3055 epi·

218 3045 318 3099 ‘must‘
389 3091 492 3146 scopus
510 3074 657 3130 Henrious
677 3062 842 3137 admirans,
867 3068 992 3140 indeque
1017 3069 1204 3127 vehementer
1229 3074 1371 3139 turbatus,
1390 3092 1442 3146 per

389 3153 477 3210 aliam
507 3158 621 3225 portam
652 3148 813 3221 egrediens,
842 3165 904 3204 sese
927 3152 1000 3204 tune
1026 3154 1056 3203 et
1082 3148 1217 3221 deinceps
1242 3153 1443 3224 conspectibus

389 3244 451 3317 ejus
469 3243 642 3307 abnuerit,
662 3239 697 3299 et
720 3236 919 3319 congregata
940 3232 1201 3318 conspirantium
1225 3234 1443 3303 multitudine

389 3338 559 3404 civitatem
598 3339 704 3424 ipsam
736 3335 869 3401 fortiter
900 3335 1003 3420 ooepit
1039 3335 1195 3401 obsidere.
1242 3337 1443 3427 congregati

389 3446 469 3506 sunt
505 3462 549 3506 ex
580 3440 717 3506 edverso
749 3438 793 3502 ad
830 3436 1052 3503 defensionem
1090 3438 1308 3524 imperatricis
1344 3443 1442 3509 amici

389 3543 502 3631 ipsius,
524 3544 626 3609 frater
657 3543 728 3629 ejus
751 3562 858 3608 comes
891 3539 1055 3605 Robertus
1089 3545 1124 3605 et
1154 3540 1266 3607 fideles
1298 3544 1378 3630 ejus,
1408 3551 1443 3611 et

389 3649 515 3736 repleta
551 3655 603 3715 est
639 3648 758 3715 civitas
795 3644 1011 3711 multitudine
1049 3644 1196 3710 virorum
1233 3647 1370 3714 fortium
1408 3657 1443 3717 et

388 3762 619 3843 pugnatorum.
667 3754 802 3821 Civium
840 3772 970 3838 quoque
1004 3751 1282 3819 londoniensium
1315 3762 1355 3821 ut
1391 3759 1443 3823 in·
1497 3740 1502 3755 ¹

388 3858 507 3927 ehosta
543 3858 740 3946 perficerent
776 3855 875 3922 afluit
905 3854 1093 3920 multitudo.
1140 3861 1218 3919 Hinc
1244 3864 1308 3935 jam
1337 3866 1442 3926 denar.
1471 3938 1473 3943 Ι

216 3955 364 4052 afflasti
389 3961 447 4018 diis
476 3960 507 4016 in
537 3960 709 4017 alterutrum
741 3955 1007 4029 prorumpentibus,
1038 3955 1141 4012 civitas
1178 3954 1288 4013 famosa
1317 3960 1443 4016 secunda

387 4054 435 4110 die
476 4053 584 4110 mensis
620 4050 762 4123 Augusti,
798 4047 918 4126 agente
964 4045 999 4105 et
1040 4038 1251 4126 precipiente
1295 4042 1441 4128 ejusdem

284 4135 288 4144 '
386 4133 536 4200 civitatis
574 4133 735 4218 episeopo,
773 4130 919 4197 traditur
955 4129 1116 4206 incendio,
1148 4153 1205 4209 quo
1232 4143 1442 4197 monasterium

387 4228 653 4286 muctimonialium
689 4245 756 4283 oum
793 4218 930 4285 officinis
968 4227 1038 4294 suis,
1069 4233 1100 4283 et
1136 4225 1289 4296 plusquam
1319 4220 1441 4306 viginti

385 4317 517 4375 eeclesiis
535 4334 601 4372 cnm
620 4316 733 4372 meliori
751 4323 834 4387 parte
852 4317 990 4381 civitatis,
1010 4322 1040 4372 et
1067 4315 1199 4371 coenobio
1220 4313 1320 4370 Sancti
1346 4316 1441 4371 Grim-

383 4406 466 4462 baldi
491 4424 559 4463 curn
581 4405 693 4461 sedibus
718 4405 788 4469 suis,
814 4404 847 4459 in
876 4404 1003 4460 cinerem
1032 4400 1192 4459 redactum
1216 4398 1274 4458 est
1322 4402 1440 4475 Septem

383 4493 476 4565 igitur
494 4493 666 4565 septimanis
684 4493 716 4548 in
744 4491 894 4548 obsidione
920 4483 1112 4559 manscursis
1130 4490 1284 4563 episcopus
1309 4489 1438 4556 tandem,

383 4573 426 4639 ed
455 4584 648 4639 obsmsorum
694 4572 824 4637 animos
860 4571 1031 4649 fallendos,
1069 4569 1226 4659 praecepit
1254 4595 1307 4650 per
1336 4579 1438 4634 urbem

388 4722 573 4732 ——--.....—

671 4818 674 4825 -
785 4783 876 4851 ιεαινι]
889 4800 940 4836 om.
950 4786 985 4836 A.
997 4786 1027 4835 B.
