3646 5720
707 881 819 932 ornas
841 881 1034 932 meremus.
1327 864 1394 936 277

380 1066 495 1132 Mense
526 1065 722 1153 Septembri,
752 1066 870 1153 vigilia
896 1066 1027 1132 Sanctae
1055 1064 1179 1142 Crucis,
1209 1065 1293 1132 feria
1315 1065 1391 1142 iiiia
1420 1062 1543 1171 &ll-3¹¹1}

334 1165 416 1233 runa
437 1168 576 1245 xxavin,
598 1168 680 1235 hora
703 1168 796 1255 quae
819 1174 924 1245 sexu,
946 1167 1035 1234 faeta
1065 1173 1118 1234 ac
1149 1167 1280 1254 eclipsis
1312 1167 1391 1233 ess
1402 1136 1528 1270 qpfigor

333 1268 370 1332 in
393 1266 522 1346 (lautia,
538 1290 605 1334 non
627 1268 861 1335 universaliter
882 1267 941 1335 sed
963 1267 1213 1354 particulariter.
1262 1267 1389 1355 Corpus
1496 1257 1503 1271 ’

333 1369 422 1435 enim
443 1369 520 1434 solis
543 1370 781 1436 corniculatum
801 1370 966 1456 apparuit,
981 1370 1025 1435 ad
1047 1369 1249 1437 occidentem
1264 1390 1387 1436 cornua

333 1474 482 1552 tendens,
506 1479 547 1538 ut
577 1474 659 1539 luna
689 1474 774 1539 solet
803 1495 878 1540 cum
901 1473 1058 1539 vicesima
1080 1479 1140 1539 est.
1184 1473 1236 1539 De
1258 1473 1387 1558 reliqua

331 1575 409 1640 solis
431 1575 637 1642 rotunditate
659 1574 764 1641 nichil
786 1575 930 1662 amplius
952 1575 1137 1641 videbatur.
1185 1575 1273 1640 Nam
1296 1597 1385 1661 quae-

331 1675 408 1741 dam
430 1676 527 1762 nigra
548 1675 679 1762 sperula
700 1674 778 1742 solis
799 1675 963 1761 reliquum
979 1676 1067 1741 texit
1081 1675 1295 1761 splendorem,
1312 1698 1386 1762 quae

330 1777 491 1864 parrlntim
534 1778 732 1844 descendens
764 1777 970 1864 splendorem
1010 1778 1105 1842 illum
1146 1777 1385 1844 corniculatum

329 1879 415 1945 cirea
437 1902 471 1945 se
494 1879 530 1945 in
552 1885 647 1965 parte
669 1879 836 1965 superiore
858 1879 992 1957 rotavit,
1020 1879 1123 1945 donee
1152 1884 1293 1965 utraque
1315 1899 1385 1945 eor-

328 2001 396 2046 nua
425 1981 617 2067 penderent,
632 1981 800 2066 utrimque
821 1981 917 2066 quasi
946 1981 983 2045 in
1013 1985 1135 2046 terram
1164 1982 1383 2068 respicientes.

329 2081 479 2169 Cumque
498 2083 582 2148 illud
595 2083 729 2170 nigrum
743 2082 904 2169 paulatim
919 2085 1117 2170 procederet,
1132 2103 1255 2149 cornua
1269 2106 1384 2171 supra·

328 2184 418 2250 dicta
440 2184 575 2250 tandem
597 2184 824 2250 adorientem
853 2205 950 2251 versa
972 2190 1052 2250 sunt
1074 2189 1115 2250 ut
1143 2185 1179 2248 in
1202 2186 1384 2266 novilunio,

329 2308 403 2372 quae
433 2286 526 2373 prius
556 2292 652 2352 erant
684 2286 728 2352 ad
762 2287 973 2352 occidentem.
1021 2286 1141 2372 Sieque
1172 2288 1303 2373 sperula
1324 2289 1384 2355 illa

327 2388 424 2475 nigra
445 2388 607 2474 paulatim
630 2393 832 2465 transeunte,
854 2409 949 2453 suam
971 2387 1020 2453 sol
1043 2388 1167 2474 recepit
1189 2389 1381 2456 claritatem.

327 2492 395 2558 Aer
428 2512 507 2558 vero
539 2490 684 2556 nubibus
706 2490 874 2578 paulisper
894 2492 1053 2569 obtectus,
1077 2490 1206 2556 visibus
1227 2490 1382 2558 humanis

327 2592 472 2678 praebuit
493 2591 696 2677 adjutorium
718 2612 784 2677 quo
805 2590 935 2658 facilius
967 2591 1158 2677 supradicta
1180 2591 1380 2659 viderentur.

326 2692 477 2758 Diversis
500 2692 626 2758 interea
652 2692 739 2769 locis,
764 2690 927 2758 coloribus
950 2691 1052 2757 variis
1074 2712 1131 2757 aer
1152 2691 1278 2758 tinctus
1300 2700 1381 2772 erat,

326 2794 482 2861 videlicet
503 2793 614 2871 rubeo,
637 2815 756 2870 moneo,
772 2793 873 2859 viridi
896 2797 931 2858 et
952 2792 1085 2880 pallido.
1130 2792 1213 2858 Haec
1235 2813 1256 2858 a
1277 2800 1381 2861 meet

325 2896 393 2963 fere
415 2897 459 2962 ab
473 2897 627 2962 omnibus
641 2896 678 2960 in
693 2894 814 2961 Oantia
829 2896 1019 2961 constitutis
1033 2895 1242 2961 videbantur.
1287 2896 1380 2961 Alibi

326 3004 439 3065 autem
461 2998 591 3085 eclipsis
614 2997 683 3062 fuit
697 2996 904 3073 universalis,
919 3002 959 3061 ut
981 2996 1017 3060 in
1039 2996 1176 3062 meridie
1199 3017 1267 3063 nox
1289 2997 1382 3064 vide-

326 3105 419 3165 retur
433 3099 615 3176 tenebrosa,
636 3103 671 3166 et
692 3098 800 3165 socius
824 3097 950 3163 socium
972 3097 1074 3183 juxta
1088 3120 1124 3164 se
1144 3098 1290 3185 positum
1315 3120 1383 3165 non

326 3201 464 3267 videret.
511 3200 553 3264 In
579 3199 721 3266 Francia
747 3221 878 3285 quoque
903 3199 1033 3285 eclipsis
1056 3200 1122 3265 ista
1144 3201 1218 3267 visa
1239 3199 1311 3267 est¹

372 3301 447 3367 Hoc
460 3322 548 3367 anno
576 3300 736 3368 Ricardus
761 3300 801 3365 de
817 3300 899 3366 Luci
921 3300 1095 3387 praefectus
1117 3301 1257 3387 Angliae,
1273 3307 1383 3368 mente
1395 3303 1536 3399 {idm

327 3402 501 3470 revolvens
516 3402 630 3469 sedula
653 3402 732 3488 quia
758 3402 846 3488 quod
868 3402 1064 3488 antiquatur
1079 3408 1114 3467 et
1128 3403 1269 3469 senescit
1282 3425 1383 3491 prope
1393 3356 1551 3509 ἔξω

185 3586 201 3599 ..
216 3559 223 3572 .
328 3505 503 3571 interitum
518 3510 577 3581 est,
601 3505 637 3569 in
652 3503 735 3568 villa
749 3524 810 3569 sua
833 3524 908 3589 quae
930 3503 1109 3569 Hliecnes⁹
1124 3504 1247 3570 dicitur
1260 3526 1382 3571 novam

205 3623 212 3637 ·
259 3624 266 3639 ·
327 3606 508 3672 aedificavit
522 3605 699 3683 eeclesiam,
710 3609 745 3670 et
756 3605 928 3671 canonicos
943 3604 1066 3670 ibidem
1082 3605 1194 3690 posuit
1208 3606 1382 3693 regulares.

373 3708 550 3774 Guerricus
564 3711 677 3773 autem
701 3707 792 3792 prior
806 3705 1089 3783 Beremundensis,
1113 3706 1236 3772 electus
1258 3708 1302 3773 ad
1323 3709 1380 3774 ab
1392 3714 1541 3810 gfflqbot

326 3811 453 3877 batiam
478 3810 519 3875 de
542 3807 754 3884 Famem,
779 3805 996 3873 cantuariam
1020 3806 1122 3884 venit,
1138 3807 1380 3896 archiepiscopo
1391 3814 1507 3908 ἢκ»

326 3913 468 3980 Ricardo
504 3910 737 3998 professionem
780 3909 868 3988 fecit,
911 3913 946 3973 et
983 3908 1221 3975 benedictionis
1259 3932 1380 3978 munus

325 4013 459 4100 accepit.

697 4246 1006 4314 MOLXXIX—II.
1409 4266 1531 4314 curua

371 4354 480 4470 Facta
489 4408 542 4469 est
556 4400 761 4468 choruscatio
776 4422 852 4466 cum
867 4400 1009 4466 terribili
1023 4399 1172 4465 tonitruo
1187 4421 1262 4466 cum
1277 4403 1379 4464 vento

326 4528 446 4595 magno
470 4511 505 4571 et
528 4503 690 4592 grandine
717 4502 753 4566 in
778 4499 900 4567 Guntia
929 4503 964 4565 in
994 4523 1113 4568 aurora
1142 4501 1209 4567 diei
1228 4501 1379 4587 proxime

359 4788 480 4856 ¹eclipria
492 4783 721 4846 isteuirarcrtd.
733 4783 765 4834 B.
777 4782 808 4835 C.
842 4780 848 4848 Ι
894 4779 1050 4846 'HlienaJ
1065 4779 1212 4843 Lernaeo.
