3666 5724
402 850 467 916 322
612 859 773 910 ιιιιιιιιιι
796 852 956 908 nossem
979 854 1254 907 osuromrnusrs

250 1069 308 1114 ιιι.
316 1071 375 1113 rna
403 1046 519 1122 dicere,
542 1041 631 1127 quod
652 1061 721 1106 non
746 1038 850 1104 vellet
869 1059 982 1154 'neque
1012 1037 1148 1107 deberet
1168 1036 1316 1125 regimen
1348 1035 1460 1103 subire

247 1131 332 1174 nocam
332 1129 381 1172 Μ
402 1141 652 1213 Oentuariensis
667 1140 820 1218 eeclesiae,
842 1139 911 1206 nisi
935 1161 995 1226 per
1019 1141 1162 1227 priorem
1189 1145 1225 1206 et
1250 1146 1459 1229 conventum.

403 1250 486 1317 Haec
500 1246 612 1313 omnia
626 1249 666 1310 ut
680 1243 839 1360 praedicta
853 1246 933 1307 sunt
945 1241 1070 1309 ibidem
1092 1242 1164 1308 fieri
1187 1243 1381 1320 debuerunt,
1404 1224 1461 1309 ubi

402 1349 603 1438 trangressio
624 1346 684 1412 illa
705 1345 931 1432 episcoporum
952 1343 1041 1410 facta
1066 1349 1126 1423 est,
1153 1344 1317 1411 scilicet
1306 1365 1344 1409 m
1374 1344 1462 1430 espi-

403 1454 477 1520 tulo
508 1446 802 1518 westmonasterii.
848 1444 1094 1511 Consenserunt
1126 1445 1188 1510 vix
1217 1446 1353 1512 tandem
1385 1445 1464 1513 huie

403 1554 517 1621 formae
539 1574 608 1630 rer,
631 1550 723 1637 prior
744 1554 779 1615 et
800 1549 933 1628 creteri3
954 1552 990 1614 et
1012 1546 1227 1614 Oantuariam
1251 1554 1463 1636 properatum

403 1661 463 1722 est
509 1653 663 1740 Episcopi
689 1657 801 1718 autem
827 1651 902 1737 paci
926 1650 1029 1729 initae,
1056 1650 1157 1717 immo
1182 1656 1217 1717 et
1245 1652 1356 1737 priori,
1377 1650 1464 1716 invi·

314 1760 520 1859 ffidentes
541 1757 697 1823 abienmt
717 1757 904 1819 retrorsum.
950 1751 1105 1819 Crastino
1126 1773 1207 1818 vero
1231 1752 1285 1818 vel
1309 1751 1465 1840 perendie

314 1776 464 1927 hhngrm·rerr
486 1856 734 1945 aliquantulum
757 1854 865 1921 obiter
888 1852 1077 1921 infirmatus
1101 1853 1188 1920 filios
1214 1853 1464 1933 suos,Gauf1·i·

237 1919 368 2013 wfflnw
404 1962 485 2028 dum
498 1958 656 2026 videlieet
668 1956 822 2023 comitem
836 1955 1027 2033 Britanniae,
1043 1960 1079 2020 et
1091 1954 1115 2020 J
1115 1954 1279 2022 ohannem
1294 1956 1465 2023 dominum

237 2016 371 2165 Quamnam
406 2061 589 2139 Hiberniae,
611 2060 767 2127 abbatem
790 2057 832 2124 da
854 2057 975 2145 Burgo,
998 2062 1034 2123 et
1066 2057 1201 2124 clericos
1231 2057 1320 2144 regis
1341 2056 1465 2123 famili·

406 2185 487 2243 ares,
509 2163 605 2229 misit
638 2161 863 2238 (tumuerim,
890 2165 931 2226 ut
963 2158 1028 2246 ipsi
1059 2159 1130 2246 regi
1160 2158 1330 2238 referrent,
1363 2160 1396 2225 si
1425 2178 1466 2225 ea

407 2289 482 2355 quae
520 2266 612 2353 prior
643 2264 769 2333 fecerat
798 2267 983 2330 conventus
1015 2261 1219 2330 universitas
1252 2262 1466 2331 concederet:

407 2369 525 2436 timuit
556 2368 648 2435 enim
681 2366 774 2455 regia
806 2365 986 2432 sullimitas
1016 2365 1183 2451 repulsam
1216 2366 1298 2452 pati
1324 2364 1466 2453 ideoque

408 2494 469 2561 per
490 2471 576 2539 filios
606 2491 683 2538 suos
713 2476 750 2537 et
782 2468 932 2556 privatos
965 2472 1149 2535 conventus
1171 2468 1281 2534 voluit
1314 2468 1466 2555 praescire

410 2595 613 2643 consensum.
652 2570 759 2638 Priori
780 2590 925 2657 namque
948 2591 984 2636 se
1003 2569 1211 2636 committere
1232 2562 1351 2650 noluit,
1372 2569 1467 2656 cujus

410 2676 625 2764 prudentiam
647 2673 748 2740 simul
771 2677 806 2739 et
827 2670 1059 2750 constantiam,
1081 2671 1184 2738 etiam
1206 2670 1296 2738 inter
1326 2671 1467 2759 injurias

411 2784 448 2846 et
469 2780 584 2859 minas,
616 2773 775 2865 expertus
804 2781 862 2843 eat.
909 2776 1082 2842 Venerunt
1104 2775 1219 2862 itaque
1241 2775 1394 2863 praedicti
1417 2797 1468 2841 re·

411 2882 463 2968 gis
484 2881 548 2946 filii
570 2877 796 2958 Oantuariam,
820 2898 920 2964 seque
942 2877 1123 2944 conventui
1156 2899 1216 2964 pro
1247 2883 1343 2965 patre
1372 2877 1468 2965 quasi

411 2982 543 3049 obsides
573 2986 768 3059 statuentes
790 2979 988 3046 mitatem
977 3000 1015 3044 m
1044 2979 1279 3047 consentiendo
1301 2980 1466 3057 viderunt,

278 3100 375 3147 secra
412 3089 449 3149 et
484 3087 696 3151 recesserunt
758 3080 913 3147 Crastino
945 3080 1103 3149 videlicet
1139 3081 1224 3148 feria
1259 3080 1331 3161 vib,
1362 3102 1467 3148 nono·

244 3150 539 3253 gundinmt'odecimo
561 3184 724 3251 kalendas
753 3180 917 3261 Junuerii,
938 3202 999 3249 rex
1032 3183 1103 3270 ipae
1127 3182 1342 3250 cantuariam
1364 3183 1466 3261 venit,

247 3250 400 3304 mm*
413 3293 449 3355 et
479 3286 652 3352 humiliter
683 3285 821 3353 adorato
851 3285 923 3352 Deo
955 3291 991 3351 et
1024 3284 1123 3353 beato
1154 3285 1280 3353 Th0mc
1311 3291 1467 3372 martyre,

412 3395 489 3478 post
522 3389 645 3455 multos
666 3394 702 3455 et
737 3388 848 3455 varios
884 3408 1058 3467 sermones,
1096 3387 1219 3475 scripto
1259 3409 1389 3476 quoque
1426 3386 1468 3453 de

413 3493 520 3558 forma
541 3490 632 3579 pacis
654 3495 690 3557 et
711 3490 752 3556 de
786 3490 970 3557 manatione
1004 3489 1175 3557 electionis
1206 3491 1303 3558 sactae
1337 3511 1468 3578 compo·

413 3595 488 3674 sito,
511 3594 549 3659 in
580 3591 764 3680 capitulum
794 3592 884 3658 solus
917 3591 1060 3658 intravit
1093 3598 1255 3679 praesente
1289 3598 1362 3660 tote
1393 3614 1469 3661 con·

389 3700 521 3762 uentu
558 3695 707 3782 ejusdem
740 3692 989 3760 Oantuariensis
1026 3693 1177 3762 ecclesiae.
1234 3693 1309 3760 Rex
1345 3693 1468 3781 itaque,

416 3798 505 3863 inter
535 3794 713 3863 monachos
749 3795 845 3881 quasi
882 3816 970 3861 unus
1004 3816 1050 3861 ex
1087 3795 1135 3861 eis
1172 3794 1326 3874 residens,
1360 3794 1462 3861 dixit.

247 3906 433 4038 ἰΗὶΜἫ
458 3898 550 3976 Ecce,
580 3897 716 3975 domini,
739 3902 780 3963 ut
801 3896 955 3963 voluistis
977 3896 1130 3963 venimus
1160 3896 1205 3963 ad
1227 3918 1287 3963 vos
1309 3897 1397 3965 sicut
1426 3896 1470 3962 ad

247 4013 285 4053 a
293 4008 425 4054 uomet
426 4000 649 4069 ‘karissimos
680 3998 830 4065 dominos
863 4019 962 4077 meos,
985 3999 1083 4065 dere
1115 3999 1181 4066 ista
1215 4022 1289 4087 quae
1311 3988 1397 4067 mele
1419 3999 1471 4065 di·

417 4112 435 4141 “
458 4103 560 4170 dueta
581 4108 632 4168 est
653 4101 787 4168 veniam
817 4101 992 4187 petiturus.
1040 4101 1086 4167 Et
1118 4102 1231 4169 sciatis
1264 4102 1353 4189 quod
1375 4101 1470 4169 vobis

417 4215 435 4243 “
456 4210 562 4272 testor
583 4226 642 4292 per
664 4204 782 4280 Deum,
804 4204 894 4290 quod
915 4224 1087 4290 nunquam
1109 4203 1211 4271 michi
1234 4203 1362 4292 placuit
1383 4204 1471 4291 quod

418 4318 436 4347 “
458 4331 518 4377 vos
541 4308 684 4376 ecclesiae
706 4311 826 4374 vestrae
844 4307 923 4394 jura
944 4308 1143 4394 perdidistis.
1188 4308 1254 4375 Res
1277 4329 1407 4396 quoque
1427 4307 1472 4374 ad

418 4420 436 4447 “
457 4410 615 4478 honorem
646 4408 790 4477 ecclesiae
821 4413 942 4475 vestrae
972 4409 1071 4475 aliter
1101 4409 1262 4496 perducta
1294 4409 1420 4487 fuisset,
1442 4409 1472 4475 si

419 4522 437 4548 “
459 4535 499 4578 ea
528 4535 602 4601 quae
632 4511 727 4579 vobis
750 4511 985 4578 mandaveram
1007 4512 1150 4579 fideliter
1179 4512 1285 4580 relata
1313 4512 1473 4593 ἣιὶιιιιιις

419 4623 436 4651 “
460 4616 518 4681 sed
540 4617 613 4701 jam
634 4636 724 4681 nunc
746 4635 825 4702 rogo
847 4635 907 4680 vos
938 4637 998 4702 per
1027 4614 1144 4694 Deum,
1168 4621 1208 4682 ut
1238 4614 1282 4681 ad
1315 4615 1471 4682 honorem

420 4725 437 4751 “
461 4715 534 4795 Dei,
557 4723 592 4784 et
615 4717 758 4786 ecclesiae
780 4721 909 4796 vestrae,
932 4723 967 4784 et
992 4737 1107 4804 pacem
1139 4717 1234 4805 regni
1265 4716 1332 4783 mei
1363 4738 1474 4806 perso·
