3662 5728
712 927 825 977 orum
847 928 1040 979 russorum„
1332 920 1396 984 135

344 1108 489 1187 veniens,
513 1109 684 1196 elegerunt
705 1105 1005 1193 arehiepiscopum
1026 1128 1103 1193 pars
1125 1110 1264 1196 capituli
1289 1112 1396 1198 major
1427 1135 1548 1185 sunu

344 1207 515 1275 dominum
530 1210 709 1296 Hylarium
725 1208 960 1275 Cicestrensem
983 1209 1178 1294 episcopum,
1193 1233 1269 1298 pam
1291 1213 1397 1280 altera
1408 1193 1555 1298 iffiffili

344 1311 526 1379 Henricum
556 1313 693 1378 Mundae
722 1311 877 1377 abbatem
907 1310 948 1376 de
978 1310 1148 1377 Fontibus.
1210 1313 1393 1381 Praedictus

342 1419 455 1481 autem
485 1437 572 1503 popa
603 1414 781 1502 Eugenius,
813 1434 887 1478 curn
923 1419 1062 1500 utraque
1093 1413 1210 1481 electio
1243 1418 1395 1504 sequenti

342 1515 450 1583 hieme
484 1519 514 1584 ei
547 1518 665 1583 fuisset
701 1514 922 1582 Autissiodori
956 1521 1165 1601 praeseutata‚
1202 1518 1397 1586 electionem>

342 1620 493 1706 praedicti
515 1620 653 1687 Henrici
680 1619 818 1684 Murdac
850 1617 1066 1696 confirmavit,
1090 1624 1124 1684 et
1155 1619 1293 1686 alteram
1315 1645 1391 1689 cum
1406 1647 1522 1701 memes

342 1721 485 1808 plurima
506 1728 619 1790 tamen
640 1722 753 1788 electae
767 1741 915 1808 personae
938 1721 1219 1789 commendatione
1240 1726 1391 1804 cassavit,
1405 1703 1549 1793 iiim

342 1828 377 1888 et
423 1824 532 1912 ipsum
579 1824 760 1889 Henricum
798 1821 939 1908 propriis
976 1821 1128 1888 manibus
1167 1825 1389 1892 consecravit¹
1404 1798 1494 1895 irem
1509 1802 1535 1845 ‘⁸

342 1924 528 1992 Willelmus
549 1933 661 1993 autem
693 1925 755 1992 hoc
788 1924 886 1990 modo
909 1924 1086 2010 depositus,
1109 1926 1238 1992 rediens
1261 1928 1298 1992 in
1324 1928 1394 1993 An·

340 2027 450 2113 gliem,
475 2029 598 2094 mansit
623 2027 713 2114 apud
739 2025 944 2091 Wintonism
971 2047 1046 2092 cum
1076 2027 1221 2094 Henrico
1247 2029 1392 2115 ejusdem

341 2129 489 2196 civitatis
511 2130 669 2217 epmcopo,
692 2149 796 2213 usque
829 2128 873 2192 ad
906 2127 1034 2193 obitum
1069 2128 1210 2216 Eugenii
1232 2152 1335 2218 papae,
1359 2137 1393 2197 et

341 2232 492 2318 praedicti
507 2232 643 2299 Henrici
658 2230 801 2318 episcopi
824 2251 883 2316 per
897 2230 1009 2295 omnia
1030 2231 1175 2296 consiliis
1197 2231 1390 2299 inhaerebat.

386 2332 504 2399 Soluto
532 2334 673 2418 denique
703 2332 848 2408 concilio,
879 2330 1110 2397 Theodbaldus
1142 2332 1532 2444 Cantuarieusismpp⁰

340 2435 609 2527 archiepiscopus,
639 2441 774 2521 accepta
805 2433 931 2499 domini
967 2455 1062 2520 papae
1100 2435 1327 2502 benedictione
1357 2443 1555 2505 etc-numum

340 2538 499 2604 redeundi
527 2538 669 2616 licentis,
701 2536 916 2602 Cantuariam
953 2558 1106 2622 prospere
1137 2539 1340 2624 perveniens,
1371 2560 1393 2605 a

339 2630 504 2707 conventu
526 2663 586 2708 suo
608 2647 643 2707 et
664 2639 793 2707 civibus
808 2638 999 2705 cantuariae
1024 2638 1201 2707 honorifice
1220 2648 1391 2728 susceptus

339 2749 396 2809 est
444 2744 517 2824 Quo
540 2743 663 2820 audito,
694 2764 762 2820 rex,
789 2741 847 2828 qui
871 2746 952 2806 tunc
974 2741 1059 2806 forte
1083 2741 1262 2808 Londoniae
1284 2764 1390 2809 mora-
1403 2763 1520 2809 outnu-

339 2847 446 2923 batur,
461 2846 512 2913 ira
526 2851 716 2923 commotus,
739 2843 889 2911 celeriter
904 2843 1119 2911 cantuariam
1135 2845 1236 2923 venit,
1253 2851 1288 2911 et
1302 2846 1391 2912 inter
1402 2815 1516 2919 ibiibi

339 2948 446 3034 ipsum
469 2954 504 3014 et
525 2947 803 3034 archiepiscopum
819 2945 934 3011 multis
948 2967 1007 3032 per
1028 2947 1252 3013 internuntios
1267 2945 1391 3014 habitis

339 3054 550 3131 sermonibus,
572 3054 630 3120 sed
651 3054 761 3118 minue
783 3074 884 3139 quam
906 3052 1043 3119 decebat
1064 3054 1108 3118 sd
1126 3074 1238 3141 paoem
1262 3054 1390 3141 profici·
1501 3060 1504 3065 “

339 3157 480 3234 entibus,
503 3156 639 3223 tandem
669 3154 949 3242 archiepiscopum
973 3155 1130 3243 Angliam
1152 3156 1303 3223 celeriter
1332 3180 1390 3224 ex-

338 3258 386 3324 ire
406 3258 520 3345 coegit.
567 3257 642 3339 Qui,
669 3262 744 3344 post
765 3277 943 3342 paucorum
970 3257 1118 3324 inducias
1139 3258 1276 3336 dierum,
1300 3259 1390 3346 apud
1401 3273 1545 3369 {gnum

338 3359 519 3427 Dovoriam
548 3359 785 3437 transfretavit
816 3364 852 3423 et
881 3359 918 3423 in
947 3358 1120 3426 Franciam
1150 3360 1300 3442 secessit3
1331 3361 1468 3426 ubithere
1476 3386 1554 3418 conse

337 3484 397 3549 per
421 3463 555 3550 aliquod
586 3468 716 3548 tempus
746 3462 941 3539 demoratus,
968 3483 990 3528 a
1018 3463 1133 3549 regina
1162 3468 1197 3529 et
1222 3426 1556 3530 Wfflelmofflri‘iriiil

337 3563 482 3650 Yprensi
499 3565 542 3630 nd
565 3563 724 3630 Sanctum
739 3563 966 3628 Audomarum
988 3570 1160 3630 revocatus
1183 3570 1241 3642 est,
1257 3571 1297 3630 ut
1311 3587 1387 3631 eum
1400 3526 1553 3620 iiiiffid

333 3666 434 3751 juxta
456 3666 601 3752 positum
624 3665 706 3752 regii
728 3664 840 3729 nuntii
862 3664 991 3730 facilim
1013 3671 1146 3752 possent
1167 3667 1266 3732 adire.
1328 3627 1502 3732 Sis-iiiiii

337 3769 445 3835 oravit
466 3774 578 3834 autem
600 3767 723 3834 ibidem
746 3766 950 3833 Gilebertum
973 3767 1222 3834 Herefordensis
1245 3768 1388 3835 ecclesiae

337 3872 478 3938 electum
498 3871 595 3937 nonis
623 3870 833 3957 Septembris,
864 3872 1050 3937 astantibus
1074 3877 1108 3937 et
1138 3872 1388 3959 cooperantibus

337 3975 495 4062 episcopis
519 3973 747 4041 transmarinis
769 3973 923 4040 Thidrioo
938 3973 1155 4041 Ambianenai
1175 3979 1210 4042 et
1224 3974 1387 4042 Nicholao
1518 3985 1522 3994 ‘

338 4076 572 4143 Cameracensi.
618 4075 707 4141 Hinc
738 4075 842 4163 igitur
875 4083 908 4141 et
940 4075 1017 4142 inde
1043 4077 1253 4143 venientibus
1276 4077 1388 4143 crebro
1400 4092 1545 4147 seruposa

336 4199 375 4245 ac
396 4177 610 4244 redeuntibus
633 4176 760 4242 nuntiis
794 4177 961 4264 episcopis,
992 4178 1176 4257 abbatibus,
1207 4179 1331 4245 clericis
1354 4144 1554 4278 etiibiiifflii.

336 4279 438 4357 laicis,
470 4279 527 4345 sed
549 4279 594 4346 ad
620 4279 744 4344 bonum
768 4278 858 4365 pacis
881 4279 991 4344 minus
1017 4280 1255 4360 accedentibus,
1280 4281 1388 4347 missis
1428 4310 1431 4319 ’

335 4382 483 4470 epistolis
505 4382 549 4449 ad
571 4382 718 4448 diversas
733 4380 917 4468 Anglorum
940 4382 1099 4461 ecclesias,
1122 4383 1292 4450 interdicti
1315 4405 1387 4450 sen-

336 4486 477 4554 tentiam
513 4485 557 4552 ad
594 4487 760 4552 statutum
791 4483 979 4563 terminum,
1011 4485 1046 4551 id
1084 4492 1143 4565 est,
1174 4487 1281 4575 pridie
1312 4486 1387 4553 idus

369 4788 443 4839 ¹cm
462 4789 541 4855 ipim
558 4824 565 4838 .
584 4825 590 4839 .
608 4823 641 4839 ..
664 4787 833 4855 consecravit]
884 4789 972 4841 crcted
998 4789 1034 4856 by
1061 4788 1106 4841 the
1133 4804 1201 4856 pope
1228 4797 1255 4841 st
1283 4789 1386 4850 Tretos,

335 4867 427 4923 omo.
460 4867 549 4934 Heury
559 4868 669 4919 Murum
679 4884 732 4921 vsa
749 4883 838 4921 conse·
885 4869 949 4921 Dec.
961 4873 986 4934 7,
1000 4872 1071 4922 1147.
