<?xml version="1.0" encoding="UTF-8"?>
<!DOCTYPE html PUBLIC "-//W3C//DTD XHTML 1.0 Transitional//EN"
    "http://www.w3.org/TR/xhtml1/DTD/xhtml1-transitional.dtd">
<html xmlns="http://www.w3.org/1999/xhtml" xml:lang="en" lang="en">
 <head>
  <title>
</title>
<meta http-equiv="Content-Type" content="text/html;charset=utf-8" />
  <meta name='ocr-system' content='tesseract 3.04.00' />
  <meta name='ocr-capabilities' content='ocr_page ocr_carea ocr_par ocr_line ocrx_word'/>
</head>
<body>
  <div class='ocr_page' id='page_1' title='image "./historicalworks00offigoog_0518.png"; bbox 0 0 3628 5728; ppageno 0'>
   <div class='ocr_carea' id='block_1_1' title="bbox 425 861 1384 933">
    <p class='ocr_par' dir='ltr' id='par_1_1' title="bbox 425 861 1384 933">
     <span class='ocr_line' id='line_1_1' title="bbox 425 861 1384 933; baseline -0.004 0"><span class='ocrx_word' id='word_1_1' title='bbox 425 868 490 933; x_wconf 77' lang='lat'>454</span> <span class='ocrx_word' id='word_1_2' title='bbox 623 881 784 932; x_wconf 80' lang='lat' dir='ltr'>enavasn</span> <span class='ocrx_word' id='word_1_3' title='bbox 807 880 967 931; x_wconf 75' lang='lat' dir='ltr'>nossem</span> <span class='ocrx_word' id='word_1_4' title='bbox 989 880 1264 932; x_wconf 81' lang='lat' dir='ltr'>cauruasrausrs</span> <span class='ocrx_word' id='word_1_5' title='bbox 1378 861 1384 867; x_wconf 82' lang='grc'>’</span> 
     </span>
    </p>
   </div>
   <div class='ocr_carea' id='block_1_2' title="bbox 257 1065 1480 1254">
    <p class='ocr_par' dir='ltr' id='par_1_2' title="bbox 257 1065 1480 1254">
     <span class='ocr_line' id='line_1_2' title="bbox 274 1065 1480 1154; baseline -0.002 -21"><span class='ocrx_word' id='word_1_6' title='bbox 274 1092 394 1134; x_wconf 71' lang='lat' dir='ltr'>aonio.</span> <span class='ocrx_word' id='word_1_7' title='bbox 424 1086 499 1152; x_wconf 87' lang='lat' dir='ltr'>rege</span> <span class='ocrx_word' id='word_1_8' title='bbox 530 1089 647 1153; x_wconf 89' lang='lat' dir='ltr'>sponso</span> <span class='ocrx_word' id='word_1_9' title='bbox 681 1091 741 1133; x_wconf 89' lang='lat' dir='ltr'>suo</span> <span class='ocrx_word' id='word_1_10' title='bbox 775 1068 928 1146; x_wconf 74' lang='lat' dir='ltr'>Hernico,</span> <span class='ocrx_word' id='word_1_11' title='bbox 951 1068 994 1134; x_wconf 90' lang='lat' dir='ltr'>ad</span> <span class='ocrx_word' id='word_1_12' title='bbox 1029 1067 1203 1154; x_wconf 86' lang='lat' dir='ltr'>imperium</span> <span class='ocrx_word' id='word_1_13' title='bbox 1226 1067 1288 1131; x_wconf 87' lang='lat' dir='ltr'>filii</span> <span class='ocrx_word' id='word_1_14' title='bbox 1311 1067 1362 1131; x_wconf 89' lang='lat' dir='ltr'>sui</span> <span class='ocrx_word' id='word_1_15' title='bbox 1386 1065 1480 1132; x_wconf 91' lang='lat' dir='ltr'>ducis</span> 
     </span>
     <span class='ocr_line' id='line_1_3' title="bbox 257 1145 1478 1254; baseline -0.001 -21"><span class='ocrx_word' id='word_1_16' title='bbox 257 1145 395 1248; x_wconf 41' lang='lat' dir='ltr'>chiffl„</span> <span class='ocrx_word' id='word_1_17' title='bbox 425 1167 557 1234; x_wconf 87' lang='lat' dir='ltr'>Ricardi</span> <span class='ocrx_word' id='word_1_18' title='bbox 580 1192 601 1234; x_wconf 90' lang='lat' dir='ltr'>a</span> <span class='ocrx_word' id='word_1_19' title='bbox 623 1170 753 1235; x_wconf 91' lang='lat' dir='ltr'>diutino</span> <span class='ocrx_word' id='word_1_20' title='bbox 776 1193 901 1236; x_wconf 88' lang='lat' dir='ltr'>carcere</span> <span class='ocrx_word' id='word_1_21' title='bbox 924 1169 1065 1236; x_wconf 84' lang='lat' dir='ltr'>liberata</span> <span class='ocrx_word' id='word_1_22' title='bbox 1087 1177 1149 1247; x_wconf 79' lang='lat' dir='ltr'>est,=</span> <span class='ocrx_word' id='word_1_23' title='bbox 1161 1170 1284 1235; x_wconf 92' lang='lat' dir='ltr'>ibidem</span> <span class='ocrx_word' id='word_1_24' title='bbox 1307 1191 1381 1234; x_wconf 90' lang='lat' dir='ltr'>cum</span> <span class='ocrx_word' id='word_1_25' title='bbox 1404 1190 1478 1254; x_wconf 89' lang='lat' dir='ltr'>pro·</span> 
     </span>
    </p>
   </div>
   <div class='ocr_carea' id='block_1_3' title="bbox 256 1256 1558 3810">
    <p class='ocr_par' dir='ltr' id='par_1_3' title="bbox 256 1256 1480 1564">
     <span class='ocr_line' id='line_1_4' title="bbox 256 1256 1480 1359; baseline 0.001 -24"><span class='ocrx_word' id='word_1_26' title='bbox 256 1256 404 1348; x_wconf 45' lang='lat' dir='ltr'>&amp;iffi</span> <span class='ocrx_word' id='word_1_27' title='bbox 424 1271 552 1336; x_wconf 89' lang='lat' dir='ltr'>ceribus</span> <span class='ocrx_word' id='word_1_28' title='bbox 574 1273 705 1359; x_wconf 82' lang='lat' dir='ltr'>Angliae</span> <span class='ocrx_word' id='word_1_29' title='bbox 727 1279 762 1338; x_wconf 89' lang='lat' dir='ltr'>et</span> <span class='ocrx_word' id='word_1_30' title='bbox 784 1273 951 1339; x_wconf 86' lang='lat' dir='ltr'>Randulfo</span> <span class='ocrx_word' id='word_1_31' title='bbox 974 1274 1015 1338; x_wconf 91' lang='lat' dir='ltr'>de</span> <span class='ocrx_word' id='word_1_32' title='bbox 1038 1259 1207 1338; x_wconf 74' lang='lat' dir='ltr'>Glarivilla</span> <span class='ocrx_word' id='word_1_33' title='bbox 1229 1272 1290 1337; x_wconf 92' lang='lat' dir='ltr'>filii</span> <span class='ocrx_word' id='word_1_34' title='bbox 1312 1272 1364 1336; x_wconf 91' lang='lat' dir='ltr'>sui</span> <span class='ocrx_word' id='word_1_35' title='bbox 1388 1271 1480 1336; x_wconf 91' lang='lat' dir='ltr'>ducis</span> 
     </span>
     <span class='ocr_line' id='line_1_5' title="bbox 256 1355 1479 1461; baseline 0 -24"><span class='ocrx_word' id='word_1_36' title='bbox 256 1355 408 1450; x_wconf 46' lang='lat' dir='ltr'>illvm*</span> <span class='ocrx_word' id='word_1_37' title='bbox 425 1372 606 1439; x_wconf 86' lang='lat' dir='ltr'>adventum</span> <span class='ocrx_word' id='word_1_38' title='bbox 629 1375 834 1461; x_wconf 67' lang='lat' dir='ltr'>expectabat.</span> <span class='ocrx_word' id='word_1_39' title='bbox 882 1375 1060 1440; x_wconf 85' lang='lat' dir='ltr'>Consertus</span> <span class='ocrx_word' id='word_1_40' title='bbox 1090 1381 1142 1442; x_wconf 89' lang='lat' dir='ltr'>est</span> <span class='ocrx_word' id='word_1_41' title='bbox 1164 1375 1277 1460; x_wconf 75' lang='lat' dir='ltr'>itaque</span> <span class='ocrx_word' id='word_1_42' title='bbox 1300 1395 1406 1439; x_wconf 90' lang='lat' dir='ltr'>sermo</span> <span class='ocrx_word' id='word_1_43' title='bbox 1428 1373 1479 1437; x_wconf 90' lang='lat' dir='ltr'>in·</span> 
     </span>
     <span class='ocr_line' id='line_1_6' title="bbox 425 1476 1479 1564; baseline 0.002 -24"><span class='ocrx_word' id='word_1_44' title='bbox 425 1481 476 1540; x_wconf 86' lang='lat' dir='ltr'>ter</span> <span class='ocrx_word' id='word_1_45' title='bbox 497 1499 552 1542; x_wconf 92' lang='lat' dir='ltr'>eos</span> <span class='ocrx_word' id='word_1_46' title='bbox 574 1477 809 1564; x_wconf 70' lang='lat' dir='ltr'>inpraesentia</span> <span class='ocrx_word' id='word_1_47' title='bbox 838 1478 960 1564; x_wconf 84' lang='lat' dir='ltr'>reginae</span> <span class='ocrx_word' id='word_1_48' title='bbox 992 1478 1032 1543; x_wconf 90' lang='lat' dir='ltr'>de</span> <span class='ocrx_word' id='word_1_49' title='bbox 1067 1477 1281 1543; x_wconf 72' lang='lat' dir='ltr'>tribulatione</span> <span class='ocrx_word' id='word_1_50' title='bbox 1304 1476 1479 1543; x_wconf 82' lang='lat' dir='ltr'>Cantuari-</span> 
     </span>
    </p>

    <p class='ocr_par' dir='ltr' id='par_1_4' title="bbox 425 1577 1481 1769">
     <span class='ocr_line' id='line_1_7' title="bbox 425 1577 1481 1665; baseline 0 -24"><span class='ocrx_word' id='word_1_51' title='bbox 425 1577 512 1642; x_wconf 90' lang='lat' dir='ltr'>ensis</span> <span class='ocrx_word' id='word_1_52' title='bbox 534 1577 686 1656; x_wconf 86' lang='lat' dir='ltr'>ecclesiae,</span> <span class='ocrx_word' id='word_1_53' title='bbox 702 1580 790 1644; x_wconf 90' lang='lat' dir='ltr'>unde</span> <span class='ocrx_word' id='word_1_54' title='bbox 813 1585 847 1644; x_wconf 91' lang='lat' dir='ltr'>et</span> <span class='ocrx_word' id='word_1_55' title='bbox 869 1578 974 1665; x_wconf 88' lang='lat' dir='ltr'>ipsius</span> <span class='ocrx_word' id='word_1_56' title='bbox 997 1578 1090 1645; x_wconf 88' lang='lat' dir='ltr'>ducis</span> <span class='ocrx_word' id='word_1_57' title='bbox 1113 1578 1247 1644; x_wconf 84' lang='lat' dir='ltr'>Ricardi</span> <span class='ocrx_word' id='word_1_58' title='bbox 1269 1581 1481 1664; x_wconf 76' lang='lat' dir='ltr'>susceperant</span> 
     </span>
     <span class='ocr_line' id='line_1_8' title="bbox 426 1681 1480 1769; baseline -0.005 -18"><span class='ocrx_word' id='word_1_59' title='bbox 426 1682 629 1760; x_wconf 84' lang='lat' dir='ltr'>mandatum,</span> <span class='ocrx_word' id='word_1_60' title='bbox 651 1688 720 1748; x_wconf 93' lang='lat' dir='ltr'>tam</span> <span class='ocrx_word' id='word_1_61' title='bbox 752 1683 994 1769; x_wconf 79' lang='lat' dir='ltr'><strong>archiepiscopo</strong></span> <span class='ocrx_word' id='word_1_62' title='bbox 1018 1683 1248 1749; x_wconf 87' lang='lat' dir='ltr'>Oantuariensi</span> <span class='ocrx_word' id='word_1_63' title='bbox 1271 1702 1371 1768; x_wconf 89' lang='lat' dir='ltr'>quam</span> <span class='ocrx_word' id='word_1_64' title='bbox 1395 1681 1480 1767; x_wconf 91' lang='lat' dir='ltr'>ejus-</span> 
     </span>
    </p>

    <p class='ocr_par' dir='ltr' id='par_1_5' title="bbox 258 1783 1482 2485">
     <span class='ocr_line' id='line_1_9' title="bbox 259 1783 1481 1852; baseline -0.002 0"><span class='ocrx_word' id='word_1_65' title='bbox 259 1808 386 1852; x_wconf 69' lang='lat' dir='ltr'>rseesor</span> <span class='ocrx_word' id='word_1_66' title='bbox 426 1784 500 1849; x_wconf 89' lang='lat' dir='ltr'>dem</span> <span class='ocrx_word' id='word_1_67' title='bbox 531 1784 729 1850; x_wconf 89' lang='lat' dir='ltr'>conventui¹</span> <span class='ocrx_word' id='word_1_68' title='bbox 752 1785 971 1851; x_wconf 82' lang='lat' dir='ltr'>deferendum.</span> <span class='ocrx_word' id='word_1_69' title='bbox 1018 1785 1148 1851; x_wconf 90' lang='lat' dir='ltr'>Placuit</span> <span class='ocrx_word' id='word_1_70' title='bbox 1170 1785 1304 1850; x_wconf 90' lang='lat' dir='ltr'>tandem</span> <span class='ocrx_word' id='word_1_71' title='bbox 1327 1783 1481 1849; x_wconf 90' lang='lat' dir='ltr'>omnibus</span> 
     </span>
     <span class='ocr_line' id='line_1_10' title="bbox 258 1857 1481 1973; baseline 0 -22"><span class='ocrx_word' id='word_1_72' title='bbox 258 1857 414 1961; x_wconf 54' lang='lat' dir='ltr'>ildddir&#39;dd</span> <span class='ocrx_word' id='word_1_73' title='bbox 426 1890 466 1949; x_wconf 91' lang='lat' dir='ltr'>ut</span> <span class='ocrx_word' id='word_1_74' title='bbox 490 1885 683 1952; x_wconf 72' lang='lat' dir='ltr'>Johannes²</span> <span class='ocrx_word' id='word_1_75' title='bbox 708 1887 809 1953; x_wconf 90' lang='lat' dir='ltr'>abbas</span> <span class='ocrx_word' id='word_1_76' title='bbox 830 1887 871 1952; x_wconf 90' lang='lat' dir='ltr'>de</span> <span class='ocrx_word' id='word_1_77' title='bbox 892 1882 992 1964; x_wconf 91' lang='lat' dir='ltr'>Hida,</span> <span class='ocrx_word' id='word_1_78' title='bbox 1013 1880 1181 1954; x_wconf 78' lang='lat' dir='ltr'>Henrico³</span> <span class='ocrx_word' id='word_1_79' title='bbox 1203 1886 1311 1973; x_wconf 88' lang='lat' dir='ltr'>priore</span> <span class='ocrx_word' id='word_1_80' title='bbox 1326 1886 1367 1951; x_wconf 94' lang='lat' dir='ltr'>de</span> <span class='ocrx_word' id='word_1_81' title='bbox 1383 1885 1481 1951; x_wconf 91' lang='lat' dir='ltr'>Bere·</span> 
     </span>
     <span class='ocr_line' id='line_1_11' title="bbox 258 1958 1480 2075; baseline 0.002 -23"><span class='ocrx_word' id='word_1_82' title='bbox 258 1958 392 2060; x_wconf 52' lang='lat' dir='ltr'>diffidis</span> <span class='ocrx_word' id='word_1_83' title='bbox 426 1989 617 2054; x_wconf 89' lang='lat' dir='ltr'>mundeseia</span> <span class='ocrx_word' id='word_1_84' title='bbox 646 1988 830 2067; x_wconf 73' lang='lat' dir='ltr'>comitatus,</span> <span class='ocrx_word' id='word_1_85' title='bbox 861 1989 950 2075; x_wconf 82' lang='lat' dir='ltr'>pacis</span> <span class='ocrx_word' id='word_1_86' title='bbox 988 1989 1115 2055; x_wconf 91' lang='lat' dir='ltr'>intuitu</span> <span class='ocrx_word' id='word_1_87' title='bbox 1146 1988 1362 2054; x_wconf 83' lang='lat' dir='ltr'>reformandae</span> <span class='ocrx_word' id='word_1_88' title='bbox 1378 1987 1480 2054; x_wconf 69' lang='lat' dir='ltr'>oan-</span> 
     </span>
     <span class='ocr_line' id='line_1_12' title="bbox 258 2059 1481 2178; baseline -0.002 -23"><span class='ocrx_word' id='word_1_89' title='bbox 258 2059 409 2163; x_wconf 51' lang='lat' dir='ltr'>‘illitum</span> <span class='ocrx_word' id='word_1_90' title='bbox 425 2090 568 2154; x_wconf 90' lang='lat' dir='ltr'>tuariam</span> <span class='ocrx_word' id='word_1_91' title='bbox 594 2090 791 2156; x_wconf 76' lang='lat' dir='ltr'>mitteretur.</span> <span class='ocrx_word' id='word_1_92' title='bbox 844 2091 1061 2157; x_wconf 79' lang='lat' dir='ltr'>Accesserant</span> <span class='ocrx_word' id='word_1_93' title='bbox 1090 2091 1203 2176; x_wconf 75' lang='lat' dir='ltr'>itaque</span> <span class='ocrx_word' id='word_1_94' title='bbox 1234 2089 1384 2178; x_wconf 73' lang='lat' dir='ltr'>praedicti</span> <span class='ocrx_word' id='word_1_95' title='bbox 1415 2090 1481 2154; x_wconf 85' lang='lat' dir='ltr'>viri</span> 
     </span>
     <span class='ocr_line' id='line_1_13' title="bbox 427 2190 1481 2281; baseline -0.001 -24"><span class='ocrx_word' id='word_1_96' title='bbox 427 2190 651 2273; x_wconf 69' lang='lat' dir='ltr'>cantuariam,</span> <span class='ocrx_word' id='word_1_97' title='bbox 681 2194 860 2260; x_wconf 90' lang='lat' dir='ltr'>conventui</span> <span class='ocrx_word' id='word_1_98' title='bbox 892 2216 935 2259; x_wconf 83' lang='lat' dir='ltr'>ex</span> <span class='ocrx_word' id='word_1_99' title='bbox 965 2199 1059 2280; x_wconf 84' lang='lat' dir='ltr'>parte</span> <span class='ocrx_word' id='word_1_100' title='bbox 1090 2194 1212 2281; x_wconf 74' lang='lat' dir='ltr'>reginas</span> <span class='ocrx_word' id='word_1_101' title='bbox 1250 2199 1285 2259; x_wconf 89' lang='lat' dir='ltr'>et</span> <span class='ocrx_word' id='word_1_102' title='bbox 1323 2191 1481 2258; x_wconf 83' lang='lat' dir='ltr'>Randulfi</span> 
     </span>
     <span class='ocr_line' id='line_1_14' title="bbox 425 2293 1480 2380; baseline -0.002 -20"><span class='ocrx_word' id='word_1_103' title='bbox 425 2294 573 2380; x_wconf 82' lang='lat' dir='ltr'>praefecti</span> <span class='ocrx_word' id='word_1_104' title='bbox 600 2295 865 2362; x_wconf 76' lang='lat' dir='ltr'>comminatorias</span> <span class='ocrx_word' id='word_1_105' title='bbox 889 2295 1018 2362; x_wconf 85' lang='lat' dir='ltr'>litteras</span> <span class='ocrx_word' id='word_1_106' title='bbox 1043 2295 1233 2362; x_wconf 87' lang='lat' dir='ltr'>deferentes.</span> <span class='ocrx_word' id='word_1_107' title='bbox 1279 2293 1425 2360; x_wconf 81' lang='lat' dir='ltr'>Admissi</span> <span class='ocrx_word' id='word_1_108' title='bbox 1444 2294 1480 2359; x_wconf 93' lang='lat' dir='ltr'>in</span> 
     </span>
     <span class='ocr_line' id='line_1_15' title="bbox 425 2394 1482 2485; baseline -0.001 -22"><span class='ocrx_word' id='word_1_109' title='bbox 425 2397 615 2484; x_wconf 86' lang='lat' dir='ltr'>capitulum,</span> <span class='ocrx_word' id='word_1_110' title='bbox 631 2398 859 2485; x_wconf 90' lang='lat' dir='ltr'>proponebant</span> <span class='ocrx_word' id='word_1_111' title='bbox 884 2397 969 2463; x_wconf 88' lang='lat' dir='ltr'>dura</span> <span class='ocrx_word' id='word_1_112' title='bbox 992 2403 1027 2464; x_wconf 88' lang='lat' dir='ltr'>et</span> <span class='ocrx_word' id='word_1_113' title='bbox 1050 2419 1166 2484; x_wconf 87' lang='lat' dir='ltr'>aspera</span> <span class='ocrx_word' id='word_1_114' title='bbox 1191 2396 1298 2474; x_wconf 90' lang='lat' dir='ltr'>valde,</span> <span class='ocrx_word' id='word_1_115' title='bbox 1313 2394 1482 2462; x_wconf 83' lang='lat' dir='ltr'>dicentes⁴</span> 
     </span>
    </p>

    <p class='ocr_par' dir='ltr' id='par_1_6' title="bbox 426 2499 1481 2587">
     <span class='ocr_line' id='line_1_16' title="bbox 426 2499 1481 2587; baseline -0.002 -22"><span class='ocrx_word' id='word_1_116' title='bbox 426 2505 461 2565; x_wconf 89' lang='lat' dir='ltr'>et</span> <span class='ocrx_word' id='word_1_117' title='bbox 488 2522 548 2587; x_wconf 92' lang='lat' dir='ltr'>per</span> <span class='ocrx_word' id='word_1_118' title='bbox 573 2505 814 2567; x_wconf 88' lang='lat' dir='ltr'>sacramentum</span> <span class='ocrx_word' id='word_1_119' title='bbox 840 2500 955 2566; x_wconf 85' lang='lat' dir='ltr'>altaris</span> <span class='ocrx_word' id='word_1_120' title='bbox 982 2499 1177 2586; x_wconf 66' lang='lat' dir='ltr'>dejerantem,</span> <span class='ocrx_word' id='word_1_121' title='bbox 1213 2500 1301 2585; x_wconf 90' lang='lat' dir='ltr'>quod</span> <span class='ocrx_word' id='word_1_122' title='bbox 1334 2499 1378 2564; x_wconf 90' lang='lat' dir='ltr'>ab</span> <span class='ocrx_word' id='word_1_123' title='bbox 1409 2499 1481 2586; x_wconf 89' lang='lat' dir='ltr'>ipso</span> 
     </span>
    </p>

    <p class='ocr_par' dir='ltr' id='par_1_7' title="bbox 426 2601 1481 2689">
     <span class='ocr_line' id='line_1_17' title="bbox 426 2601 1481 2689; baseline -0.001 -21"><span class='ocrx_word' id='word_1_124' title='bbox 426 2602 531 2669; x_wconf 81' lang='lat' dir='ltr'>duee¹⁵</span> <span class='ocrx_word' id='word_1_125' title='bbox 552 2603 624 2689; x_wconf 87' lang='lat' dir='ltr'>jam</span> <span class='ocrx_word' id='word_1_126' title='bbox 648 2608 831 2669; x_wconf 86' lang='lat' dir='ltr'>emanasset</span> <span class='ocrx_word' id='word_1_127' title='bbox 855 2603 1058 2680; x_wconf 88' lang='lat' dir='ltr'>mandatum,</span> <span class='ocrx_word' id='word_1_128' title='bbox 1073 2608 1113 2667; x_wconf 93' lang='lat' dir='ltr'>ut</span> <span class='ocrx_word' id='word_1_129' title='bbox 1136 2603 1289 2689; x_wconf 85' lang='lat' dir='ltr'>supprior</span> <span class='ocrx_word' id='word_1_130' title='bbox 1313 2602 1357 2667; x_wconf 90' lang='lat' dir='ltr'>ab</span> <span class='ocrx_word' id='word_1_131' title='bbox 1381 2601 1481 2668; x_wconf 87' lang='lat' dir='ltr'>eecle-</span> 
     </span>
    </p>

    <p class='ocr_par' dir='ltr' id='par_1_8' title="bbox 258 2703 1558 2994">
     <span class='ocr_line' id='line_1_18' title="bbox 258 2703 1481 2788; baseline -0.005 -15"><span class='ocrx_word' id='word_1_132' title='bbox 258 2727 328 2773; x_wconf 78' lang='lat' dir='ltr'>ruur</span> <span class='ocrx_word' id='word_1_133' title='bbox 368 2779 372 2788; x_wconf 29' lang='lat'>¹</span> <span class='ocrx_word' id='word_1_134' title='bbox 427 2705 477 2771; x_wconf 91' lang='lat' dir='ltr'>sia</span> <span class='ocrx_word' id='word_1_135' title='bbox 507 2724 606 2770; x_wconf 88' lang='lat' dir='ltr'>manu</span> <span class='ocrx_word' id='word_1_136' title='bbox 637 2705 774 2771; x_wconf 89' lang='lat' dir='ltr'>militari</span> <span class='ocrx_word' id='word_1_137' title='bbox 805 2725 880 2769; x_wconf 91' lang='lat' dir='ltr'>cum</span> <span class='ocrx_word' id='word_1_138' title='bbox 911 2704 1064 2770; x_wconf 89' lang='lat' dir='ltr'>omnibus</span> <span class='ocrx_word' id='word_1_139' title='bbox 1102 2704 1166 2769; x_wconf 91' lang='lat' dir='ltr'>sibi</span> <span class='ocrx_word' id='word_1_140' title='bbox 1200 2703 1481 2769; x_wconf 89' lang='lat' dir='ltr'>consentientibus</span> 
     </span>
     <span class='ocr_line' id='line_1_19' title="bbox 258 2780 1558 2893; baseline -0.003 -20"><span class='ocrx_word' id='word_1_141' title='bbox 258 2780 406 2882; x_wconf 37' lang='lat' dir='ltr'>mistim</span> <span class='ocrx_word' id='word_1_142' title='bbox 427 2806 654 2893; x_wconf 85' lang='lat' dir='ltr'>expelleretur,</span> <span class='ocrx_word' id='word_1_143' title='bbox 670 2807 734 2871; x_wconf 87' lang='lat' dir='ltr'>nisi</span> <span class='ocrx_word' id='word_1_144' title='bbox 761 2805 927 2872; x_wconf 86' lang='lat' dir='ltr'>voluntati</span> <span class='ocrx_word' id='word_1_145' title='bbox 949 2805 1184 2892; x_wconf 85' lang='lat' dir='ltr'>archiepiscopi</span> <span class='ocrx_word' id='word_1_146' title='bbox 1206 2827 1265 2892; x_wconf 89' lang='lat' dir='ltr'>per</span> <span class='ocrx_word' id='word_1_147' title='bbox 1279 2805 1392 2871; x_wconf 90' lang='lat' dir='ltr'>omnia</span> <span class='ocrx_word' id='word_1_148' title='bbox 1406 2827 1481 2871; x_wconf 89' lang='lat' dir='ltr'>con·</span> <span class='ocrx_word' id='word_1_149' title='bbox 1548 2854 1558 2879; x_wconf 76' lang='lat'>,</span> 
     </span>
     <span class='ocr_line' id='line_1_20' title="bbox 427 2907 1480 2994; baseline -0.001 -20"><span class='ocrx_word' id='word_1_150' title='bbox 427 2909 595 2974; x_wconf 87' lang='lat' dir='ltr'>sentirent.</span> <span class='ocrx_word' id='word_1_151' title='bbox 642 2909 781 2974; x_wconf 87' lang='lat' dir='ltr'>Paratus</span> <span class='ocrx_word' id='word_1_152' title='bbox 811 2908 899 2973; x_wconf 90' lang='lat' dir='ltr'>enim</span> <span class='ocrx_word' id='word_1_153' title='bbox 927 2913 999 2973; x_wconf 88' lang='lat' dir='ltr'>erat</span> <span class='ocrx_word' id='word_1_154' title='bbox 1027 2907 1298 2994; x_wconf 87' lang='lat' dir='ltr'>archiepiscopus,</span> <span class='ocrx_word' id='word_1_155' title='bbox 1325 2912 1365 2972; x_wconf 91' lang='lat' dir='ltr'>ut</span> <span class='ocrx_word' id='word_1_156' title='bbox 1395 2907 1480 2973; x_wconf 88' lang='lat' dir='ltr'>dice·</span> 
     </span>
    </p>

    <p class='ocr_par' dir='ltr' id='par_1_9' title="bbox 427 3009 1481 3095">
     <span class='ocr_line' id='line_1_21' title="bbox 427 3009 1481 3095; baseline -0.003 -19"><span class='ocrx_word' id='word_1_157' title='bbox 427 3011 518 3087; x_wconf 91' lang='lat' dir='ltr'>bant,</span> <span class='ocrx_word' id='word_1_158' title='bbox 548 3009 659 3075; x_wconf 91' lang='lat' dir='ltr'>omnia</span> <span class='ocrx_word' id='word_1_159' title='bbox 688 3011 861 3075; x_wconf 88' lang='lat' dir='ltr'>restituere</span> <span class='ocrx_word' id='word_1_160' title='bbox 891 3009 983 3075; x_wconf 90' lang='lat' dir='ltr'>salvo</span> <span class='ocrx_word' id='word_1_161' title='bbox 1010 3009 1085 3095; x_wconf 88' lang='lat' dir='ltr'>jure</span> <span class='ocrx_word' id='word_1_162' title='bbox 1116 3014 1151 3074; x_wconf 90' lang='lat' dir='ltr'>et</span> <span class='ocrx_word' id='word_1_163' title='bbox 1180 3009 1321 3095; x_wconf 88' lang='lat' dir='ltr'>querelis</span> <span class='ocrx_word' id='word_1_164' title='bbox 1358 3010 1481 3073; x_wconf 82' lang='lat' dir='ltr'>utrius-</span> 
     </span>
    </p>

    <p class='ocr_par' dir='ltr' id='par_1_10' title="bbox 259 3110 1483 3619">
     <span class='ocr_line' id='line_1_22' title="bbox 380 3110 1482 3198; baseline -0.001 -22"><span class='ocrx_word' id='word_1_165' title='bbox 380 3178 384 3187; x_wconf 68' lang='lat'>,</span> <span class='ocrx_word' id='word_1_166' title='bbox 427 3134 491 3196; x_wconf 90' lang='lat' dir='ltr'>que</span> <span class='ocrx_word' id='word_1_167' title='bbox 530 3111 635 3196; x_wconf 88' lang='lat' dir='ltr'>partis</span> <span class='ocrx_word' id='word_1_168' title='bbox 674 3116 709 3176; x_wconf 92' lang='lat' dir='ltr'>et</span> <span class='ocrx_word' id='word_1_169' title='bbox 749 3112 905 3176; x_wconf 83' lang='lat' dir='ltr'>mandato</span> <span class='ocrx_word' id='word_1_170' title='bbox 947 3110 1073 3176; x_wconf 89' lang='lat' dir='ltr'>domini</span> <span class='ocrx_word' id='word_1_171' title='bbox 1116 3133 1218 3198; x_wconf 84' lang='lat' dir='ltr'>papae.</span> <span class='ocrx_word' id='word_1_172' title='bbox 1276 3110 1482 3176; x_wconf 84' lang='lat' dir='ltr'>Venerabilis</span> 
     </span>
     <span class='ocr_line' id='line_1_23' title="bbox 259 3212 1481 3305; baseline 0.001 -27"><span class='ocrx_word' id='word_1_173' title='bbox 259 3244 369 3305; x_wconf 52' lang='lat' dir='ltr'>mma</span> <span class='ocrx_word' id='word_1_174' title='bbox 427 3219 538 3278; x_wconf 90' lang='lat' dir='ltr'>autem</span> <span class='ocrx_word' id='word_1_175' title='bbox 562 3213 715 3299; x_wconf 89' lang='lat' dir='ltr'>supprior</span> <span class='ocrx_word' id='word_1_176' title='bbox 741 3212 924 3289; x_wconf 66' lang='lat' dir='ltr'>Gauiiidus,</span> <span class='ocrx_word' id='word_1_177' title='bbox 947 3213 1165 3299; x_wconf 84' lang='lat' dir='ltr'>praemrmitus</span> <span class='ocrx_word' id='word_1_178' title='bbox 1195 3213 1297 3281; x_wconf 91' lang='lat' dir='ltr'>biduo</span> <span class='ocrx_word' id='word_1_179' title='bbox 1322 3218 1400 3279; x_wconf 91' lang='lat' dir='ltr'>ante</span> <span class='ocrx_word' id='word_1_180' title='bbox 1423 3213 1481 3278; x_wconf 90' lang='lat' dir='ltr'>ad·</span> 
     </span>
     <span class='ocr_line' id='line_1_24' title="bbox 259 3307 1482 3397; baseline 0.002 -18"><span class='ocrx_word' id='word_1_181' title='bbox 259 3307 353 3397; x_wconf 57' lang='lat' dir='ltr'>l’ffi„</span> <span class='ocrx_word' id='word_1_182' title='bbox 429 3319 565 3379; x_wconf 88' lang='lat' dir='ltr'>ventum</span> <span class='ocrx_word' id='word_1_183' title='bbox 592 3313 722 3379; x_wconf 89' lang='lat' dir='ltr'>abbatis</span> <span class='ocrx_word' id='word_1_184' title='bbox 748 3314 792 3379; x_wconf 91' lang='lat' dir='ltr'>ad</span> <span class='ocrx_word' id='word_1_185' title='bbox 817 3336 906 3380; x_wconf 89' lang='lat' dir='ltr'>mare</span> <span class='ocrx_word' id='word_1_186' title='bbox 932 3315 1144 3381; x_wconf 77' lang='lat' dir='ltr'>descenderat</span> <span class='ocrx_word' id='word_1_187' title='bbox 1169 3321 1209 3380; x_wconf 89' lang='lat' dir='ltr'>ut</span> <span class='ocrx_word' id='word_1_188' title='bbox 1234 3320 1364 3382; x_wconf 86' lang='lat' dir='ltr'>tantam</span> <span class='ocrx_word' id='word_1_189' title='bbox 1387 3315 1482 3381; x_wconf 92' lang='lat' dir='ltr'>mali·</span> 
     </span>
     <span class='ocr_line' id='line_1_25' title="bbox 261 3397 1483 3505; baseline 0.002 -23"><span class='ocrx_word' id='word_1_190' title='bbox 261 3397 357 3499; x_wconf 56' lang='lat' dir='ltr'>iffi)</span> <span class='ocrx_word' id='word_1_191' title='bbox 428 3418 511 3483; x_wconf 91' lang='lat' dir='ltr'>tiam</span> <span class='ocrx_word' id='word_1_192' title='bbox 541 3416 728 3496; x_wconf 90' lang='lat' dir='ltr'>declinaret,</span> <span class='ocrx_word' id='word_1_193' title='bbox 755 3417 809 3483; x_wconf 87' lang='lat' dir='ltr'>vel</span> <span class='ocrx_word' id='word_1_194' title='bbox 840 3423 880 3483; x_wconf 89' lang='lat' dir='ltr'>ut</span> <span class='ocrx_word' id='word_1_195' title='bbox 909 3418 1025 3484; x_wconf 88' lang='lat' dir='ltr'>ducem</span> <span class='ocrx_word' id='word_1_196' title='bbox 1055 3440 1153 3505; x_wconf 87' lang='lat' dir='ltr'>super</span> <span class='ocrx_word' id='word_1_197' title='bbox 1182 3417 1235 3484; x_wconf 92' lang='lat' dir='ltr'>his</span> <span class='ocrx_word' id='word_1_198' title='bbox 1262 3418 1483 3505; x_wconf 88' lang='lat' dir='ltr'>alloqueretur</span> 
     </span>
     <span class='ocr_line' id='line_1_26' title="bbox 428 3519 1481 3619; baseline 0.002 -35"><span class='ocrx_word' id='word_1_199' title='bbox 428 3525 463 3585; x_wconf 89' lang='lat' dir='ltr'>et</span> <span class='ocrx_word' id='word_1_200' title='bbox 493 3541 590 3606; x_wconf 93' lang='lat' dir='ltr'>quem</span> <span class='ocrx_word' id='word_1_201' title='bbox 617 3519 752 3585; x_wconf 89' lang='lat' dir='ltr'>miserat</span> <span class='ocrx_word' id='word_1_202' title='bbox 774 3541 861 3606; x_wconf 90' lang='lat' dir='ltr'>papa</span> <span class='ocrx_word' id='word_1_203' title='bbox 884 3519 1059 3619; x_wconf 65' lang='lat' dir='ltr'>legatum</span> <span class='ocrx_word' id='word_1_204' title='bbox 1086 3519 1210 3585; x_wconf 90' lang='lat' dir='ltr'>Videns</span> <span class='ocrx_word' id='word_1_205' title='bbox 1235 3542 1314 3586; x_wconf 90' lang='lat' dir='ltr'>vero</span> <span class='ocrx_word' id='word_1_206' title='bbox 1340 3542 1481 3588; x_wconf 89' lang='lat' dir='ltr'>eonven-</span> 
     </span>
    </p>

    <p class='ocr_par' dir='ltr' id='par_1_11' title="bbox 260 3621 1481 3810">
     <span class='ocr_line' id='line_1_27' title="bbox 429 3621 1481 3690; baseline 0.004 -4"><span class='ocrx_word' id='word_1_207' title='bbox 429 3628 484 3687; x_wconf 89' lang='lat' dir='ltr'>tus</span> <span class='ocrx_word' id='word_1_208' title='bbox 508 3627 608 3686; x_wconf 82' lang='lat' dir='ltr'>etex</span> <span class='ocrx_word' id='word_1_209' title='bbox 632 3643 687 3686; x_wconf 92' lang='lat' dir='ltr'>ore</span> <span class='ocrx_word' id='word_1_210' title='bbox 710 3622 903 3688; x_wconf 86' lang='lat' dir='ltr'>nuntiorum</span> <span class='ocrx_word' id='word_1_211' title='bbox 930 3621 1068 3688; x_wconf 77' lang='lat' dir='ltr'>audiam</span> <span class='ocrx_word' id='word_1_212' title='bbox 1095 3622 1237 3689; x_wconf 77' lang='lat' dir='ltr'>ecclesiae</span> <span class='ocrx_word' id='word_1_213' title='bbox 1265 3622 1481 3690; x_wconf 86' lang='lat' dir='ltr'>Cantuarien·</span> 
     </span>
     <span class='ocr_line' id='line_1_28' title="bbox 260 3722 1481 3810; baseline 0.003 -22"><span class='ocrx_word' id='word_1_214' title='bbox 260 3722 473 3789; x_wconf 67' lang='lat' dir='ltr'>reomaensis</span> <span class='ocrx_word' id='word_1_215' title='bbox 503 3723 692 3787; x_wconf 88' lang='lat' dir='ltr'>inauditum</span> <span class='ocrx_word' id='word_1_216' title='bbox 722 3723 894 3789; x_wconf 89' lang='lat' dir='ltr'>imminere</span> <span class='ocrx_word' id='word_1_217' title='bbox 921 3724 1111 3810; x_wconf 89' lang='lat' dir='ltr'>periculum,</span> <span class='ocrx_word' id='word_1_218' title='bbox 1142 3731 1377 3791; x_wconf 88' lang='lat' dir='ltr'>consenserunt</span> <span class='ocrx_word' id='word_1_219' title='bbox 1407 3733 1481 3792; x_wconf 90' lang='lat' dir='ltr'>tan-</span> 
     </span>
    </p>
   </div>
   <div class='ocr_carea' id='block_1_4' title="bbox 259 3796 389 3840">
    <p class='ocr_par' dir='ltr' id='par_1_12' title="bbox 259 3796 389 3840">
     <span class='ocr_line' id='line_1_29' title="bbox 259 3796 389 3840; baseline 0 0"><span class='ocrx_word' id='word_1_220' title='bbox 259 3810 312 3840; x_wconf 82' lang='lat' dir='ltr'>acce</span> <span class='ocrx_word' id='word_1_221' title='bbox 328 3796 389 3840; x_wconf 79' lang='lat' dir='ltr'>aruo</span> 
     </span>
    </p>
   </div>
   <div class='ocr_carea' id='block_1_5' title="bbox 259 3809 1483 3942">
    <p class='ocr_par' dir='ltr' id='par_1_13' title="bbox 259 3809 1483 3942">
     <span class='ocr_line' id='line_1_30' title="bbox 259 3809 1483 3942; baseline 0.004 -52"><span class='ocrx_word' id='word_1_222' title='bbox 259 3809 504 3942; x_wconf 45' lang='lat' dir='ltr'>:Quidem</span> <span class='ocrx_word' id='word_1_223' title='bbox 529 3832 705 3912; x_wconf 88' lang='lat' dir='ltr'>utcunque,</span> <span class='ocrx_word' id='word_1_224' title='bbox 720 3832 760 3891; x_wconf 88' lang='lat' dir='ltr'>ut</span> <span class='ocrx_word' id='word_1_225' title='bbox 785 3827 814 3891; x_wconf 89' lang='lat' dir='ltr'>is</span> <span class='ocrx_word' id='word_1_226' title='bbox 841 3848 938 3912; x_wconf 90' lang='lat' dir='ltr'>quem</span> <span class='ocrx_word' id='word_1_227' title='bbox 964 3825 1226 3914; x_wconf 88' lang='lat' dir='ltr'>archiepiscopus</span> <span class='ocrx_word' id='word_1_228' title='bbox 1252 3829 1483 3895; x_wconf 89' lang='lat' dir='ltr'>nominaverat</span> 
     </span>
    </p>
   </div>
   <div class='ocr_carea' id='block_1_6' title="bbox 259 3927 1483 4327">
    <p class='ocr_par' dir='ltr' id='par_1_14' title="bbox 259 3927 1483 4327">
     <span class='ocr_line' id='line_1_31' title="bbox 259 3927 1481 4006; baseline 0.005 -14"><span class='ocrx_word' id='word_1_229' title='bbox 259 3948 360 3994; x_wconf 69' lang='lat' dir='ltr'>eci-m.</span> <span class='ocrx_word' id='word_1_230' title='bbox 429 3928 628 4006; x_wconf 87' lang='lat' dir='ltr'>celerarium,</span> <span class='ocrx_word' id='word_1_231' title='bbox 655 3927 733 3994; x_wconf 88' lang='lat' dir='ltr'>licet</span> <span class='ocrx_word' id='word_1_232' title='bbox 759 3929 869 3993; x_wconf 89' lang='lat' dir='ltr'>minus</span> <span class='ocrx_word' id='word_1_233' title='bbox 896 3936 981 3995; x_wconf 88' lang='lat' dir='ltr'>esset</span> <span class='ocrx_word' id='word_1_234' title='bbox 1007 3930 1145 3996; x_wconf 89' lang='lat' dir='ltr'>idoneus</span> <span class='ocrx_word' id='word_1_235' title='bbox 1169 3934 1204 3996; x_wconf 91' lang='lat' dir='ltr'>et</span> <span class='ocrx_word' id='word_1_236' title='bbox 1219 3938 1333 3996; x_wconf 76' lang='lat' dir='ltr'>conus</span> <span class='ocrx_word' id='word_1_237' title='bbox 1358 3954 1481 3998; x_wconf 88' lang='lat' dir='ltr'>moram</span> 
     </span>
     <span class='ocr_line' id='line_1_32' title="bbox 429 4030 1482 4119; baseline 0.002 -21"><span class='ocrx_word' id='word_1_238' title='bbox 429 4030 572 4098; x_wconf 83' lang='lat' dir='ltr'>ecclesiae</span> <span class='ocrx_word' id='word_1_239' title='bbox 602 4030 811 4107; x_wconf 88' lang='lat' dir='ltr'>constitutus,</span> <span class='ocrx_word' id='word_1_240' title='bbox 841 4053 901 4118; x_wconf 90' lang='lat' dir='ltr'>pro</span> <span class='ocrx_word' id='word_1_241' title='bbox 931 4032 1018 4098; x_wconf 90' lang='lat' dir='ltr'>bono</span> <span class='ocrx_word' id='word_1_242' title='bbox 1048 4033 1137 4119; x_wconf 87' lang='lat' dir='ltr'>pacis</span> <span class='ocrx_word' id='word_1_243' title='bbox 1168 4032 1357 4100; x_wconf 88' lang='lat' dir='ltr'>celerariam</span> <span class='ocrx_word' id='word_1_244' title='bbox 1384 4035 1482 4100; x_wconf 91' lang='lat' dir='ltr'>mini·</span> 
     </span>
     <span class='ocr_line' id='line_1_33' title="bbox 428 4132 1481 4210; baseline 0.006 -12"><span class='ocrx_word' id='word_1_245' title='bbox 428 4138 555 4210; x_wconf 89' lang='lat' dir='ltr'>straret,</span> <span class='ocrx_word' id='word_1_246' title='bbox 585 4132 679 4198; x_wconf 85' lang='lat' dir='ltr'>salva</span> <span class='ocrx_word' id='word_1_247' title='bbox 716 4132 751 4196; x_wconf 92' lang='lat' dir='ltr'>in</span> <span class='ocrx_word' id='word_1_248' title='bbox 790 4133 916 4199; x_wconf 83' lang='lat' dir='ltr'>caeteris</span> <span class='ocrx_word' id='word_1_249' title='bbox 953 4135 1106 4201; x_wconf 90' lang='lat' dir='ltr'>omnibus</span> <span class='ocrx_word' id='word_1_250' title='bbox 1143 4136 1286 4204; x_wconf 82' lang='lat' dir='ltr'>ecclesiae</span> <span class='ocrx_word' id='word_1_251' title='bbox 1320 4137 1481 4204; x_wconf 84' lang='lat' dir='ltr'>libertate.</span> 
     </span>
     <span class='ocr_line' id='line_1_34' title="bbox 429 4235 1483 4327; baseline 0.005 -26"><span class='ocrx_word' id='word_1_252' title='bbox 429 4236 542 4301; x_wconf 88' lang='lat' dir='ltr'>Rediit</span> <span class='ocrx_word' id='word_1_253' title='bbox 564 4237 667 4323; x_wconf 83' lang='lat' dir='ltr'>igitur</span> <span class='ocrx_word' id='word_1_254' title='bbox 690 4235 865 4322; x_wconf 77' lang='lat' dir='ltr'>praedictus</span> <span class='ocrx_word' id='word_1_255' title='bbox 885 4235 987 4302; x_wconf 86' lang='lat' dir='ltr'>abbas</span> <span class='ocrx_word' id='word_1_256' title='bbox 1001 4237 1045 4303; x_wconf 89' lang='lat' dir='ltr'>ad</span> <span class='ocrx_word' id='word_1_257' title='bbox 1060 4237 1337 4327; x_wconf 88' lang='lat' dir='ltr'>archiepiscopum</span> <span class='ocrx_word' id='word_1_258' title='bbox 1361 4241 1483 4308; x_wconf 87' lang='lat' dir='ltr'>ducens</span> 
     </span>
    </p>
   </div>
   <div class='ocr_carea' id='block_1_7' title="bbox 721 4400 1441 4413">
    <p class='ocr_par' dir='ltr' id='par_1_15' title="bbox 721 4400 1441 4413">
     <span class='ocr_line' id='line_1_35' title="bbox 721 4400 1441 4413; baseline 0.008 -7"><span class='ocrx_word' id='word_1_259' title='bbox 721 4400 808 4407; x_wconf 57' lang='lat'>-0‘0</span> <span class='ocrx_word' id='word_1_260' title='bbox 1035 4403 1155 4411; x_wconf 50' lang='grc' dir='ltr'>...ο-η..-</span> <span class='ocrx_word' id='word_1_261' title='bbox 1166 4405 1383 4413; x_wconf 42' lang='grc' dir='ltr'><strong>...Ψ-...ψ</strong></span> <span class='ocrx_word' id='word_1_262' title='bbox 1399 4407 1441 4413; x_wconf 73' lang='lat'>.—.</span> 
     </span>
    </p>
   </div>
   <div class='ocr_carea' id='block_1_8' title="bbox 428 4489 1479 4873">
    <p class='ocr_par' dir='ltr' id='par_1_16' title="bbox 428 4489 1479 4873">
     <span class='ocr_line' id='line_1_36' title="bbox 463 4489 1479 4561; baseline 0.01 -22"><span class='ocrx_word' id='word_1_263' title='bbox 463 4490 470 4523; x_wconf 90' lang='lat'>¹</span> <span class='ocrx_word' id='word_1_264' title='bbox 484 4489 625 4556; x_wconf 76' lang='lat' dir='ltr'>concentui]</span> <span class='ocrx_word' id='word_1_265' title='bbox 641 4494 763 4549; x_wconf 76' lang='lat' dir='ltr'>eeclesia,</span> <span class='ocrx_word' id='word_1_266' title='bbox 776 4491 807 4542; x_wconf 79' lang='lat' dir='ltr'>C.</span> <span class='ocrx_word' id='word_1_267' title='bbox 976 4493 1058 4542; x_wconf 80' lang='lat' dir='ltr'>botos</span> <span class='ocrx_word' id='word_1_268' title='bbox 1066 4493 1254 4560; x_wconf 71' lang='lat' dir='ltr'>Glaatoubury3</span> <span class='ocrx_word' id='word_1_269' title='bbox 1266 4494 1356 4561; x_wconf 86' lang='lat' dir='ltr'>bishop</span> <span class='ocrx_word' id='word_1_270' title='bbox 1365 4496 1395 4548; x_wconf 81' lang='lat' dir='ltr'>os</span> <span class='ocrx_word' id='word_1_271' title='bbox 1406 4499 1479 4549; x_wconf 83' lang='lat' dir='ltr'>Wor-</span> 
     </span>
     <span class='ocr_line' id='line_1_37' title="bbox 462 4569 1234 4637; baseline 0.008 -20"><span class='ocrx_word' id='word_1_272' title='bbox 462 4569 628 4637; x_wconf 62' lang='lat' dir='ltr'>Modonnos]</span> <span class='ocrx_word' id='word_1_273' title='bbox 649 4572 719 4621; x_wconf 83' lang='lat' dir='ltr'>John</span> <span class='ocrx_word' id='word_1_274' title='bbox 741 4571 843 4632; x_wconf 86' lang='lat' dir='ltr'>Suthill,</span> <span class='ocrx_word' id='word_1_275' title='bbox 854 4572 932 4621; x_wconf 83' lang='lat' dir='ltr'>abbot</span> <span class='ocrx_word' id='word_1_276' title='bbox 975 4580 1065 4632; x_wconf 71' lang='lat' dir='ltr'>cester,</span> <span class='ocrx_word' id='word_1_277' title='bbox 1080 4577 1234 4623; x_wconf 77' lang='lat' dir='ltr'>lios-1195.</span> 
     </span>
     <span class='ocr_line' id='line_1_38' title="bbox 429 4650 1381 4718; baseline 0.002 -19"><span class='ocrx_word' id='word_1_278' title='bbox 429 4650 719 4713; x_wconf 61' lang='lat' dir='ltr'>amydem-1222.</span> <span class='ocrx_word' id='word_1_279' title='bbox 769 4682 773 4691; x_wconf 80' lang='lat'><strong>·</strong></span> <span class='ocrx_word' id='word_1_280' title='bbox 1008 4650 1148 4718; x_wconf 66' lang='lat' dir='ltr'>⁴dicenos]</span> <span class='ocrx_word' id='word_1_281' title='bbox 1163 4667 1213 4702; x_wconf 86' lang='lat' dir='ltr'>our.</span> <span class='ocrx_word' id='word_1_282' title='bbox 1226 4653 1259 4702; x_wconf 79' lang='lat' dir='ltr'>A.</span> <span class='ocrx_word' id='word_1_283' title='bbox 1272 4652 1303 4702; x_wconf 91' lang='lat' dir='ltr'>B.</span> <span class='ocrx_word' id='word_1_284' title='bbox 1376 4670 1381 4701; x_wconf 65' lang='lat' dir='ltr'>r</span> 
     </span>
     <span class='ocr_line' id='line_1_39' title="bbox 461 4726 1257 4796; baseline 0.01 -21"><span class='ocrx_word' id='word_1_285' title='bbox 461 4728 472 4760; x_wconf 79' lang='lat'><strong>³</strong></span> <span class='ocrx_word' id='word_1_286' title='bbox 485 4727 611 4794; x_wconf 72' lang='lat' dir='ltr'>ilenrico]</span> <span class='ocrx_word' id='word_1_287' title='bbox 629 4729 715 4795; x_wconf 78' lang='lat' dir='ltr'>tlenry</span> <span class='ocrx_word' id='word_1_288' title='bbox 727 4732 758 4780; x_wconf 89' lang='lat' dir='ltr'>dc</span> <span class='ocrx_word' id='word_1_289' title='bbox 769 4729 851 4789; x_wconf 80' lang='lat' dir='ltr'>soilli,</span> <span class='ocrx_word' id='word_1_290' title='bbox 862 4730 931 4794; x_wconf 86' lang='lat' dir='ltr'>prior</span> <span class='ocrx_word' id='word_1_291' title='bbox 1007 4729 1017 4761; x_wconf 77' lang='lat'><strong><em>⁶</em></strong></span> <span class='ocrx_word' id='word_1_292' title='bbox 1030 4726 1105 4796; x_wconf 75' lang='lat' dir='ltr'>darc]</span> <span class='ocrx_word' id='word_1_293' title='bbox 1120 4747 1171 4782; x_wconf 90' lang='lat' dir='ltr'>om.</span> <span class='ocrx_word' id='word_1_294' title='bbox 1181 4732 1214 4782; x_wconf 82' lang='lat' dir='ltr'>A.</span> <span class='ocrx_word' id='word_1_295' title='bbox 1226 4731 1257 4783; x_wconf 87' lang='grc' dir='ltr'>Β.</span> 
     </span>
     <span class='ocr_line' id='line_1_40' title="bbox 428 4807 930 4873; baseline 0.004 -15"><span class='ocrx_word' id='word_1_296' title='bbox 428 4807 459 4858; x_wconf 79' lang='lat' dir='ltr'>of</span> <span class='ocrx_word' id='word_1_297' title='bbox 473 4807 645 4873; x_wconf 77' lang='lat' dir='ltr'>Bermondscy</span> <span class='ocrx_word' id='word_1_298' title='bbox 657 4810 709 4859; x_wconf 89' lang='lat' dir='ltr'>and</span> <span class='ocrx_word' id='word_1_299' title='bbox 728 4809 873 4860; x_wconf 77' lang='lat' dir='ltr'>afterwards</span> <span class='ocrx_word' id='word_1_300' title='bbox 885 4810 930 4859; x_wconf 85' lang='lat' dir='ltr'>ab·</span> 
     </span>
    </p>
   </div>
   <div class='ocr_carea' id='block_1_9' title="bbox 0 0 1825 5728">
    <p class='ocr_par' dir='ltr' id='par_1_17' title="bbox 0 0 1825 5728">
     <span class='ocr_line' id='line_1_41' title="bbox 0 0 1825 5728; baseline 0 0"><span class='ocrx_word' id='word_1_301' title='bbox 0 0 1825 5728; x_wconf 95' lang='lat' dir='ltr'> </span> 
     </span>
    </p>
   </div>
  </div>
 </body>
</html>
