3646 5720
402 877 469 941 264
603 890 766 942 onnvssn
788 889 950 940 nossem
973 889 1248 941 osnrnsmsnsn

249 1085 307 1132 nl>
315 1077 411 1135 utt‘
416 1076 553 1135 ‘montis
574 1078 676 1136 Sancti
695 1078 807 1152 Angeli
827 1084 928 1136 tenere
949 1078 1119 1137 dinoscitur.
1157 1076 1352 1135 (leucadimus
1369 1076 1460 1134 etiam
1471 1078 1587 1136 Bonan
1579 1097 1597 1133 1.

232 1149 425 1246 ffiffist
440 1160 471 1216 ei
496 1161 660 1218 similiter
650 1181 682 1218 m
707 1163 824 1219 servitio
849 1162 1062 1230 caudelarium,
1084 1163 1225 1219 Sanctum
1242 1161 1371 1227 Olerum,
1398 1156 1528 1217 oea-17⁰·

232 1252 350 1347 popum
406 1243 549 1300 “tellum
567 1244 731 1317 Paganum,
742 1245 939 1311 Bersentinm‚
952 1251 983 1302 et
998 1245 1180 1318 Oagnanum.
1216 1245 1343 1317 Insuper
1360 1261 1460 1300 conce·

405 1329 425 1354 “
444 1326 541 1384 dimus
561 1333 596 1384 ut
616 1329 677 1384 sint
696 1330 731 1387 de
752 1330 889 1386 honore'
881 1330 972 1402 ipsius
990 1329 1104 1385 dodarii
1123 1328 1334 1385 monasterinm
1358 1325 1458 1383 Sancti

404 1411 424 1437 “
444 1410 590 1468 ‚Iohannis
607 1412 644 1468 de
662 1412 763 1481 Lama,
783 1419 814 1469 et
836 1414 1045 1470 monasterinm
1071 1412 1187 1470 Senotse
1207 1412 1311 1467 Maria
1333 1410 1369 1466 de
1389 1410 1457 1465 Pul·

404 1493 424 1519 “
443 1509 523 1560 sano,
542 1511 610 1550 cnm
631 1497 765 1553 omnibus
787 1496 962 1553 tenementis
982 1514 1047 1568 quae
1068 1496 1133 1568 ipsa
1155 1494 1333 1551 monasteria
1356 1497 1459 1549 tenent

404 1577 424 1603 ‘⁶
443 1577 480 1633 de
497 1578 607 1636 honore
624 1580 758 1653 praedicti
775 1580 931 1637 comitatus
950 1580 1051 1638 Sancti
1067 1580 1186 1652 Angeli.
1222 1580 1271 1636 Ita
1287 1577 1407 1651 quidem
1424 1581 1459 1632 ut

403 1661 423 1690 “
441 1661 505 1733 ipsa
521 1663 626 1736 regina
643 1682 716 1721 uxor
734 1667 835 1721 nostra
854 1664 995 1736 praediota
1015 1664 1114 1720 omnia
1132 1681 1246 1735 semper
1269 1666 1459 1733 recognoscet

404 1745 423 1771 “
442 1745 479 1801 ab
503 1745 669 1804 haeredibus
695 1749 804 1805 nostris
828 1749 912 1805 nobis
937 1753 1036 1804 nostra
1061 1747 1244 1803 ordinatione
1271 1746 1304 1802 in
1332 1762 1457 1817 regnum

404 1827 423 1856 ‘⁴
443 1830 678 1896 succedentibus,
690 1837 721 1887 et
739 1830 774 1886 de
791 1831 925 1886 omnibus
941 1829 1090 1901 praedictis
1104 1829 1279 1886 tenementis
1295 1827 1457 1891 servitium,

403 1911 530 1985 “prout
553 1913 645 1985 exigit
668 1913 790 1969 feudum
813 1931 924 1981 eornm,
954 1913 1069 1985 integre
1093 1918 1124 1969 et
1149 1912 1262 1968 illibate
1282 1912 1347 1983 jam
1370 1909 1458 1967 dictis

403 1995 422 2020 “
440 1996 606 2053 haeredibns
630 1998 738 2054 nostris
763 1997 862 2063 faciat,
881 2002 911 2053 et
935 2002 1053 2053 manent
1069 2013 1184 2068 semper
1207 1996 1239 2050 in
1263 2011 1362 2051 eorum
1387 1992 1457 2048 fide-

403 2079 422 2105 “
442 2079 535 2136 litate.
571 2081 621 2136 Ad
645 2082 734 2154 hujus
760 2085 860 2138 autem
887 2080 1053 2137 donationis
1077 2087 1108 2137 et
1132 2080 1324 2137 concessionis
1348 2082 1456 2135 nostrae

403 2163 422 2188 ‘⁴
443 2165 615 2220 memoriam
638 2169 668 2220 et
688 2163 858 2221 inviolabile
875 2165 1101 2231 firmamentum,
1120 2181 1249 2238 praesens
1266 2162 1457 2235 privilegium

403 2246 422 2273 ‘⁸
441 2263 494 2316 per
518 2265 622 2304 manus
646 2247 807 2305 Alexandri
830 2248 924 2305 nostri
947 2249 1055 2304 notarii
1079 2250 1176 2316 scribi,
1204 2254 1236 2304 et
1261 2247 1346 2304 bulla
1368 2263 1457 2301 aurea

402 2331 421 2356 ‘⁸
442 2335 544 2386 nostro
567 2332 675 2404 tipario
698 2333 842 2405 impresse
864 2333 1042 2400 roboretum,
1068 2338 1168 2388 nostro
1193 2331 1293 2402 sigillo
1314 2331 1456 2402 jussimus

403 2412 422 2438 “
441 2411 581 2472 decorari
619 2417 656 2472 In
671 2435 728 2489 quo
742 2415 903 2472 familiares
920 2415 1014 2471 nostri
1029 2422 1059 2472 ct
1077 2416 1142 2471 aliae
1160 2431 1291 2488 personae
1309 2418 1454 2487 praecepto

403 2496 422 2523 ‘⁴
443 2504 543 2556 nostro
561 2518 592 2558 ae
609 2501 797 2574 scripserunt,
817 2518 903 2566 anno,
922 2517 1021 2557 mense
1039 2504 1069 2556 et
1087 2499 1246 2555 indictione
1263 2497 1442 2571 subscriptis.

437 2582 457 2609 “
476 2583 541 2655 Ego
559 2584 706 2642 Walterns
723 2584 948 2641 Panormitanna
965 2582 1200 2655 archiepiscopus
1218 2600 1256 2638 ss

438 2666 457 2692 “
477 2666 542 2739 Ego
560 2666 714 2741 Alphanns
732 2669 887 2743 Oapuanns
906 2668 1140 2740 archiepiscopus
1162 2685 1184 2722 s.

437 2749 457 2775 “
476 2749 540 2822 Ego
558 2750 702 2808 Ricardus
721 2752 912 2809 siracusanus
930 2752 1081 2823 episcopus
1099 2768 1123 2806 s.

437 2834 457 2861 “
476 2835 539 2906 Ego
558 2835 789 2893 Bartholomaeus
806 2835 1038 2908 Agrigentinus¹
1057 2834 1211 2909 episeopus
1229 2851 1265 2889 ss.

437 2918 455 2944 ‘⁸
476 2917 540 2989 ligo
558 2918 740 2992 Reginaldus
758 2919 895 2977 Berensis
912 2919 1147 2991 archiepiscopus
1164 2935 1202 2973 ss.

437 3000 457 3027 ‘⁸
475 3000 541 3073 Ego
557 3001 719 3058 Nioholans
736 3003 849 3075 primus
867 3002 1060 3060 Messanensia
1078 3001 1196 3073 archiep
1214 3019 1252 3057 ss.

436 3084 457 3110 “
476 3083 540 3156 Ego
558 3085 664 3141 Ruffns
682 3084 878 3142 Oonsentinus
895 3085 1130 3159 archiepiscopus
1147 3102 1185 3140 ss.

437 3168 456 3194 ‘⁶
475 3168 540 3238 Ego
557 3168 741 3225 Theobaldus
758 3169 919 3243 episcopus,
937 3170 1027 3226 abbas
1044 3168 1160 3242 regalis.

439 3251 458 3277 “
478 3252 542 3322 Ego
560 3251 705 3309 Robertne
723 3253 927 3310 cathaniensis
945 3252 1132 3326 [episcopus].

437 3334 456 3360 “
474 3332 539 3405 Ego
557 3334 645 3392 Wido
663 3336 852 3410 Cephalensis
870 3336 1030 3409 episcopus.

437 3420 456 3444 ‘⁴
475 3418 540 3490 Ego
558 3416 648 3491 Elyas
665 3421 809 3493 lhojnnns
826 3421 943 3476 electus.

435 3503 454 3528 “
473 3501 538 3573 Ego
556 3502 660 3559 Justus
677 3502 890 3559 Mazzarenais²
907 3500 1067 3574 episcopus.

418 3587 456 3621 ·“
476 3584 541 3658 Ego
559 3586 705 3643 Robertns
722 3584 929 3643 lhicarioensis
947 3585 1110 3659 episcopus.

435 3669 455 3695 “
474 3668 540 3739 Ego
557 3668 664 3723 Petrus
683 3668 841 3725 Galatanns
857 3668 1017 3740 episcopus.

437 3752 455 3778 “
476 3751 540 3822 Ego
558 3751 706 3807 Johannes
723 3750 896 3807 Potentinus
914 3751 1077 3823 episcopus.

435 3836 456 3862 “
476 3835 540 3905 Ego
559 3834 703 3890 Robertus
721 3833 757 3889 de
774 3834 887 3890 Biaino.

436 3918 456 3944 “
475 3915 541 3989 Ego
558 3916 703 3973 Robertns
720 3916 936 3973 Malcovenanc.

436 4001 455 4029 “
475 4001 538 4072 Ego
554 4000 720 4056 Alexander
739 3999 867 4071 Gupille.

366 4118 371 4127 ·
435 4086 456 4112 “
474 4083 619 4140 Mathaern
637 4082 748 4139 domini
766 4083 846 4155 regis
865 4082 1132 4139 vicecancellarius.

436 4169 455 4195 “
474 4167 540 4240 ngo
558 4167 703 4223 Robertus
721 4165 895 4222 Oasertanus
914 4182 1018 4222 comes.

435 4253 455 4278 “
476 4252 541 4323 Ego
558 4249 729 4322 Amphusus
747 4266 843 4305 comes
862 4247 1001 4305 Scrullao.

435 4333 454 4361 ‘⁸
474 4334 539 4404 Ego
556 4332 705 4389 Jooelinns
723 4348 819 4388 comes
838 4331 911 4388 Jert.

437 4419 456 4444 “
476 4416 540 4488 Ego
558 4416 647 4488 Hugo
664 4431 761 4471 comes
780 4412 947 4470 Gataaarii.⁸

437 4500 455 4528 ‘⁸
475 4498 541 4571 Ego
560 4496 701 4554 Ricardus
719 4496 896 4553 Fundanus⁴
914 4513 1019 4554 comes.

433 4715 904 4783 ¹n9reeam1sgregcnnc.
985 4717 1157 4788 matam]
1173 4721 1367 4784 cunano.

432 4794 647 4862 ’namn
660 4794 837 4858 nenne.
985 4796 1162 4868 waiam]
1177 4801 1363 4866 neumis
1376 4803 1408 4854 n.
