3572 5744
409 741 452 809 64
610 753 774 803 GERVASII
798 752 958 802 Mortem
982 720 1256 803 CANTUARIENSIs

252 951 374 996 suasa
410 946 429 970 “
449 942 605 998 factionem
622 941 688 1007 tibi,
707 941 902 1013 appellatione
919 916 1041 1007 remota,
1061 941 1218 998 exhibeant
1235 947 1459 1014 competentem.

239 1005 371 1106 phffiolff*
409 1029 428 1055 ‘⁶
448 1026 523 1096 Quia
539 1043 610 1083 vero
621 1025 703 1098 prior
714 1025 807 1097 ipsius
824 1026 992 1081 monasterii
1005 1027 1037 1080 in
1047 1026 1250 1098 prosecutione
1267 1026 1379 1097 negotii
1392 1042 1460 1080 oon·

237 1104 333 1199 affl
409 1113 427 1138 “
447 1112 537 1167 cessit
547 1111 579 1165 in
591 1111 662 1177 fata,
675 1111 811 1166 volumus
824 1115 854 1165 et
866 1110 1063 1182 preacipiendo
1081 1110 1264 1175 mandamus,
1283 1115 1318 1165 ut
1334 1109 1366 1164 in
1379 1109 1460 1165 insti-

239 1206 376 1258 uppolnting
410 1197 428 1220 “
447 1194 561 1249 tutione
572 1194 679 1265 prioris
691 1198 793 1249 contra
803 1194 962 1266 privilegia
981 1194 1057 1250 sedis
1069 1194 1245 1266 apostolicae,
1260 1193 1307 1248 vel
1325 1193 1460 1263 regulam

240 1268 365 1350 ffiffissm
409 1281 428 1305 “
447 1278 525 1333 beati
538 1278 700 1343 Benedicti,
714 1282 804 1350 atque
817 1277 1023 1334 rationabilem
1034 1277 1275 1347 consuetudinem
1290 1277 1461 1331 monasterii

239 1359 350 1453 {5132de
409 1364 426 1389 “
445 1362 584 1417 hactenus
596 1361 788 1427 observatam,
801 1378 860 1418 non
878 1362 1026 1434 procedas,
1040 1368 1080 1428 et,
1095 1363 1121 1417 si
1139 1362 1254 1425 seceris,
1266 1359 1460 1431 appellatione

352 1441 357 1452 '
409 1448 428 1473 “
448 1450 560 1500 remota
583 1461 642 1499 non
666 1444 783 1500 differas
807 1461 953 1510 revocare,
971 1445 1063 1500 nullis
1088 1445 1197 1500 litteris
1223 1442 1406 1499 obstantibus
1429 1443 1460 1497 in

409 1530 427 1555 “
446 1528 651 1600 prejudicium
664 1527 743 1601 juris
760 1543 862 1583 eorum
879 1545 898 1581 a
914 1527 982 1583 sede
995 1527 1154 1599 apostoliea
1171 1526 1347 1599 impetratis.
1379 1525 1460 1580 Alio·

409 1613 429 1639 ‘⁴
448 1612 519 1683 quin
536 1611 644 1667 dilecto
661 1611 722 1666 filio
739 1616 841 1667 nostro
859 1611 880 1666 J
880 1611 985 1666 ohanni
1003 1611 1091 1666 titulo
1113 1610 1212 1667 Sancti
1230 1610 1326 1666 Marci
1344 1608 1460 1681 presby·

408 1699 427 1722 “
446 1701 511 1750 tero
529 1695 679 1761 cardinali,
698 1696 867 1767 apostolicae
883 1694 962 1751 sedis
979 1695 1090 1765 legato,
1102 1695 1236 1750 dedimus
1254 1695 1286 1748 iu
1303 1692 1460 1758 mandatis,

409 1782 427 1806 ‘⁸
447 1785 481 1834 ut
498 1780 657 1852 apostolica
673 1780 846 1835 auctoritate
869 1784 901 1835 te
924 1785 956 1836 et
972 1797 1073 1834 omnes
1094 1779 1334 1840 contradictores,
1354 1784 1384 1833 et
1401 1795 1461 1831 mo-

239 1873 347 1918 eurdinal
409 1866 426 1892 “
445 1864 553 1919 nachor
578 1864 665 1935 ipsos,
685 1862 710 1918 si
734 1863 859 1919 rebelles
885 1863 1043 1929 extiterint,
1064 1864 1101 1919 ad
1119 1864 1183 1918 hmo
1203 1866 1316 1917 remoto
1334 1860 1462 1932 appella-

238 1924 370 2021 mig&
410 1948 535 2002 “tionis
560 1947 712 2003 obstaculo
737 1947 936 2002 ecclesiastica
960 1947 1144 2003 districtione
1168 1945 1334 2017 compellat,
1356 1949 1387 1998 et
1411 1961 1461 2000 eos

238 2028 387 2123 ffighss
411 2034 429 2058 ‘⁴
450 2050 521 2103 quos
533 2031 570 2086 ad
581 2031 739 2086 veritatem
756 2030 871 2101 plenius
889 2030 1087 2102 indagandam
1100 2031 1201 2087 scierit
1216 2028 1370 2094 nominari,
1384 2029 1462 2100 quod

348 2110 354 2123 '
411 2120 429 2143 ‘⁴
449 2116 545 2185 gratia
562 2119 592 2169 et
609 2115 714 2169 timore
731 2114 902 2186 postpositis
919 2114 1121 2171 testimonium
1139 2113 1312 2186 perhibeant
1329 2112 1458 2178 veritati,

411 2202 428 2225 “
447 2198 537 2254 simili
555 2215 678 2254 censura
695 2215 800 2270 cogere
818 2215 877 2254 non
898 2204 1060 2270 postponat.
1097 2199 1207 2253 Datum
1226 2196 1374 2263 Laterani,
1395 2196 1461 2250 iiii¹⁰

410 2284 428 2308 ‘⁴
448 2280 514 2338 idus
530 2281 643 2349 Martii,
663 2281 848 2353 pontificatus
865 2282 959 2338 nostri
977 2299 1053 2338 anno
1071 2279 1227 2338 secundo.''

238 2563 360 2609 Adi-¹1⁸⁹·
620 2569 746 2627 Uzittam
764 2570 902 2627 tautae
920 2570 1003 2643 lcpoti
1023 2570 1060 2626 od
1076 2575 1241 2627 automatum.

447 2704 466 2730 “
480 2700 628 2756 Johannes
646 2698 833 2770 Anagninos,
852 2697 909 2753 Dei
928 2697 1119 2770 gratiatituli
1139 2697 1239 2753 Sancti
1263 2696 1359 2752 Marci
1381 2715 1462 2769 pres·

409 2787 428 2812 ‘⁶
447 2785 534 2857 byter
547 2782 703 2840 cardinalis
721 2789 751 2837 et
768 2782 936 2854 apostolicae
949 2782 1027 2837 sedis
1040 2782 1165 2853 legatus,
1177 2781 1292 2837 dilectm
1303 2782 1335 2836 in
1347 2779 1462 2837 Christo

410 2872 428 2897 “
449 2868 587 2923 fratribus
605 2871 636 2922 et
653 2865 755 2921 amicis
774 2865 917 2921 Gaufrido
936 2865 1081 2938 suppriori
1102 2870 1132 2920 et
1150 2865 1308 2919 conventui
1332 2865 1461 2920 ecclesiae

412 2954 431 2976 “
450 2951 564 3007 Christi
584 2949 812 3014 (lantuariensis,
830 2948 956 3005 salutem
973 2949 1004 3003 in
1025 2948 1146 3004 salutari
1163 2947 1291 3002 Domini.
1328 2948 1462 3003 Deuotio-

410 3037 429 3061 “
449 3032 518 3089 nem
538 3040 568 3089 et
587 3033 782 3088 reverentiam
800 3050 888 3105 quam
904 3033 982 3087 circa
999 3032 1159 3087 Romanam
1175 3032 1330 3087 ecclesiam
1349 3037 1381 3086 et
1398 3049 1462 3104 per·

239 3106 377 3198 ffiffi
411 3120 428 3145 ‘⁸
449 3135 548 3173 sonam
567 3120 697 3171 nostram
715 3116 828 3185 geritis,
847 3115 885 3170 ad
906 3115 989 3186 cujus
1013 3114 1169 3185 diffugium
1190 3121 1222 3170 et
1238 3115 1461 3171 consolationem

238 3206 369 3259 sympathy.
387 3261 390 3265 φ
410 3204 430 3228 “
451 3219 508 3273 spe.
519 3218 578 3256 non
596 3199 711 3255 modica
733 3199 814 3254 ducti
835 3199 997 3263 recurritis,
1016 3198 1187 3269 propensius
1204 3199 1399 3265 attendentes,
1416 3216 1463 3254 ec·

410 3285 547 3341 “alesia
578 3288 684 3339 restrae
714 3283 846 3338 libertati
879 3282 1082 3338 conservandas
1113 3282 1235 3354 provida
1266 3283 1463 3339 sollicitudine

408 3371 428 3395 “
448 3367 639 3434 intendimus,
659 3367 821 3439 vestrisque
837 3365 1018 3437 profectibus
1036 3366 1183 3438 largiente
1200 3367 1326 3422 Domino
1344 3383 1462 3439 operam

409 3454 428 3479 ‘⁶
448 3451 582 3507 dabimus
600 3450 757 3506 efficacem.
795 3448 871 3505 Sane
893 3449 1111 3521 gravaminibus
1135 3456 1166 3505 et
1185 3450 1337 3522 pressuris,
1356 3449 1461 3522 quibus

408 3539 426 3563 “
445 3534 646 3590 indesinenter
663 3550 700 3587 ex
717 3532 885 3588 litterarum
895 3537 1061 3589 vestrarum
1077 3538 1179 3589 tenore
1194 3551 1247 3589 ros
1263 3534 1461 3589 intelleximus

409 3622 427 3647 “
447 3618 589 3683 laborare,
603 3616 702 3672 debita
718 3615 899 3688 benignitate
917 3617 1119 3690 compatimur,
1133 3617 1317 3689 Dominoque
1327 3617 1459 3689 juvante,

409 3705 427 3728 ‘¹
446 3702 503 3757 nisi
529 3702 676 3773 malignus
702 3699 792 3755 homo
816 3699 1061 3771 impedimentum
1078 3700 1196 3772 aliquod
1219 3699 1404 3771 irrogaverit,
1428 3701 1461 3755 in

410 3788 428 3812 “
447 3785 580 3858 proximo
609 3785 697 3840 finem
731 3782 864 3839 debitum
896 3783 1048 3855 imponere
1080 3784 1252 3855 cogitamus.
1303 3782 1461 3854 Cupientes

409 3872 429 3897 ‘⁴
448 3871 542 3943 igitur
564 3869 695 3925 laborem
712 3873 846 3925 vestrum
869 3873 900 3924 et
921 3869 1072 3941 angustias
1095 3886 1130 3923 ax
1155 3868 1283 3925 adventu
1305 3872 1406 3923 noetm
1429 3868 1461 3924 iu

239 3960 327 4003 Helm
409 3956 430 3982 “
448 3960 532 4027 parte
556 3953 700 4025 mitigari,
719 3952 835 4009 litteras
858 3957 973 4008 nostras
997 3952 1214 4026 archiepiscopo
1239 3951 1459 4020 destinavimus,

239 4011 378 4112 lffillg,
409 4040 428 4067 ..
447 4039 543 4094 danao
571 4038 666 4093 eidem
692 4037 725 4092 in
747 4036 894 4092 maneam
911 4041 955 4103 ut,
977 4038 1057 4093 omni
1077 4055 1160 4093 mora
1184 4041 1215 4092 ee
1235 4036 1462 4092 memoratione

238 4111 372 4256 iidie
409 4120 1463 4263 11azareel{elatraret{ittarta

409 4294 429 4319 “
448 4250 562 4347 adituri
585 4296 617 4346 et
641 4307 792 4362 egressum
812 4289 964 4357 habentes,
977 4280 1064 4346 solita
1080 4249 1216 4344 libeitate
1233 4292 1263 4343 et
1279 4305 1378 4343 rerum
1399 4306 1462 4343 ves·

409 4377 428 4403 “
445 4380 559 4431 trorum
577 4373 828 4430 administratione
846 4376 973 4446 receptu,
992 4373 1082 4429 nullis
1105 4372 1140 4428 de
1159 4372 1221 4428 suis
1243 4371 1325 4427 vobis
1345 4373 1462 4428 obstan·

441 4616 567 4668 ¹Liueroe
577 4614 718 4682 Jelaanis]
750 4616 814 4667 This
836 4616 911 4667 letter
927 4630 1016 4668 occurs
1034 4630 1128 4683 among
1144 4615 1189 4667 the
1207 4613 1329 4680 Epistola
1348 4613 1461 4667 Cantus-

406 4698 507 4760 riensee,
517 4696 566 4748 No.
578 4710 660 4756 cccx,
671 4710 696 4760 p.
708 4700 766 4746 294.
