3628 5728
390 885 456 949 492
590 897 755 947 crassen
777 896 939 947 uoracm
962 896 1236 946 CAMUARIENSIS

236 1097 359 1201 effla
390 1083 622 1150 Oantuariensi
656 1083 888 1149 convenissent
924 1081 960 1146 in
997 1103 1110 1161 unum,
1145 1084 1303 1150 accamilo
1336 1083 1439 1149 electo

220 1210 360 1255 mamonis
388 1186 618 1274 wigorniensi,
645 1191 817 1272 coeperunt
847 1185 993 1272 ejusdem
1024 1185 1304 1253 examinationem
1334 1184 1439 1252 facere

220 1261 351 1406 {QZ
388 1295 503 1355 contra
525 1288 659 1355 modum
675 1293 710 1354 et
724 1287 863 1354 formam
886 1286 1030 1354 ecclesiae
1047 1286 1303 1355 (lantuariensis.
1343 1287 1439 1370 Quod

220 1374 356 1506 {qqffi
388 1392 525 1458 audiens
541 1391 630 1478 prior
646 1390 814 1456 Osbernus
836 1412 905 1456 una
928 1413 1003 1457 cum
1026 1397 1160 1458 cantore
1183 1398 1218 1458 et
1240 1392 1439 1478 quibusdam

219 1525 352 1609 ffiqsffie
388 1495 546 1561 fratribus
568 1495 712 1571 accessit,
728 1514 847 1581 rogans
869 1494 1017 1581 legatum
1040 1501 1080 1561 ut
1101 1496 1282 1562 secundum
1305 1518 1439 1562 consue·

220 1615 314 1658 orator
388 1597 539 1662 tudinem
556 1595 805 1661 Cantuariensis
829 1595 972 1661 ecclesias
989 1596 1268 1662 examinationem
1283 1595 1375 1662 illam
1391 1594 1439 1662 fa·

220 1665 356 1767 qma,
389 1704 477 1764 ceret
485 1704 520 1764 et
528 1697 814 1764 consecrationem.
847 1695 1033 1783 Respondit
1043 1697 1181 1784 legatus,
1192 1697 1280 1784 quod
1289 1700 1336 1764 sic
1350 1698 1440 1764 non¹

219 1767 359 1912 ἓξὲξ
389 1802 523 1868 deberet
544 1802 615 1867 fieri
638 1801 682 1866 ad
705 1798 895 1887 exemplum
919 1800 1044 1866 domini
1067 1822 1171 1888 papae,
1184 1802 1242 1888 qui
1264 1803 1312 1869 sic
1334 1801 1440 1868 facere

388 1905 568 1972 consuevit.
615 1902 680 1969 Oui
701 1903 800 1990 prior,
824 1902 1044 1981 “Dominus”
1071 1902 1190 1989 inquit,
1214 1910 1330 1991 “papa
1351 1904 1440 1990 quod

389 2017 407 2043 “
429 2008 493 2073 sibi
515 2005 677 2093 placuerit
698 2005 818 2085 feciet;
844 2025 904 2071 nos
926 2010 1038 2071 autem
1062 2007 1317 2073 consuetudines
1340 2004 1439 2093 hujus

389 2120 406 2146 “
429 2110 573 2176 eeclesiae
595 2108 740 2195 petimus
764 2107 939 2174 observari.
987 2107 1023 2173 Si
1046 2108 1243 2196 quandoque
1264 2110 1363 2176 aliter
1385 2108 1439 2177 vel

389 2212 509 2278 “alibi
541 2211 669 2277 factum
701 2215 759 2286 est,
783 2210 943 2276 violentia
965 2209 1031 2275 fnit
1053 2212 1108 2276 vel
1140 2210 1282 2279 discrete
1307 2212 1438 2299 dispen

388 2325 406 2350 “
428 2313 540 2380 satio.”
602 2312 684 2378 Haec
721 2312 895 2378 audientes
927 2313 1079 2399 episcopi,
1112 2334 1180 2379 una
1217 2337 1292 2382 cum
1329 2314 1438 2402 legato

388 2421 567 2504 surgentes,
584 2416 674 2502 quod
696 2416 887 2501 inceperant
910 2414 1116 2493 dimiserunt,
1139 2415 1316 2504 indutique
1338 2418 1438 2484 veeti-

388 2521 451 2585 bus
473 2520 573 2584 sacris
595 2516 823 2583 interfuerunt
854 2516 895 2582 de
929 2537 1019 2583 more
1042 2520 1241 2604 processioni
1263 2519 1438 2587 monacho·

388 2644 469 2688 rum.
517 2620 603 2687 Oum
626 2619 730 2707 igitur
751 2624 829 2686 ante
852 2640 1009 2707 magnum
1031 2620 1136 2687 altare
1158 2622 1199 2688 de
1222 2644 1312 2690 more
1335 2624 1438 2699 consi·

389 2725 505 2792 derent
521 2724 673 2812 episcopi,
689 2742 869 2810 exsurgens
886 2722 1073 2789 Gilebertus
1089 2724 1253 2792 Roffensis
1268 2726 1439 2815 episcopus

388 2828 477 2894 dixit
499 2828 542 2893 ad
565 2826 711 2914 legatum
725 2851 777 2891 :-

220 2951 342 3003 sequor
433 2929 586 3007 “Nostis,
609 2932 706 3014 pater
727 2927 923 3007 venerande,
947 2927 1034 3014 quod
1050 2928 1204 2994 dominus
1226 2926 1439 2999 Baldewinus

219 3001 350 3147 {affigi
389 3040 406 3068 “
429 3030 679 3097 Cantueriensis
691 3029 963 3116 archiepiscopus,
974 3049 1108 3117 peregre
1123 3030 1338 3118 proficiscens,
1351 3035 1439 3101 vices

256 3133 263 3146 ‘
389 3144 405 3171 “
430 3154 506 3199 suas
537 3134 573 3197 in
603 3131 727 3218 Anglia
756 3132 997 3197 conservandas
1027 3132 1122 3199 nobis
1148 3135 1321 3214 commisit,
1351 3137 1439 3204 unde

388 3245 406 3271 “
428 3235 525 3301 nobis
562 3232 697 3299 videtur
734 3232 823 3318 quod
861 3232 973 3299 omnia
1009 3234 1260 3302 sacramentalia
1297 3256 1371 3323 qnae
1403 3239 1439 3304 in

387 3348 404 3373 “
428 3336 564 3404 ecclesia
588 3334 821 3402 Cantuariensi
852 3335 1003 3401 facienda
1024 3340 1113 3415 sunt,
1136 3358 1195 3425 per
1216 3358 1334 3406 manus
1363 3361 1439 3408 nos·

388 3452 404 3478 “
427 3448 505 3519 tras,
529 3442 616 3508 sicut
649 3460 708 3526 per
738 3438 909 3526 proprium
941 3438 1084 3506 ecclesiae
1121 3439 1336 3529 capellanum,
1366 3444 1438 3511 fieri

388 3556 404 3580 “
427 3546 578 3611 debeant.
625 3542 752 3608 Electio
775 3546 888 3607 autem
917 3540 1017 3628 hujus
1047 3542 1159 3609 fratris
1181 3546 1286 3611 nostri
1309 3544 1437 3635 Wigor·

388 3659 405 3685 “
428 3650 552 3715 niensis
575 3646 671 3714 electi
694 3645 793 3712 aliter
814 3666 913 3731 quam
937 3645 1054 3712 debuit
1075 3645 1163 3713 facta
1185 3655 1252 3731 cst3
1284 3648 1342 3717 sed
1364 3674 1438 3739 pos·

388 3761 405 3788 “
427 3757 482 3818 tea
512 3773 571 3839 per
600 3770 660 3814 vos
693 3749 729 3814 in
759 3748 1005 3814 confirmatione
1035 3746 1277 3835 aliquantulam
1312 3752 1439 3842 accepit

217 3872 368 3969 tngpwqrq·
389 3862 407 3890 “
428 3853 697 3920 meliorationem.
743 3849 878 3937 Allegat
908 3849 1145 3918 Londoniensis
1172 3852 1213 3920 de
1238 3854 1314 3941 jure
1345 3856 1438 3924 deca·

218 3974 333 4019 aeonae
389 3966 405 3992 “
428 3962 527 4023 natus
553 3954 614 4033 sui,
630 3953 687 4019 sed
714 3950 818 4018 nichil
841 3951 885 4017 ad
911 3972 978 4017 nos.
1027 3952 1164 4020 Nullam
1190 3953 1278 4021 enim
1305 3957 1336 4023 ei
1361 3958 1436 4024 sub

218 4026 329 4171 ῗῖιῖἶῗέεἱ
388 4061 602 4147 “jectionem
630 4054 741 4134 debeo,
762 4056 798 4120 in
821 4077 857 4120 re
882 4055 977 4122 nulla
1002 4055 1127 4135 obedio,
1152 4079 1213 4125 nec
1238 4059 1344 4139 alteri,
1372 4061 1436 4128 nisi

219 4138 361 4272 {⁸2}le
388 4164 488 4229 “soli
519 4161 652 4228 domino
682 4180 754 4224 meo
792 4156 1022 4224 Oantuariensi
1052 4156 1318 4249 archiepiscopo:
1348 4163 1437 4231 hunc

387 4266 531 4352 “igitur
554 4264 697 4330 electum
726 4267 885 4339 nostrum,
911 4260 1100 4327 ordinatum
1124 4268 1319 4343 nostrum,a
1343 4266 1437 4333 vobis

386 4379 404 4405 “
426 4374 585 4453 tanquam
625 4366 735 4452 legato
771 4362 1033 4442 consecrandum,
1070 4364 1162 4430 salvo
1199 4366 1276 4452 jure
1315 4374 1437 4447 nostro,

386 4480 405 4507 “
427 4467 691 4559 praesentamus.’'
737 4466 880 4555 Legatue
902 4466 945 4532 ad
975 4465 1054 4544 haec,
1078 4466 1150 4532 “Et
1171 4488 1231 4534 nos
1253 4467 1349 4535 illum
1379 4492 1439 4559 per

387 4572 569 4662 “gretiam
591 4571 655 4636 Dei
679 4569 875 4637 sacrandum
900 4568 1106 4655 suscipimus,
1121 4589 1190 4635 non
1204 4570 1245 4636 dc
1264 4572 1341 4659 jure
1368 4574 1436 4642 He·

819 4823 828 4856 ¹
839 4822 901 4889 soa]
915 4837 966 4873 om.
979 4823 1010 4876 G.
