3628 5728
423 871 488 934 434
630 883 792 932 osnvasn
815 883 977 932 nossem
1000 882 1276 933 crurumrsusrs

270 1095 393 1139 anuas
423 1074 612 1139 innumeros
635 1075 854 1160 undecunque
880 1079 1075 1140 convocaret
1097 1078 1133 1138 et
1154 1072 1293 1160 pedites,
1315 1078 1350 1138 et
1371 1073 1478 1138 modis

254 1144 390 1303 flsssssl.
424 1177 577 1241 omnibus
600 1178 685 1262 regis
707 1178 870 1263 impetum
901 1181 1077 1242 conaretur
1098 1175 1281 1262 effringere,
1304 1197 1346 1241 ne
1369 1176 1478 1240 denuo

253 1261 402 1363 {ffd'm‘ffl
424 1279 566 1346 Franci¹
598 1279 680 1345 tales
712 1279 776 1344 sibi
808 1280 994 1367 cogitarent
1027 1279 1149 1345 inferre
1180 1279 1356 1346 molestias.
1403 1277 1477 1344 Hoc

252 1360 391 1456 mii&
422 1382 527 1467 igitur
548 1386 681 1468 accepto
704 1382 848 1459 consilio,
871 1381 949 1447 licet
978 1381 1154 1468 pecuniam
1178 1381 1307 1445 invitus
1329 1380 1476 1445 effunde·

422 1490 483 1562 ret,
498 1484 592 1549 milia
615 1490 727 1550 tamen
742 1484 888 1549 militum
910 1490 945 1549 et
966 1483 1118 1570 peditum
1141 1482 1357 1548 Gualensium
1380 1483 1475 1549 eoad-

422 1586 544 1649 unavit
565 1586 748 1651 innumera.
796 1584 944 1665 Quorum
967 1583 1111 1649 vallatus
1134 1584 1285 1664 catervis,
1308 1583 1344 1647 in
1367 1588 1477 1648 extre·

421 1687 484 1750 mis
516 1685 664 1752 Franoioe
699 1686 821 1751 finibus
854 1684 951 1751 villas
986 1685 1202 1772 pauperculas
1231 1684 1410 1751 admodum
1441 1689 1477 1749 et

420 1787 578 1872 pauculas
611 1787 789 1865 succendit,
812 1791 847 1852 et
880 1787 995 1852 vineas
1029 1786 1222 1872 extirpavit,
1254 1786 1366 1851 botros
1400 1806 1476 1850 con·

364 1920 372 1931 ·
420 1889 574 1966 culcavit,
597 1894 730 1965 etcum
754 1889 785 1953 ei
807 1910 904 1954 nemo
927 1889 1102 1966 resisteret,
1123 1893 1221 1974 capta
1242 1888 1356 1974 praeda
1378 1909 1476 1974 pecu·

421 1991 501 2054 dum
532 1990 621 2057 illico
653 2013 804 2056 reversus
838 1996 895 2056 est
943 1991 1027 2057 Haec
1059 1991 1200 2059 audiens
1234 2013 1294 2056 rex
1327 1991 1475 2058 Franciae

421 2094 588 2178 patienter
609 2098 645 2157 et
666 2093 842 2170 sustinens,
865 2094 982 2159 ferocis
1005 2093 1110 2159 animi
1132 2092 1282 2158 cohibuit
1303 2093 1475 2179 impetum,

420 2194 533 2258 videre
556 2194 745 2259 desiderans
775 2182 919 2280 buonam
949 2196 1101 2260 tenderet
1123 2195 1260 2260 Henrici
1283 2196 1370 2280 regis
1401 2217 1474 2281 pro·

420 2295 573 2382 positum.
620 2295 802 2362 Dimiserat
835 2298 923 2361 enim
958 2319 1054 2362 suum
1085 2319 1144 2383 pro
1167 2304 1261 2383 parte
1284 2298 1474 2376 exercitum,

250 2414 410 2509 plump
421 2418 460 2463 eo
476 2398 564 2483 quod
580 2404 719 2463 maturae
737 2397 809 2483 jam
825 2400 966 2464 instaret
981 2404 1112 2484 tempus
1128 2399 1314 2464 vindemiae.
1356 2399 1475 2465 Comes

249 2514 399 2608 paupere-u-
421 2505 533 2566 autem
557 2499 717 2566 Ricardus
747 2501 819 2585 jam
852 2506 981 2587 patrem
1005 2523 1102 2566 suum
1125 2505 1325 2566 commotum
1348 2523 1473 2588 regem-

308 2597 314 2608 ’
420 2622 485 2686 que
508 2600 655 2668 Franciae
678 2601 772 2687 quasi
803 2601 986 2667 desolatum
1018 2601 1161 2678 intuens,
1184 2624 1227 2666 ne
1249 2602 1297 2665 nil
1320 2608 1474 2689 ageretur

420 2703 554 2770 castello
588 2703 722 2768 Radulfi
755 2704 901 2768 tetendit
931 2702 1076 2768 insidias.
1133 2703 1345 2790 Tandemque
1375 2710 1474 2770 nacta

419 2807 596 2881 occasione,
620 2810 789 2891 portarum
813 2804 982 2890 praeclusit
1004 2805 1188 2883 introitum,
1212 2827 1250 2870 eo
1281 2807 1370 2891 quod
1401 2808 1473 2893 qui·

420 2906 496 2971 dam
531 2929 573 2971 ex
607 2905 771 2970 militibus
803 2906 938 2970 Francis
961 2905 1081 2991 quibus
1105 2907 1371 2972 commendatum
1402 2914 1474 2974 erat

419 3008 620 3093 praesidium,
643 3005 816 3091 paululum
848 3007 994 3071 exissent
1015 3007 1206 3094 praedaturi.
1253 3007 1350 3089 Quod
1373 3031 1474 3095 agno·

419 3116 547 3173 scentes
569 3114 604 3172 et
625 3113 794 3193 gementes
817 3107 940 3173 milites
956 3109 1090 3186 exclusi,
1106 3109 1193 3174 facto
1217 3109 1353 3197 impetu,
1369 3111 1472 3176 redie-

324 3240 332 3255 ·
420 3214 500 3273 runt
521 3208 565 3274 ad
582 3208 713 3293 januas,
737 3213 772 3272 et
793 3208 970 3273 innuentes
993 3209 1090 3273 sociis
1113 3231 1195 3295 quos
1217 3209 1423 3295 reliquerant
1436 3213 1473 3275 in

249 3309 582 3397 nontamenpraesidio
617 3310 785 3374 irruerunt
818 3309 929 3374 subito
961 3309 998 3374 in
1031 3310 1235 3376 obsidionem
1271 3311 1413 3390 Rioardi,
1437 3318 1472 3377 et

248 3383 370 3477 miris
421 3411 563 3477 viriliter
592 3411 765 3487 caedentes,
791 3410 950 3496 plurimos
979 3411 1178 3489 occiderunt,
1204 3412 1325 3478 multos
1356 3414 1471 3480 vulne·

250 3483 382 3578 i'i'ti‘iebr'.⁸
420 3519 586 3592 raverunt,
611 3519 645 3580 et
671 3513 846 3579 nonnullos
877 3519 1041 3599 oeperunt.
1099 3514 1175 3600 Ipse
1205 3536 1335 3601 quoque
1365 3538 1472 3582 comes

414 3617 486 3703 jam
507 3618 548 3681 de
572 3616 643 3681 sola
665 3615 745 3701 fuga
764 3614 925 3680 sollicitus
940 3635 1024 3699 equo
1045 3615 1191 3700 dejectus
1215 3621 1274 3693 est,
1290 3617 1347 3682 scd
1363 3617 1471 3704 cujus-

419 3718 495 3783 dam
519 3717 678 3783 beneficio
702 3716 864 3781 carnificis
888 3715 1015 3780 robusti
1040 3715 1137 3781 valde
1167 3716 1326 3783 liberatus
1356 3719 1470 3784 evasit

418 3820 492 3886 Rex
517 3822 631 3905 itaque
655 3819 813 3896 Franciae,
829 3820 865 3882 in
895 3818 998 3883 oculis
1027 3819 1176 3884 omnium
1206 3821 1315 3906 gratia
1344 3821 1471 3907 plenus,

413 3924 485 4009 jam
510 3922 631 3987 militia
655 3930 809 3986 revocata
833 3921 869 3984 in
897 3918 1049 3984 omnibus
1074 3921 1194 4008 agebat
1217 3943 1370 4009 prospere
1397 3945 1471 4010 qure

418 4024 606 4110 incipiebat,
634 4044 762 4108 semper
789 4043 934 4087 crescens
966 4027 1000 4087 et
1029 4023 1171 4108 capiens,
1198 4030 1238 4088 ut
1267 4046 1335 4094 non
1365 4026 1471 4090 solum

418 4126 458 4191 de
494 4110 664 4212 provincia
702 4123 860 4199 Biturica,
885 4124 943 4189 sed
976 4129 1012 4188 et
1047 4124 1087 4188 de
1122 4125 1197 4190 aliis
1232 4127 1329 4191 terris
1360 4148 1469 4213 regem

416 4228 548 4314 Anglire
575 4225 754 4312 propellere
782 4226 973 4291 minaretur.
1021 4225 1048 4289 E
1075 4229 1239 4292 contario
1264 4249 1323 4293 rex
1338 4228 1470 4315 Anglire

417 4329 537 4395 cotidie
579 4327 800 4404 minuebatur,
836 4333 871 4393 et
908 4327 1028 4394 cotidie
1067 4331 1102 4394 in
1143 4351 1270 4395 cassum
1309 4330 1471 4395 nonnulla

416 4431 508 4496 milia
546 4449 729 4494 marcarum
772 4428 857 4493 male
895 4431 1085 4515 congregati
1121 4428 1313 4496 effimdebat
1352 4432 1468 4497 aerarii.

417 4533 559 4598 Suorum
584 4533 706 4597 etenim
731 4536 801 4595 tam
826 4532 983 4596 comitum
1008 4553 1107 4617 quam
1132 4532 1293 4597 baronum
1321 4538 1356 4597 et
1382 4533 1468 4597 mili-

781 4778 788 4810 ¹
801 4776 909 4844 limet]
924 4792 975 4828 om.
987 4779 1019 4829 B.
1030 4799 1037 4839 ;
1054 4779 1104 4830 ins.
1116 4779 1147 4831 0.
