3588 5740
430 883 495 945 580
628 895 790 943 aaavasn
814 894 975 943 nossem
997 892 1272 942 circummissis

277 1083 400 1175 {wll-11⁹³·
432 1082 450 1105 ‘⁶
470 1080 613 1144 demoliri,
633 1078 710 1152 quod
728 1078 783 1135 de¹
802 1077 988 1133 instituendis
1007 1077 1154 1133 canonicis
1172 1084 1202 1131 et
1218 1076 1284 1131 aliis
1302 1076 1399 1130 fuerat
1418 1093 1481 1146 per-

261 1137 387 1242 Pinff'w'
432 1166 570 1235 “peram
596 1168 800 1234 attemptatum
825 1163 857 1216 in
884 1161 1000 1217 irritum
1027 1161 1143 1233 penitus
1170 1167 1313 1224 revocato,
1341 1160 1392 1215 ubi
1419 1160 1480 1215 sire

261 1252 375 1292 astense.
433 1249 451 1275 “
469 1249 575 1303 omissa
593 1248 681 1304 fuerit
698 1248 849 1318 premissa
865 1246 1048 1316 indulgentia
1059 1247 1107 1301 vel
1126 1247 1215 1302 etiam
1233 1246 1367 1316 allegata,
1382 1261 1481 1300 eorum

432 1334 451 1358 “
469 1349 529 1386 non
557 1338 672 1403 poterat
698 1331 810 1387 ratione
836 1331 988 1402 praemissa
1015 1332 1197 1403 propositum
1227 1330 1378 1403 impedire.
1424 1329 1483 1383 Per

432 1418 451 1443 “
471 1416 563 1488 ipsam
582 1434 696 1488 quoque
718 1416 955 1487 compositionem
981 1415 1017 1470 de
1038 1433 1096 1487 qua
1120 1415 1325 1487 praemisimus,
1344 1422 1480 1485 tanquam

431 1504 450 1530 ‘⁸
471 1501 553 1573 regio
571 1507 651 1555 metu
669 1500 812 1555 violenter
837 1505 990 1564 extortam,
1009 1505 1122 1573 partem
1140 1517 1223 1555 suam
1249 1499 1282 1553 in
1307 1499 1389 1553 nullo
1415 1514 1482 1569 gra·

432 1587 451 1612 “
470 1586 533 1639 vari
551 1603 635 1657 posse
654 1585 797 1640 dicebant.
836 1584 910 1640 (ium
929 1585 1007 1638 enirn
1034 1584 1128 1640 dictus
1147 1583 1282 1639 Clemens
1309 1600 1385 1654 papa
1409 1599 1483 1653 prse-

433 1669 451 1694 “
471 1667 606 1724 decessor
623 1675 730 1732 noster,
741 1685 795 1739 pro
814 1667 942 1723 sedanda
959 1667 1103 1723 discordia
1128 1667 1207 1722 inter
1232 1666 1482 1737 archiepiscopum

434 1755 452 1779 “
473 1757 504 1807 et
520 1754 675 1808 monachos
693 1751 912 1807 Oantuarienses
930 1751 1135 1818 exortatore
1153 1750 1301 1806 memoriae
1320 1749 1484 1804 Johannem

263 1831 403 1924 ,s‘rpssimnas
434 1838 453 1862 “
473 1835 671 1906 Anagninum,
691 1842 761 1890 tunc
788 1836 926 1905 temporis
943 1834 1023 1891 tituli
1044 1834 1143 1890 Sancti
1170 1834 1264 1888 Marci
1290 1833 1483 1905 presbiterum
1576 1864 1586 1879 .

259 1890 386 1974 tasi?
435 1920 454 1945 “
474 1918 660 1983 cardinalem,
680 1919 844 1989 apostolicae
862 1918 938 1974 sedis
956 1918 1097 1989 legatam,
1116 1923 1217 1989 postea
1233 1935 1303 1973 vero
1316 1917 1483 1988 episcopum

265 1980 369 2025 hem·
435 2004 452 2029 ‘⁶
473 2002 695 2067 Praenestinum,
713 2002 745 2056 in
769 2002 909 2073 Angliam
936 2002 1102 2072 specialiter
1128 2001 1308 2064 destinasset,
1333 2007 1485 2071 postquam

435 2087 454 2111 “
474 2085 546 2140 illuc
563 2084 769 2148 transfretavit,
789 2084 897 2140 factum
915 2084 981 2149 fait,
1001 2082 1079 2139 dioto
1098 2083 1265 2139 Baldewino
1283 2083 1485 2138 Cautuarieusi

434 2169 453 2194 ‘⁴
474 2167 687 2239 archiepiscopo
705 2173 885 2238 procurante,
906 2168 984 2240 quod
1002 2167 1078 2239 apud
1099 2176 1216 2239 portum
1234 2168 1367 2223 Dovoriae
1385 2172 1487 2222 contra

436 2254 454 2278 “
474 2251 651 2306 voluntatem
670 2269 752 2306 suam
778 2268 830 2323 per
854 2251 916 2307 dies
942 2252 1084 2323 plurimos
1101 2257 1257 2315 teneretur,
1277 2250 1354 2322 quod
1372 2251 1402 2304 in
1420 2267 1486 2320 gra·

436 2337 455 2362 “
475 2352 541 2389 vem
560 2334 689 2389 ecclesiae
714 2334 851 2389 Romanas
878 2335 1015 2405 injuriam
1040 2335 1232 2400 redundavit;
1258 2351 1312 2389 nec
1337 2340 1404 2389 aute
1430 2334 1487 2389 snit

436 2419 455 2444 ‘⁴
475 2417 631 2488 permissus
659 2416 844 2473 cantuariam
874 2414 1017 2489 proficisci
1046 2434 1132 2488 quam
1163 2435 1214 2489 per
1244 2416 1355 2472 dictum
1384 2435 1487 2489 regem

435 2503 456 2528 “
476 2501 602 2573 Angliae,
622 2501 672 2572 qui
692 2501 793 2556 eodem
811 2506 942 2573 tempore
960 2519 1028 2556 cum
1054 2501 1195 2572 episcopis
1221 2501 1281 2572 suis
1301 2499 1487 2555 Cantuariam

412 2648 415 2655 ¹
437 2587 457 2611 “
476 2592 606 2649 venerat,
625 2585 657 2638 in
673 2602 742 2656 pace
762 2588 850 2654 quam
868 2586 1000 2640 fecerunt
1018 2602 1085 2641 cum
1111 2586 1334 2656 archiepiscopo,
1354 2584 1488 2639 monachi

437 2672 456 2696 ‘¹
475 2669 535 2724 vim
558 2669 634 2740 passi
652 2670 769 2725 fuerunt
787 2674 817 2724 et
843 2670 984 2741 compulsi
1002 2674 1070 2725 sunt
1094 2671 1192 2724 omnia
1216 2669 1367 2724 sustinere.
1405 2667 1488 2737 Quod

438 2754 457 2777 “
477 2752 541 2807 ideo
559 2770 626 2806 cum
646 2769 734 2823 prope
752 2752 862 2823 positus
876 2752 1003 2807 audisset
1020 2760 1051 2807 et
1067 2758 1167 2822 postea
1183 2769 1310 2822 praessns
1327 2750 1405 2822 apud
1417 2751 1489 2807 Oan-

439 2836 457 2862 “
478 2836 601 2891 tuariam
625 2836 815 2906 cognovisset,
833 2836 941 2906 scripto
966 2834 1104 2889 mandare
1129 2835 1252 2898 curavit,
1272 2835 1347 2889 siout
1371 2835 1403 2889 iu
1429 2835 1489 2889 suis

438 2921 456 2946 ‘⁴
477 2920 583 2974 litteris
601 2919 765 2990 patentibus
783 2918 957 2983 continetur,
977 2935 1047 2988 qnae
1074 2934 1171 2971 coram
1197 2916 1280 2972 nobie
1298 2917 1421 2972 lecimus
1444 2936 1490 2973 re-

438 3005 457 3029 “
477 3002 572 3066 citari,
598 3008 632 3057 ut
653 3007 683 3057 et
703 3002 747 3057 rei
765 3001 872 3056 veritas
897 3001 1030 3057 omnibus
1054 3000 1254 3065 innotesceret,
1275 3008 1305 3056 et
1331 3001 1408 3073 quod
1432 3004 1489 3056 sac·

440 3089 458 3113 ‘⁴
479 3092 543 3139 tum
556 3086 652 3141 fuerat
669 3103 728 3139 non
741 3091 896 3156 generaret
913 3084 1116 3156 prejudicium
1131 3084 1254 3154 justitiae
1272 3085 1487 3149 monachorum,

438 3170 506 3223 “et
531 3167 556 3222 si
583 3167 814 3239 archiepiscopus
839 3167 900 3238 ipse
926 3167 974 3222 vel
1001 3166 1106 3239 aliquis
1134 3167 1171 3222 ds
1196 3168 1406 3223 successoribus
1430 3169 1490 3223 suis

441 3253 460 3278 “
480 3251 654 3321 scripturam
672 3267 758 3321 super
778 3251 872 3305 forma
898 3251 977 3321 pacis
1001 3250 1171 3322 quandoque
1198 3251 1349 3322 proferret,
1367 3253 1492 3308 sciretur

440 3337 458 3361 “
478 3336 514 3389 ab
532 3335 666 3389 omnibns
691 3352 755 3388 earn
782 3333 919 3390 fratribus
942 3334 1004 3406 jam
1032 3335 1118 3390 dicta
1143 3336 1272 3390 ecclesia
1297 3354 1349 3392 nec
1375 3355 1492 3393 consen·

441 3419 459 3444 ‘⁶
481 3417 618 3473 tieutibus
636 3435 689 3472 nec
707 3416 866 3472 scientibus
884 3416 972 3472 fuisse
991 3419 1162 3482 confectam,
1181 3436 1234 3474 nec
1252 3419 1308 3475 sibi
1332 3420 1491 3475 exhibitam

441 3503 461 3528 ‘⁴
480 3501 639 3573 postulanti
665 3501 714 3572 qui
741 3500 778 3555 ad
803 3517 919 3555 causam
943 3501 1036 3573 ipsam
1057 3501 1151 3557 fuerat
1177 3520 1195 3556 a
1219 3520 1332 3558 summo
1356 3504 1492 3574 pontifice

443 3586 460 3611 “
481 3585 651 3649 destinatus,
678 3583 756 3638 unde
780 3583 827 3638 vel
857 3601 920 3639 rem
951 3590 1062 3655 gestam
1092 3585 1262 3641 confirmare
1291 3586 1440 3653 debuerat,
1467 3588 1492 3643 si

442 3670 461 3696 “
477 3669 603 3739 justitias
631 3667 829 3734 concordaret,
849 3668 906 3733 vel,
933 3669 959 3723 si
985 3669 1070 3723 aliter
1095 3669 1170 3724 facta
1194 3669 1311 3737 suersst,2
1334 3671 1491 3726 infirmare.

443 3754 462 3778 “
483 3751 533 3809 Sic
550 3768 620 3823 ergo
638 3768 812 3822 cognoscens
830 3752 906 3806 facto
925 3751 970 3805 illi
995 3752 1187 3807 intercessisse
1205 3753 1374 3808 violentiam
1401 3756 1492 3810 mani·

444 3838 462 3863 “
483 3838 596 3901 festam,
623 3835 794 3890 anctoritate
822 3852 879 3906 qua
906 3834 1081 3906 fungebatur
1105 3837 1261 3907 apostoliea
1287 3839 1397 3902 statuit,
1415 3839 1493 3910 quod

444 3921 463 3945 “
482 3937 576 3992 neque
593 3919 746 3975 concordia
763 3919 805 3974 sic
823 3918 901 3973 facta
917 3919 1015 3973 valere
1042 3919 1168 3985 deberet,
1188 3937 1283 3992 neque
1307 3923 1494 3992 compromis-

444 4004 464 4029 “
483 4003 525 4058 sio
542 4002 686 4057 violenter
703 4008 825 4066 extorta,
844 4019 938 4072 neque
956 4003 1097 4074 scriptum
1114 4002 1233 4073 aliquod
1250 4005 1292 4060 sic
1310 4015 1492 4077 conceptum,

445 4087 464 4113 “
485 4092 515 4141 et
532 4085 609 4158 qnod
626 4087 699 4158 ipsis
717 4085 866 4140 monachis
883 4085 914 4138 iu
936 4091 1084 4155 posterum
1109 4085 1308 4158 praejudicium
1327 4105 1386 4142 uon
1398 4089 1494 4167 *affer-

446 4170 465 4196 “
482 4176 529 4224 ret
558 4186 624 4223 cum
654 4169 752 4223 omnia
775 4185 809 4223 eo
836 4178 979 4239 prasente
1004 4186 1038 4224 ao
1066 4168 1282 4225 contradicente
1307 4170 1416 4227 fuerint
1444 4173 1495 4227 ad·

447 4251 614 4322 “impleta
660 4252 730 4306 Post
759 4252 822 4306 haec
851 4269 918 4306 oum
948 4251 1031 4305 bonae
1055 4253 1205 4308 memoriae
1231 4254 1394 4310 celestinus
1418 4272 1495 4328 papa

446 4335 465 4361 “
484 4335 678 4407 predecessor
694 4340 793 4389 noster
810 4335 909 4389 omnia
926 4352 990 4406 quae
1010 4352 1062 4406 per
1079 4340 1272 4391 memoratum
1291 4336 1495 4407 Baldewinum

447 4420 466 4445 ‘⁴
485 4419 736 4490 archiepiscopum
765 4419 844 4474 circa
874 4418 1028 4475 monachos
1046 4418 1077 4475 vi
1101 4421 1149 4474 vel
1174 4426 1256 4476 metu
1286 4427 1351 4476 acta
1380 4423 1496 4479 fuerant

447 4504 466 4529 ‘⁴
485 4504 658 4559 auctoritate
688 4501 846 4573 apostolica
869 4502 901 4556 iu
928 4502 1044 4558 irritum
1073 4508 1232 4568 revocaret,
1257 4505 1432 4560 nominatim
1461 4524 1496 4562 ea

447 4587 466 4612 “
485 4604 549 4658 qua
562 4587 660 4657 legato
672 4585 812 4640 Murena
824 4586 954 4641 ecclesia
969 4593 1113 4657 praesente
1124 4593 1155 4643 et
1165 4587 1383 4644 contradicente
1396 4596 1497 4645 contra

479 4766 544 4832 lde]
557 4782 608 4818 om.
620 4768 651 4817 B.
965 4766 971 4837 Ι
1015 4767 1134 4835 ’saercfl
1150 4769 1236 4830 tuerit,
1249 4771 1280 4823 C.
