3662 5728
205 1155 292 1222 Alae,

204 1238 227 1272 c.
239 1229 279 1274 ³5.

743 963 856 1013 orsas
878 961 1070 1013 merorum.
1364 948 1426 1017 211

411 1162 430 1188 “
444 1160 570 1217 Domine
587 1159 630 1216 mi
647 1164 741 1232 pater,
760 1177 829 1216 vere
853 1163 887 1215 tu
910 1159 989 1215 eolus
1006 1157 1144 1225 vidistis*
1163 1162 1194 1214 et
1217 1155 1430 1229 congeminans
1458 1163 1581 1207 anuos

372 1264 448 1310 cum
466 1240 605 1323 suspirio,
629 1248 765 1315 “Vera”
783 1249 834 1314 ait,
857 1248 919 1304 “tn
936 1250 1014 1305 solus
1031 1248 1141 1317 vidisti,
1161 1266 1215 1305 nos
1238 1262 1339 1303 omnes
1360 1245 1430 1304 caci
1441 1213 1597 1328 fflffiffl

374 1345 393 1372 “
411 1344 530 1411 fuimus,
549 1343 600 1416 qui
618 1343 673 1399 tibi
690 1346 792 1400 contra
803 1341 901 1397 Deum
915 1341 1048 1398 dedimus
1064 1342 1217 1399 consilium
1229 1344 1263 1396 nt
1275 1339 1313 1396 ed
1323 1344 1429 1396 nutum
1441 1326 1583 1423 ffiffln

375 1437 539 1493 “hominis
565 1438 705 1492 honorem
733 1435 788 1492 Dei
817 1433 970 1491 reticeres.
1014 1434 1155 1501 Poeniteo,
1186 1438 1279 1506 pater,
1311 1432 1429 1504 ignosce

374 1532 392 1557 ‘⁶
412 1548 493 1601 rogo,
512 1534 543 1585 et
560 1529 598 1585 ab
620 1529 675 1584 hac
693 1527 781 1599 eulpa
803 1544 851 1583 me
875 1528 1015 1583 miserum
1040 1526 1166 1593 absolve,
1185 1542 1312 1598 regnum
1329 1541 1428 1580 meum

374 1626 393 1651 ‘⁴
415 1627 445 1678 et
462 1622 608 1693 meipsum
626 1634 668 1679 ex
685 1620 740 1676 hac
758 1620 830 1674 hora
847 1619 903 1675 tibi
920 1610 1046 1677 offer0.”

419 1714 558 1781 Elevato
580 1715 693 1801 itaque
715 1737 785 1792 rege
808 1715 1005 1789 statronis,
1029 1717 1105 1801 post
1134 1713 1244 1779 dulcis
1266 1717 1301 1777 et
1322 1711 1567 1820 emmim:

373 1816 537 1904 colloquia
558 1825 626 1881 data
647 1822 850 1880 benedictione
874 1822 1108 1897 archiepiscopus
1132 1822 1259 1880 Senonis
1278 1836 1428 1880 reversus
1439 1819 1543 1915 ffifw

373 1919 482 1986 Deum
506 1917 711 2007 glorificabat
738 1915 805 1997 Qui
835 1934 903 1982 non
925 1915 1047 1981 desani
1068 1920 1237 2003 sperantes
1259 1916 1296 1980 in
1319 1915 1370 1994 Se,
1394 1920 1429 1982 et

373 2024 414 2090 de
444 2044 505 2088 sua
527 2022 653 2086 virtute
679 2018 858 2106 gloriantes
884 2016 1048 2082 humiliat.
1093 2026 1164 2082 Post
1181 2026 1294 2099 aliquot
1315 2024 1428 2085 autem
1440 2024 1566 2121 Q'gnt

372 2134 434 2190 dies
448 2125 519 2212 regi
534 2123 683 2189 Franciae
705 2120 898 2186 nuntiatum
914 2125 972 2197 est,
988 2122 1077 2205 quod
1092 2142 1150 2185 rex
1161 2129 1279 2202 Angliae
1294 2119 1429 2188 omnes¹
1440 2126 1571 2221 mm

371 2228 607 2294 conventiones
631 2224 707 2290 illae
730 2243 910 2309 quaecum
933 2223 1065 2289 Pictavis
1088 2230 1125 2290 et
1145 2224 1334 2303 Batonibus,
1356 2225 1429 2311 ipso
1440 2227 1593 2322 fflpdtpg

371 2354 443 2410 rege
471 2337 654 2393 Francorum
685 2325 861 2402 mediante,
885 2332 917 2387 in
941 2324 1131 2410 supradicto
1162 2334 1308 2407 eolloqnio
1339 2328 1429 2413 apud
1441 2327 1598 2424 iliam&

372 2430 521 2497 Montem
551 2429 739 2495 Mirabilem
768 2426 899 2502 fecerat,
927 2424 998 2510 jam
1033 2427 1070 2490 in
1103 2426 1237 2493 tantillo
1271 2430 1429 2516 temporis

371 2533 480 2619 spatio
514 2530 747 2618 confregisset:
781 2528 871 2594 unde
893 2556 945 2595 rex
970 2535 1150 2593 Francorum
1171 2527 1339 2596 admirans
1371 2530 1430 2609 ait,

374 2643 393 2668 “
413 2641 438 2697 Ο
457 2659 546 2714 quam
563 2642 699 2713 prudens,
719 2658 807 2713 quam
824 2641 968 2698 discretus
986 2644 1017 2696 et
1039 2640 1178 2711 providus
1201 2635 1252 2696 est
1274 2639 1326 2695 iile
1352 2639 1429 2696 (ian-

373 2736 392 2762 “
411 2734 568 2790 tuariensis
595 2733 838 2806 archiepiscopus,
865 2735 916 2807 qui
941 2735 984 2789 ita
1007 2732 1091 2789 nobis
1116 2733 1251 2789 omnibus
1275 2738 1336 2789 tam
1360 2749 1428 2787 aon·

374 2825 526 2881 “stanter
551 2825 666 2881 obstitit
689 2843 728 2880 ne
752 2843 854 2898 pacem
880 2827 989 2882 feceret
1018 2842 1106 2898 quam
1131 2825 1281 2882 volebantt
1330 2823 1429 2896 Ipsius

375 2920 395 2946 ‘¹
414 2916 514 2974 certe’
543 2918 744 2975 debuissemus
775 2918 912 2991 quaesisse
942 2918 1107 2986 consilium,
1144 2917 1195 2989 qni
1230 2917 1311 2990 regis
1346 2915 1428 2971 illins

374 3010 394 3036 “
413 3027 509 3066 mores
526 3013 557 3065 et
574 3010 705 3066 animum
721 3009 834 3066 novit.”
871 3001 941 3067 Alii
957 3025 1087 3090 quoque
1102 3004 1300 3070 mediatores
1315 3000 1428 3088 magni

372 3102 526 3169 similiter
539 3102 644 3189 ipsius
666 3103 888 3170 constantiam
909 3106 1145 3192 praedicabant.
1183 3105 1312 3193 Vulgus
1327 3105 1429 3170 etiam

372 3210 408 3271 et
428 3205 531 3292 pueri,
547 3227 622 3273 eum
644 3206 799 3272 viderent
821 3229 897 3273 eum
920 3207 1049 3295 uspiam
1073 3214 1337 3296 praetereuntem,
1354 3215 1431 3271 diee-

372 3307 455 3373 bant
492 3307 672 3382 adinvicem,
705 3317 725 3343 ‘⁴
738 3316 814 3373 Ecce
841 3313 974 3375 sanetus
1003 3319 1055 3374 illc
1085 3311 1345 3398 archiepiscopus
1379 3316 1431 3385 qui

374 3411 394 3438 ‘⁸
413 3415 535 3520 propter,
559 3426 647 3482 reges
672 3408 768 3465 Deum
793 3428 902 3484 negare
928 3412 1025 3469 noluit
1048 3430 1103 3469 neo
1132 3414 1272 3470 honorem
1298 3412 1355 3468 Dei
1384 3428 1429 3466 re·

373 3495 394 3521 Η
413 3493 525 3550 timeo,
1502 3494 1505 3501 ¹

417 3576 482 3642 His
505 3577 629 3656 auditis,
647 3603 698 3642 rex
710 3584 835 3658 ,Angliae
851 3579 1011 3646 mandavit
1027 3590 1095 3663 regi
1112 3590 1291 3647 Francorum
1310 3607 1341 3645 se
1365 3588 1432 3662 plu-t
1443 3589 1496 3635 Heu
1533 3602 1567 3636 rs·

373 3673 483 3730 rimum
500 3674 605 3731 mirari
621 3674 701 3747 quod
729 3667 1011 3759 archiepiscopum
1040 3671 1078 3736 in
1107 3676 1197 3738 terra
1218 3691 1280 3736 sua
1301 3668 1428 3735 diutius
1442 3653 1594 3786 Epigorffl

373 3766 532 3832 retineret
562 3766 620 3852 qui
643 3794 746 3848 pacem
768 3770 833 3836 sibi
855 3771 1002 3838 oblatam
1024 3782 1235 3838 contumaciter
1257 3771 1428 3838 refutavit
1442 3792 1600 3845 maresa

373 3862 436 3919 Rex
469 3861 583 3922 autem
614 3865 747 3922 Franoiae
765 3870 878 3926 nuntiis
902 3862 998 3941 dixit,
1032 3873 1051 3899 ‘⁶
1066 3869 1126 3937 Ite,
1160 3862 1260 3928 dieite
1294 3861 1428 3927 domino
1441 3843 1556 3947 iiffih'

373 3954 392 3981 “
411 3960 519 4022 vestro,
545 3954 623 4027 quia,
652 3953 679 4009 si
700 3946 771 4033 ipse
797 3959 1020 4015 consuetudines
1044 3976 1116 4032 ques
1141 3959 1235 4015 avitas
1260 3964 1347 4015 vocat
1370 3976 1428 4014 non

373 4046 492 4112 “vult
521 4047 700 4127 dimittere,
722 4070 783 4115 nec
809 4071 869 4137 ego
907 4056 1100 4118 veteranam
1134 4073 1249 4139 regum
1278 4050 1428 4118 h'ranciee
1508 4104 1514 4113 .

372 4152 591 4214 “libertatem
613 4150 689 4215 volo
712 4151 900 4238 propellere,
923 4175 997 4239 quae
1020 4153 1148 4220 cunctis
1170 4153 1370 4230 amantibus,
1393 4156 1428 4219 et
1481 4166 1483 4172 ’

372 4256 390 4282 “
411 4251 576 4337 praecipue
597 4253 745 4337 personis
768 4254 1003 4333 ecclesiasticis,
1028 4264 1178 4322 consuevit
1196 4254 1398 4321 subvenire.’'

416 4350 542 4417 Videns
556 4353 662 4440 igitur
684 4352 934 4422 Canthariensis
956 4357 1218 4445 archiepiscopus
1241 4358 1330 4444 quod
1351 4379 1428 4425 cum
1441 4371 1541 4419 mom„

371 4453 626 4520 mansuetudine
643 4476 758 4541 pacem
780 4457 923 4524 ecclesiae
946 4480 1013 4525 non
1036 4459 1163 4526 valeret
1189 4461 1347 4539 obtinere,
1369 4481 1428 4526 vo-
1440 4425 1567 4519 iomtffriiir

371 4555 436 4622 luit
470 4578 544 4623 eam
574 4559 603 4623 si
633 4563 745 4646 posset
774 4581 848 4626 cum
886 4561 1064 4629 severitate
1100 4570 1262 4631 revocare.
1316 4564 1427 4629 Missis
1440 4536 1571 4623 difflui

371 4680 448 4747 ergo
475 4660 597 4727 litteris
623 4685 667 4728 ex
693 4662 828 4730 licentia
850 4666 976 4731 domini
998 4688 1093 4754 papae
1117 4673 1151 4732 et
1184 4668 1318 4756 propria
1350 4689 1426 4736 auc·

403 4915 517 4985 ¹ome]
530 4933 580 4970 om.
593 4918 624 4973 (t.
894 4920 900 4989 Ι
946 4920 1049 4989 'med
1063 4936 1172 4987 semper,
1182 4922 1212 4977 (t.

1224 5007 1290 5070 02
