3588 5740
715 871 830 926 ornas
850 873 1045 928 msromcs.
1337 859 1403 933 567

345 1060 367 1091 “
382 1061 518 1119 valesmt.
554 1057 704 1118 Noveritis
725 1056 819 1130 igitur
835 1056 922 1130 quod,
941 1058 1081 1131 susceptis
1098 1061 1281 1133 paternitatis
1297 1068 1402 1121 vestra
1431 1088 1555 1135 mma„

344 1148 363 1177 ‘⁶
381 1146 488 1203 litteris
509 1145 547 1201 ad
564 1142 759 1204 venerabilem
775 1145 889 1214 patrem
905 1147 1038 1199 nostrum
1056 1143 1292 1204 cantuariensem
1309 1148 1403 1204 arohi-
1413 1155 1532 1209 mansu

345 1232 365 1259 ‘⁸
384 1230 552 1303 episcopum
581 1234 612 1285 et
633 1245 687 1283 nos
710 1224 837 1290 directis,
862 1243 985 1298 quarum
1008 1226 1090 1284 vobis
1114 1231 1288 1303 uansmipta
1309 1207 1564 1302 nanassss‘ssdffi'

344 1316 364 1343 ‘⁶
383 1313 527 1380 misimus,
540 1312 579 1369 ad
588 1312 759 1369 mandatum
770 1310 904 1383 paliati
920 1310 1012 1383 patris
1029 1316 1060 1368 et
1076 1314 1294 1386 metropolitani
1310 1316 1403 1372 nostri
1414 1308 1543 1403 ffioufid

346 1398 365 1426 “
385 1396 551 1454 (lantuariae
568 1396 646 1453 infra
662 1396 737 1453 m.¹
749 1395 812 1452 dies
829 1395 1019 1468 sumptionis
1036 1395 1116 1452 illius
1133 1414 1200 1453 oum
1218 1399 1299 1454 omni
1316 1399 1402 1456 devo·
1414 1408 1456 1452 the
1463 1410 1529 1453 non-

181 1486 185 1495 '
265 1535 270 1543 .
346 1483 366 1509 ‘¹
383 1481 465 1538 tione
491 1481 688 1547 convenimus,
715 1480 869 1536 karissimo
894 1478 980 1535 fratri
1007 1485 1107 1536 nostro
1131 1479 1320 1538 coventrensi
1342 1459 1551 1562 epi-w&

346 1568 365 1595 “
386 1583 474 1638 scopo
497 1583 618 1622 manum
641 1563 865 1621 consecrationis
887 1580 947 1618 una
969 1581 1037 1620 cum
1060 1563 1163 1620 eodem
1187 1565 1403 1639 archiepiscopo
1414 1560 1480 1613 ⁰¹³⁰!-

346 1650 366 1678 “
385 1649 559 1722 inpositnri,
573 1654 604 1705 et
621 1666 709 1721 super
726 1647 774 1703 his
794 1664 858 1720 quae
879 1664 898 1702 a
915 1652 1013 1703 vestra
1030 1648 1184 1704 sanctitate
1201 1649 1235 1704 in
1257 1649 1403 1708 mandetis

346 1734 503 1806 “accepta
519 1733 636 1789 tuasne
656 1731 805 1798 communi
825 1730 1031 1787 deliberatione
1052 1736 1082 1788 et
1102 1732 1223 1793 oonsilio
1241 1735 1403 1790 tractaturi.

347 1820 367 1848 “
385 1818 448 1875 Nos
472 1823 579 1884 autem,
593 1815 703 1872 ibidem
722 1833 776 1887 pro
796 1814 844 1870 his
862 1819 893 1870 et
911 1814 949 1870 ad
970 1814 1035 1869 haeo
1057 1815 1221 1886 specialiter
1243 1817 1405 1883 constituti,

346 1901 558 1974 “predictum
580 1906 695 1974 patrem
718 1904 750 1955 et
771 1898 1020 1972 archiepiscopum
1042 1905 1175 1955 nostrum
1198 1900 1336 1958 devotum
1359 1903 1404 1959 in·

347 1986 368 2014 ‘⁴
386 1985 529 2052 venimus,
551 1984 638 2040 utin
658 1983 706 2039 his
729 2000 795 2054 quse
812 1982 944 2056 injuncta
966 1983 1089 2049 fuerant,
1109 1983 1179 2039 licet
1200 1985 1303 2056 gravia
1324 1985 1404 2043 vide·

346 2070 368 2098 ‘⁸
385 2075 497 2136 rentur,
515 2075 620 2126 vestroe
638 2067 835 2140 dispositionis
852 2066 975 2139 imperio
991 2068 1079 2140 juxta
1086 2067 1218 2125 mandati
1231 2069 1355 2125 lormam
1374 2076 1405 2127 et

348 2155 494 2209 “nostra
522 2151 722 2209 universitatis
750 2150 904 2206 consilium
933 2144 1072 2208 obediret.
1109 2151 1184 2208 (lum
1210 2158 1308 2209 autem
1334 2154 1536 2212 satisdharhad

347 2239 368 2267 “
387 2242 487 2294 exacta
509 2234 717 2293 deliberatione
739 2251 826 2306 super
848 2233 896 2289 his
918 2233 1045 2290 invicem
1066 2239 1266 2303 tractaremus,
1289 2236 1406 2310 quibus·
1416 2209 1567 2305 &iiim

348 2322 367 2349 “
387 2321 455 2376 dam
475 2326 617 2385 nostrum,
638 2318 750 2375 scilicet
771 2317 876 2390 quibus
898 2317 943 2374 rei
960 2324 1051 2389 gesta)
1069 2319 1157 2375 series
1180 2320 1295 2392 plenius
1317 2338 1405 2393 quam
1417 2312 1532 2406 ffiffi

348 2406 368 2433 “
387 2404 445 2477 ipsi
465 2402 681 2476 archiepiscopo
701 2401 877 2467 innotuerat,
896 2407 1061 2458 constanter
1078 2404 1283 2470 asserentibus,
1303 2406 1406 2463 multis
1417 2411 1533 2458 moelem

348 2488 369 2517 ‘⁶
387 2488 477 2543 etiam
500 2485 572 2543 viris
594 2484 710 2557 magnis
737 2489 768 2540 et
787 2483 978 2557 prudentibus
1001 2490 1032 2541 et
1052 2484 1109 2541 fide
1132 2485 1231 2558 dignis
1254 2486 1286 2542 id
1309 2488 1406 2560 ipsum

349 2571 523 2627 “assertive
545 2568 783 2642 protestantibus,
806 2568 916 2641 pariter
939 2568 1127 2636 advertimus,
1147 2571 1320 2642 religionem
1343 2591 1405 2629 ves·

348 2656 369 2683 ‘⁶
388 2661 466 2711 tram
488 2672 525 2710 ex
547 2652 749 2726 suppressione
777 2651 910 2707 veritatis
938 2651 1141 2724 multipliciter
1168 2652 1405 2711 circumventam.

348 2739 370 2767 ‘⁴
388 2738 500 2805 Primo,
524 2736 612 2809 quod,
637 2753 705 2792 cum
722 2735 834 2807 capella
856 2734 893 2790 de
911 2752 969 2807 qua
991 2734 1091 2805 agitur
1107 2735 1145 2791 de
1170 2737 1289 2809 speciali
1311 2738 1563 2813 indul-{messenia

349 2824 369 2851 “
388 2822 489 2894 gentia
517 2822 574 2893 pias
596 2818 804 2877 recordationis
826 2818 939 2875 Urbani
961 2828 1044 2891 papae
1067 2819 1101 2874 in
1123 2820 1233 2877 honore
1256 2822 1408 2880 beatorum
1419 2802 1563 2898 mongodnge

349 2910 369 2937 n
388 2904 558 2979 martyram}
577 2904 719 2976 stephani
744 2909 776 2960 et
793 2903 914 2959 Thomoe
934 2920 952 2958 a
969 2902 1054 2959 bonae
1073 2905 1221 2960 memoria
1240 2905 1408 2963 Baldevino
1419 2865 1568 3002 Qud&

351 2993 371 3019 ‘⁴
390 2990 605 3063 archiepiscopo
640 2992 806 3044 constructa
840 2986 940 3052 fuerit,
966 2985 1042 3043 aaut
1071 3005 1136 3044 eam
1164 2988 1267 3046 beatus
1296 2998 1408 3065 martyr
1420 3004 1533 3049 mutan

352 3077 372 3104 “
390 3075 518 3131 Thomas
536 3078 569 3129 et
580 3071 724 3145 plerique¹
735 3070 826 3144 ipsius
842 3069 1066 3142 predecessores
1082 3070 1115 3126 in
1132 3071 1272 3130 honorem
1289 3054 1571 3147 proth0.⁸¹¹1’¹³¹⁹⁸’⁰d²

350 3161 371 3188 “
389 3158 527 3231 martyris
543 3155 691 3228 ¹Stephani
713 3158 965 3226 praeconceperant
988 3156 1220 3224 construendam,
1238 3176 1293 3215 nee
1309 3159 1342 3214 in
1360 3160 1407 3216 lit-

349 3245 369 3273 “
388 3243 460 3299 teris
478 3239 591 3298 Urbani
601 3257 685 3313 papae
697 3256 763 3311 quas
774 3237 812 3294 de
828 3236 930 3294 eadem
947 3238 1058 3310 capella
1074 3238 1257 3297 demolienda
1274 3241 1410 3299 dicantur

350 3328 371 3355 ‘⁴
392 3342 548 3391 emanasse,
567 3341 622 3379 nec
638 3323 671 3377 in
688 3320 865 3394 prescriptis
882 3327 986 3377 vestrae
1010 3323 1172 3379 mutitatis
1193 3325 1324 3397 apicibus
1343 3345 1409 3399 quea

351 3410 369 3438 “
390 3409 482 3482 ipsius
502 3407 615 3465 Urbani
631 3423 715 3479 papae
733 3404 841 3463 litteris
859 3404 986 3460 maxime
1002 3405 1139 3462 videntur
1159 3408 1257 3476 inniti,
1276 3409 1313 3465 de
1336 3428 1409 3482 prta·

351 3494 372 3521 “
391 3492 470 3549 diota
493 3491 679 3561 indulgentia
701 3488 812 3545 mentio
836 3488 914 3544 iacta
936 3488 1003 3555 fuit,
1025 3488 1103 3545 unde
1123 3507 1177 3546 nee
1200 3491 1292 3563 ipsius
1312 3492 1409 3551 indul·

351 3578 371 3605 ‘⁸
389 3575 499 3648 gentioe
516 3574 603 3645 vigor
618 3591 671 3646 per
687 3573 741 3627 has
758 3572 806 3628 vel
823 3571 890 3626 illas
906 3570 1060 3641 videbatur
1077 3573 1227 3630 infirmari
1265 3575 1407 3646 Secundo,
1421 3577 1580 3625 manseris

350 3660 371 3688 “
390 3658 468 3733 quoa
491 3658 601 3714 menta
624 3654 832 3713 memnona
862 3654 1021 3725 Gregorius
1043 3672 1119 3729 papa
1141 3655 1274 3724 nense,
1299 3664 1335 3715 ue
1357 3631 1545 3733 perimi

350 3745 371 3774 “
390 3745 503 3801 litteras
515 3742 628 3799 domini
634 3740 747 3797 Urbani
757 3738 975 3812 predecessoris
986 3739 1034 3795 sui
1047 3756 1065 3794 a
1077 3740 1170 3797 tribus
1181 3742 1330 3800 mensibus
1342 3749 1411 3800 ante
1421 3743 1478 3785 Μ
1485 3730 1554 3777 Vm*

351 3831 372 3858 “
392 3828 507 3885 obitum
524 3844 619 3893 suum,
638 3829 741 3881 contra
757 3823 1007 3895 archiepiscopum
1024 3822 1225 3881 Baldewinum
1244 3832 1275 3883 et
1291 3826 1411 3885 clericos

350 3915 458 3969 “suos
482 3910 616 3978 directas,
641 3907 699 3964 nisi
723 3907 760 3963 de
782 3923 859 3962 novo
882 3905 1020 3963 mandato
1043 3907 1166 3964 minime
1188 3910 1410 3982 procedereture

352 3999 372 4026 “
390 3995 468 4052 unde
486 4012 554 4051 cum
575 3993 682 4049 littere
703 3990 833 4064 ejusdem
850 3990 963 4047 Urbani
980 4008 1033 4063 per
1050 3990 1263 4064 indulgentiam
1281 3994 1411 4068 ejusdcm

353 4081 374 4109 “
394 4078 529 4151 Gregorii
547 4093 692 4148 suspensae
709 4075 828 4142 fuerint,
848 4080 878 4131 et
895 4074 978 4129 nulla
997 4073 1156 4132 Clementis
1172 4094 1256 4149 papae
1273 4080 1321 4135 vel
1338 4080 1411 4137 alte-
1531 4078 1534 4083 ’

353 4166 373 4193 “
392 4164 454 4220 rius
477 4166 544 4236 post
569 4160 656 4215 illum
679 4157 817 4213 inhibitio
841 4175 927 4230 super
950 4158 1007 4214 hoo
1030 4158 1201 4226 innotuerit,
1219 4160 1263 4216 nil
1287 4162 1320 4217 iu
1343 4181 1410 4236 apo·

351 4252 372 4279 “
392 4246 504 4305 stolicae
520 4242 727 4317 prohibitionis
753 4247 954 4314 contemptum
983 4242 1060 4298 eirca
1089 4242 1241 4315 prelatum
1270 4247 1411 4319 capellam

351 4330 510 4388 “videtur
533 4331 747 4399 attempmtum.
788 4324 897 4390 Tertio,
916 4324 1003 4398 quod,
1023 4343 1090 4382 cum
1113 4328 1263 4385 monachis
1286 4329 1410 4389 Cantus-

353 4418 374 4446 “
392 4414 537 4473 riensibus
556 4413 590 4468 in
609 4427 696 4467 eausa
716 4409 795 4466 dicta
814 4408 989 4482 procedendi
1009 4409 1134 4466 facultas
1153 4429 1214 4468 non
1235 4421 1411 4487 suppeteret,

353 4500 374 4529 ‘⁸
393 4517 428 4557 eo
451 4496 529 4571 quod
551 4493 665 4552 Urbani
693 4492 807 4550 litteras
830 4492 965 4564 Gregorii
993 4492 1177 4567 indulgentia
1205 4498 1409 4570 suspendisset,

539 4745 548 4779 ¹
560 4745 637 4814 xxm]
651 4760 704 4808 xv„
716 4743 747 4797 C.
779 4741 836 4796 ibe
846 4748 968 4794 annuae
979 4741 1117 4796 lsblurred
1126 4743 1154 4795 iu
1164 4745 1201 4797 A,

537 4824 549 4858 ²
560 4831 584 4876 et
593 4822 721 4892 plerique]
741 4830 769 4877 et
786 4822 947 4892 pluumique,
957 4824 1008 4889 sa
1025 4830 1052 4878 et
1062 4824 1186 4894 plerique,
1196 4825 1232 4881 Δ.
1243 4825 1274 4882 0.
