3628 5728
403 834 468 898 440
612 849 774 900 omuesu
798 846 958 900 uoulom
982 849 1256 901 onurulmnusrs

251 1041 308 1088 su>
316 1035 412 1088 ιιιι.ι
416 1032 531 1091 ‘fldem
548 1032 679 1092 hubeetis
696 1034 934 1110 superbisque
956 1035 1040 1093 vobis
1064 1050 1100 1090 ex
1122 1039 1207 1108 purte
1230 1049 1298 1091 mes
1320 1032 1457 1091 dixer-lm.

404 1117 546 1176 “Moneo
568 1125 667 1177 eutem
691 1137 742 1178 voe
766 1120 922 1179 affectuose
945 1126 976 1177 et
1005 1122 1146 1195 depreoor
1168 1120 1337 1193 diligenter,
1362 1126 1397 1177 ut
1420 1117 1459 1175 od

405 1204 424 1230 “
443 1204 523 1276 peois
540 1206 776 1262 reformationem
793 1207 925 1264 animum
942 1213 1073 1264 vestrum
1096 1206 1254 1271 inclinetis,
1274 1223 1342 1262 oum
1365 1204 1457 1261 domi·

403 1289 424 1313 “
443 1305 498 1343 nus
516 1287 759 1363 archiepiscopus,
778 1290 912 1363 quumvis
929 1289 1023 1362 ipsius
1045 1290 1174 1347 eonditio
1191 1289 1296 1345 melior
1314 1289 1354 1345 sit
1371 1305 1459 1360 quum

405 1373 424 1399 “
443 1372 550 1440 fuerit,
561 1374 654 1446 possit
671 1378 706 1429 ut
724 1372 857 1445 intelligo
876 1372 992 1430 futilius
1011 1372 1109 1429 induci
1129 1390 1217 1445 quem
1236 1371 1333 1444 potuit
1351 1370 1390 1427 ed
1410 1370 1459 1427 ud·

405 1456 648 1528 “quiescendum
673 1456 795 1513 oonsilio
818 1474 884 1513 meo
906 1462 937 1513 et
959 1456 1092 1513 fidelium
1117 1472 1249 1512 meorum
1280 1472 1368 1527 super
1397 1454 1461 1527 ipsu

405 1542 422 1566 ‘⁴
441 1540 596 1597 eoncordia
612 1545 643 1596 et
659 1557 731 1613 peee
747 1540 940 1597 reformande
968 1539 1097 1597 Oonsulo
1114 1546 1213 1596 eutem
1229 1544 1265 1596 ut
1281 1539 1386 1596 amodo
1402 1554 1461 1592 non

405 1623 576 1697 “improbe
600 1625 705 1696 egetis,
731 1624 784 1681 sed
806 1625 926 1691 bonum,
950 1625 1029 1696 quod
1046 1630 1153 1697 praeeto
1176 1629 1233 1691 est,
1249 1623 1310 1680 nisi
1333 1640 1386 1695 per
1408 1640 1460 1679 vos

403 1710 423 1737 ⁴⁶
443 1708 568 1775 steterit,
587 1709 714 1781 benigne
731 1708 890 1781 recipistis.
927 1708 967 1765 Et
983 1708 1105 1782 quidem
1122 1727 1158 1765 ex
1174 1708 1258 1766 vobis
1276 1708 1313 1762 de
1333 1706 1460 1764 meliori·

404 1795 423 1821 “
442 1794 497 1848 bus
516 1796 547 1848 et
565 1790 784 1849 discretioribus
803 1798 964 1850 conventus
982 1793 1083 1860 vostri,
1107 1810 1179 1866 quos
1197 1792 1331 1865 proedioti
1349 1790 1406 1849 viri
1424 1791 1462 1846 ed

404 1878 422 1904 ‘⁴
441 1894 489 1933 me
506 1882 644 1933 venturos
662 1876 817 1949 elegerint,
834 1878 954 1934 venient
971 1876 1009 1933 ud
1026 1895 1073 1934 me
1091 1894 1158 1933 oum
1176 1875 1327 1950 praediotis
1351 1877 1461 1949 episeo-

235 1970 366 2023 Hedneots
405 1962 424 1987 “
444 1961 490 2034 pie
515 1966 545 2017 et
569 1961 717 2017 Rundulfo
741 1960 778 2016 de
805 1958 955 2018 Glunvillu
980 1966 1011 2017 et
1035 1961 1102 2017 eliis
1127 1961 1178 2034 qui
1203 1960 1242 2017 ed
1265 1978 1320 2016 nos
1345 1965 1463 2022 venturi

233 2026 424 2122 ξὲξὲἓὲξῊ
444 2049 522 2111 sunt,
540 2050 572 2101 et
588 2062 656 2101 oum
673 2044 783 2102 litteris
804 2045 927 2117 oepituli
950 2045 1044 2102 vestri
1067 2046 1105 2100 de
1128 2043 1350 2108 ratihabitione¹
1375 2060 1463 2116 super

233 2125 423 2221 fflfflbffilflffl‘·
442 2129 498 2185 hoe
516 2129 593 2199 quod
611 2129 689 2201 opud
705 2147 754 2186 me
772 2130 845 2203 ipsis
862 2129 1056 2202 praesentibus
1080 2130 1191 2186 foetum
1214 2129 1306 2186 fuerit
1328 2128 1365 2184 de
1389 2145 1462 2201 prae·

233 2188 333 2271 uiuere
349 2190 424 2240 ‘⁹¹¹⁶‘
405 2212 523 2268 “diets
546 2213 626 2284 poris
649 2214 864 2270 reformatione.
903 2214 936 2269 Si
959 2230 1028 2269 vero
1052 2232 1152 2270 omnes
1177 2213 1380 2287 praenominati
1404 2229 1462 2269 non

233 2287 424 2374 ἓὲἓῖῗθξὲξ“
444 2296 579 2351 venerint
601 2297 639 2352 ud
657 2315 718 2363 vos,
737 2299 796 2353 hiis
814 2303 913 2354 tamen
933 2296 984 2371 qui
1004 2298 1041 2353 de
1064 2298 1214 2371 praediotis
1237 2298 1381 2363 vonerint,
1400 2314 1461 2352 eor·

404 2383 504 2435 “tnm
521 2380 608 2436 fidem
625 2381 768 2448 habeatis,
787 2387 819 2437 et
836 2380 960 2438 oonsilio
984 2382 1102 2438 illorum
1126 2382 1329 2455 adquiescatis.
1365 2381 1462 2438 Nove-

404 2468 423 2493 “
442 2465 509 2520 ritis
521 2466 611 2520 etium
629 2482 682 2538 pro
699 2471 778 2522 oerto
796 2465 874 2537 quod
891 2465 969 2535 parti
987 2465 1033 2520 illi
1051 2483 1117 2536 quse
1134 2464 1316 2539 improbitati
1333 2464 1461 2521 udhoere·

404 2553 423 2579 “
442 2549 530 2606 bitin
547 2549 602 2604 buo
618 2566 709 2605 ouuse
726 2549 911 2605 adversarius
928 2565 988 2614 ero,
1001 2554 1033 2605 et
1048 2548 1161 2606 mitiori
1178 2550 1257 2622 perti
1275 2549 1375 2606 effloux
1391 2566 1461 2605 eux·

404 2634 529 2689 “ilium
552 2639 692 2706 praesture
716 2634 832 2690 ourubo.
880 2633 968 2690 Teste
993 2633 1128 2691 Huberto
1152 2632 1261 2690 deosne
1284 2632 1462 2690 Eborueensi

405 2717 424 2743 ‘⁶
443 2717 519 2788 opud
540 2716 790 2773 cenomannum?

233 2833 355 2883 reseret
450 2811 704 2879 Meohinebetur
733 2811 821 2879 enim
859 2806 1122 2898 arehiepisoopus
1155 2816 1194 2877 ut
1223 2833 1344 2890 omnes,
1368 2812 1462 2899 qussi

233 2889 337 2992 {iiim
405 2936 447 2980 ex
461 2912 589 2980 ratione
604 2920 813 3000 contemptus
829 2913 912 3001 regii
928 2914 1085 2992 mundati,
1098 2913 1347 2981 cantuariensis
1357 2910 1461 2982 eoele-

403 3016 461 3082 siae
484 3010 616 3082 odirent
639 3022 840 3083 conventum
864 3016 893 3082 si
917 3038 985 3084 non
1011 3018 1166 3083 venirent
1191 3039 1212 3082 e
1238 3040 1313 3104 rege
1343 3018 1462 3097 vocati,

404 3118 526 3183 sivero
544 3118 724 3184 seeundum
746 3120 975 3206 praesoriptum
997 3119 1138 3185 formem
1159 3118 1203 3184 ed
1225 3120 1351 3186 curium
1373 3140 1464 3185 noee-

404 3219 529 3298 dorent,
540 3218 620 3306 jure
633 3220 768 3307 penitus
784 3221 820 3285 in
835 3225 930 3320 purte
948 3220 1093 3307 plurime
1113 3220 1157 3286 ed
1179 3221 1266 3313 regis
1287 3221 1463 3286 arbitrium

403 3322 675 3389 subverterentur
701 3322 852 3401 ecelesiae,
876 3328 912 3390 et
940 3323 1004 3389 sub
1027 3323 1090 3389 hee
1119 3322 1237 3390 fruude
1266 3329 1362 3391 tenor
1384 3345 1463 3411 epo·

233 3444 316 3540 ιὴηιιι
288 3445 357 3492 vuer
403 3425 511 3492 stoliei
537 3426 714 3492 elideretur
736 3426 893 3493 mundati
925 3425 1098 3493 Venerunt
1120 3426 1225 3513 igitur
1248 3426 1463 3494 Centuorium

233 3501 375 3593 ltili*
403 3528 636 3662 praeuominsti
658 3528 745 3615 regis
768 3529 881 3594 nuntii
903 3533 1026 3615 praeter
1048 3528 1238 3614 episeopum
1261 3527 1462 3615 Helyeusem

402 3629 455 3696 ix⁰
479 3631 641 3699 kalendas
671 3631 798 3717 Aprilis
822 3651 897 3699 oum
921 3629 1070 3718 praefatis
1094 3629 1215 3696 litteris
1237 3631 1333 3718 regis,
1355 3630 1463 3697 eeisoi-

403 3738 515 3801 tuntee
545 3756 590 3801 en
619 3737 803 3801 eonventus
833 3733 932 3821 regiae
963 3732 1130 3799 vocationi
1160 3732 1201 3799 de
1232 3732 1331 3821 pleno
1362 3733 1464 3800 vellet

403 3836 621 3923 adquiescere.
669 3835 831 3918 Quibus
822 3858 858 3931 ru
882 3833 1066 3922 capitulum
1092 3834 1202 3902 denuo
1225 3836 1396 3914 revocatis,
1420 3858 1463 3902 ex

234 3953 330 3999 turer
338 3954 361 4000 01
404 3939 554 4008 oonsulto
583 3944 766 4006 conventus
796 3924 949 4025 supprior
978 3938 1028 4003 itu
1064 3937 1282 4023 respondit,
1284 3938 1437 4007 ‘Lioet
1427 3959 1463 4002 m

234 4006 304 4108 iuter
262 4005 337 4049 ”ab
405 4041 1001 4130 “multe,ut1peinostis,miserie
1022 4040 1126 4106 simus
1148 4040 1216 4107 et
1206 4040 1320 4159 inopia
1342 4041 1464 4108 eonsti-

405 4155 422 4184 “
445 4147 522 4225 tuti,
553 4147 594 4213 de
625 4143 851 4211 benivolentia
880 4148 994 4209 temen
1023 4140 1150 4208 domini
1179 4142 1267 4229 regis
1303 4140 1464 4209 laetifieuti

404 4258 422 4285 “
443 4255 555 4339 gretes
592 4246 773 4326 referimus,
804 4250 979 4332 vestroque
1016 4242 1260 4333 oongeudemus
1290 4243 1462 4323 adventui,

404 4360 421 4387 “
443 4353 503 4439 qui
533 4351 599 4417 huo
627 4349 672 4417 ed
700 4354 848 4416 nostrum
875 4346 988 4415 venire
1015 4346 1168 4413 voluistis
1198 4346 1462 4415 oonsoletionem.

404 4463 422 4490 “
444 4454 511 4520 Sed
533 4454 650 4519 scitote
682 4454 771 4539 quod
799 4474 861 4520 neo
890 4455 1004 4517 tutum
1033 4471 1095 4517 nee
1125 4449 1336 4518 oonsiliosum
1366 4449 1462 4516 uobis

378 4563 421 4655 ·“
443 4560 503 4634 est,
518 4559 558 4620 ut
579 4554 616 4619 in
638 4574 678 4620 eu
699 4553 808 4620 formu
837 4572 937 4640 quem
967 4550 1092 4617 tulistis
1120 4550 1250 4638 aliquos
1279 4572 1322 4618 ex
1350 4548 1460 4620 tetus

660 4807 668 4840 ¹
683 4805 874 4873 ratihabitione]
895 4804 1111 4871 ratihabitatione,
1121 4807 1153 4859 B.
1166 4807 1197 4860 C.
