3646 5720
719 870 831 920 ornas
854 870 1044 921 maronias.
1344 859 1407 924 265

391 1061 411 1089 '‘
431 1060 495 1132 ligo
513 1061 660 1120 Walter-us
678 1064 722 1121 De
739 1063 833 1131 Moro,
851 1062 928 1133 regii
946 1061 1088 1117 fortunati
1105 1059 1185 1118 stolii
1202 1060 1373 1117 admiratus.
1438 1077 1495 1122 ab.
1503 1080 1562 1127 1177.

389 1145 408 1170 “
428 1144 493 1215 Ego
510 1144 684 1203 Aldwinus¹
703 1146 738 1202 de
756 1145 898 1213 Candida,
917 1145 1030 1201 domini
1047 1145 1127 1216 regis
1145 1145 1328 1201 senescallus.

392 1229 411 1256 ‘⁴
431 1229 495 1301 Ego
519 1229 665 1288 Berardns
686 1231 822 1297 Gentilis,
842 1232 935 1302 regias
960 1230 1083 1301 privata
1108 1228 1230 1285 familiae
1255 1229 1409 1286 constabu-

459 1316 479 1342 “
494 1314 595 1373 larius.

390 1397 409 1424 ‘⁴
427 1396 492 1467 Ego
510 1397 654 1455 Ricardus
671 1399 746 1455 sacri
763 1398 839 1470 regii
858 1397 961 1471 palatii
978 1396 1137 1469 logotheta

390 1480 411 1506 “
430 1480 494 1551 Ego
512 1481 642 1539 Bainalis
660 1482 696 1538 de
713 1482 815 1539 Monte
833 1481 925 1547 Porti,
944 1482 1089 1552 magister
1106 1479 1300 1552 justiciarius.

390 1563 411 1589 “
430 1562 494 1635 Ego
511 1564 646 1621 Persicus
663 1566 755 1638 regiae
773 1565 863 1621 cnriae
881 1564 1024 1636 magister
1037 1563 1228 1636 justiciarius.

392 1645 412 1672 “
430 1645 495 1717 Ego
513 1645 684 1704 Maiam
701 1648 791 1721 regiae
808 1648 897 1704 curiae
911 1647 1103 1719 justiciarius

356 1728 376 1754 ‘⁶
394 1728 471 1784 Data
486 1729 518 1784 in
536 1732 608 1786 urbe
624 1732 762 1787 Panormi
780 1731 874 1788 felicis
891 1748 944 1803 per
961 1748 1065 1786 manns
1080 1731 1216 1787 Walterii
1233 1731 1408 1787 venerabilis

356 1812 375 1838 “
394 1811 596 1870 Panormitani
619 1814 838 1887 archiepiscopi,
865 1821 895 1873 et
916 1814 1038 1871 Mathai
1059 1814 1138 1885 regis
1165 1814 1406 1879 vicecancellarii,

355 1896 373 1922 “
393 1901 424 1951 et
441 1895 561 1952 Ricardi
579 1898 755 1955 venerabilis
770 1897 939 1955 Siracusani
955 1898 1083 1972 episcopi
1101 1896 1212 1953 domini
1229 1898 1307 1970 regis
1322 1898 1407 1953 lami·

354 1981 375 2008 “
393 1980 520 2047 liarium,
546 1999 624 2037 anno
645 1982 862 2040 lucarnationis
887 1983 1007 2039 Domini
1025 1989 1205 2048 1⁰o⁰uxxvn⁰,
1227 1999 1330 2038 mense
1354 1982 1407 2037 Fe·
1420 1979 1563 2026 Mlbb·

355 2065 375 2092 “
394 2064 514 2132 bruai-ii,
538 2066 697 2124 indictione
723 2075 762 2136 1⁸,
788 2067 875 2140 regni
898 2084 970 2123 vero
1002 2065 1113 2121 domini
1139 2065 1233 2121 nostri
1265 2065 1407 2122 Willelmi
1420 2034 1481 2077 11⁷⁷.

355 2148 450 2204 “Dei
470 2150 568 2220 gratia
591 2151 744 2223 magnifici
769 2155 800 2206 et
825 2149 1026 2223 gloriosissimi
1049 2148 1129 2219 regis
1148 2148 1266 2214 Sicilie,
1285 2149 1407 2205 ducatus

355 2232 375 2259 ‘⁴
395 2231 521 2304 Apuliae,
537 2239 568 2289 et
584 2234 767 2306 principatus
786 2233 903 2306 Ospnae,
921 2250 998 2288 anno
1015 2232 1085 2288 xi⁰.”

180 2325 307 2379 nendi.
397 2315 478 2382 Post
508 2316 631 2383 festum
665 2316 781 2383 Sancti
814 2317 979 2385 Johannis
1017 2316 1179 2402 Baptistae
1203 2316 1406 2383 revelatione
1419 2323 1577 2378 Dismaros

1419 2374 1460 2418 tho
1468 2376 1536 2419 relies
1543 2378 1568 2421 ot

184 2395 310 2447 ¹⁷⁵4⁷⁷·
353 2416 470 2483 divina
491 2417 638 2485 inventa
669 2424 750 2484 sunt
778 2418 928 2506 reliquiae
959 2416 1074 2483 Sancti
1104 2417 1305 2504 Amphibali,
1335 2440 1405 2486 ma·
1417 2425 1545 2520 {affli-

352 2519 449 2605 gistri
482 2518 597 2587 Sancti
626 2520 750 2587 Albani
781 2521 1058 2607 prothomartyris
1087 2518 1295 2608 anglorum,8
1316 2522 1405 2608 apud
1419 2526 1537 2572 nasum.

352 2618 554 2699 Redbume,³
575 2626 611 2687 et
632 2621 669 2685 in
691 2621 861 2688 ecclesiam
884 2621 999 2695 Sancti
1021 2620 1167 2686 Albani⁴
1195 2620 1318 2687 honore
1349 2623 1406 2687 de-

351 2721 423 2788 bito
450 2722 569 2789 delatae
593 2728 674 2788 sunt
697 2744 772 2789 cum
801 2723 876 2790 aliis
906 2722 1006 2789 simul
1031 2722 1186 2788 inventis.
1233 2720 1338 2809 Cujus
1363 2744 1406 2788 ne

352 2823 512 2889 sanctitas
543 2825 698 2911 cuiquam
729 2825 860 2892 veniret
889 2825 926 2889 in
952 2824 1101 2900 dubium,
1127 2824 1406 2891 crebrescentibus

352 2924 528 3006 miraculis,
550 2926 793 2994 confluentibus
814 2926 955 3014 populis,
977 2925 1154 2992 manifesta
1175 2931 1233 2992 est

300 3071 311 3094 .
387 3036 630 3111 Apropinquante
646 3033 760 3095 autem
777 3038 852 3093 festo
864 3035 966 3093 Sancti
976 3035 1080 3091 Jacobi
1095 3037 1228 3107 apostoli,
1241 3036 1406 3095 Alexander
1419 3047 1556 3103 amingus

232 3143 239 3157 ·
352 3144 485 3185 summus
509 3129 640 3203 pontifex
664 3129 821 3188 Venetiam
847 3145 917 3184 oum
943 3126 1141 3183 cardinalibus
1167 3127 1229 3184 suis
1258 3131 1349 3197 venit,
1376 3097 1576 3202 stibium-Sd

352 3230 421 3268 oum
438 3212 542 3269 multis
560 3218 668 3269 sanotae
683 3212 786 3269 matris
804 3211 933 3267 ecclcsiae
951 3210 1022 3266 filiis
1039 3216 1071 3266 et
1088 3212 1218 3282 prelatis
1232 3218 1295 3269 tam
1311 3215 1405 3270 archi-
1418 3201 1510 3305 ἕξῇἷῗθ·
1519 3201 1544 3246 ¹¹¹

351 3305 497 3379 episcopis
513 3322 601 3377 qnam
617 3305 776 3377 episcopis:
796 3302 970 3360 Fredericus
988 3315 1119 3381 quoque
1137 3305 1336 3363 Romanorum
1351 3309 1405 3363 im·

351 3404 469 3471 perator
486 3396 568 3454 veuit
583 3396 656 3453 illno
673 3396 790 3453 obviam
808 3395 846 3462 ei,
864 3413 933 3452 oum
952 3395 1185 3469 archiepiscopis,
1205 3398 1356 3473 episcopis,
1376 3406 1406 3455 et

350 3480 534 3555 principibus
545 3476 699 3537 Teutonici
716 3480 802 3552 regni
813 3479 852 3535 ad
863 3478 1031 3535 faciendum
1047 3496 1151 3552 pacem
1163 3480 1243 3537 inter
1262 3482 1362 3555 ipsum
1374 3490 1405 3541 et

350 3592 501 3631 summum
519 3573 700 3647 pontificem,
719 3581 755 3631 ut
771 3565 908 3632 descisso
925 3573 1062 3629 scismate
1079 3571 1157 3644 qnod
1169 3573 1234 3645 jam
1255 3574 1316 3631 fere
1334 3577 1404 3632 xix!
1453 3621 1458 3627 .

349 3664 435 3720 annis
454 3663 621 3729 duraverat,
639 3679 696 3734 pu
713 3662 847 3719 ecclesiae
863 3661 920 3718 Dei
936 3653 1174 3719 restitueretur.
1212 3661 1289 3718 Sunt
1305 3670 1404 3721 autem

349 3756 413 3812 haeo
431 3755 551 3812 nomina
567 3754 702 3812 virorum
720 3753 771 3827 qni
789 3770 824 3809 ex
842 3758 928 3825 parte
946 3753 1057 3810 domini
1075 3771 1159 3827 papas
1176 3754 1314 3812 fuerunt:

383 3839 550 3897 Ymbaldus
568 3839 722 3912 episcopus
738 3837 907 3894 Hostiensis
926 3839 1094 3895 cardinalis.

385 3923 553 3981 Willelmns
571 3923 608 3980 de
626 3923 729 3988 Pavia,
750 3922 924 3978 Portnensis
942 3924 1095 3995 episcopus
1113 3923 1280 3979 cardinalis.

384 4007 544 4065 Walterins
562 4005 907 4081 albanensisepiscopus
926 4006 1092 4063 cardinalis.

386 4091 538 4149 conradus
557 4089 692 4148 Savinael
709 4091 862 4162 episcopus
880 4089 1047 4146 cardinalis.

386 4173 566 4232 Msinlridns
584 4173 751 4230 Palestinus
769 4173 922 4245 episcopus
940 4172 1107 4229 cardinalis.

384 4260 404 4316 J
405 4259 535 4315 ohannes
552 4258 766 4330 Neapolitanus
782 4257 929 4330 presbiter
949 4257 1115 4314 cardinalis.

382 4341 551 4399 Theodinns
568 4339 713 4414 presbiter
730 4340 896 4397 cardinalis.
946 4349 953 4359 ’

380 4548 545 4617 ¹Aldaoim]
559 4547 732 4610 Aldvcrinus,
743 4549 779 4598 Δ.
792 4550 824 4600 Β.
928 4548 977 4598 ⁴et
993 4585 1000 4599 .
1018 4584 1026 4599 .
1044 4586 1051 4599 .
1068 4549 1177 4618 Albani]
1191 4568 1240 4603 om.
1254 4553 1285 4606 C.

378 4628 604 4698 smjjmffl
625 4626 777 4697 hylam]
799 4642 850 4680 om.
928 4626 1257 4695 ‘siccasidaimnnia
1270 4631 1300 4684 C.

345 4709 369 4764 0
929 4704 941 4738 ⁸
954 4705 1070 4774 Sanina]
1085 4707 1175 4771 savia,
1187 4708 1223 4762 A.
1234 4711 1267 4762 Β.
1280 4712 1311 4765 C.

366 4747 391 4876 ,ἰ
402 4785 474 4853 αμα
483 4783 631 4852 smum]
646 4799 696 4837 aa
710 4785 740 4838 c.
