3666 5724
385 909 451 974 380
476 916 480 924 ’
584 920 743 974 ossvren
766 926 926 975 nossem
948 921 1222 976 omrurmnusm

232 1126 354 1174 smus.
383 1127 483 1175 causa
515 1107 634 1171 missus
667 1113 718 1172 est
751 1107 788 1170 in
821 1107 978 1193 Anguem
1000 1129 1165 1194 regressus
1187 1112 1246 1184 est,
1269 1106 1344 1173 aliis
1374 1107 1432 1192 qui

384 1209 542 1294 preemissi
567 1209 698 1274 fuerant
720 1230 794 1275 cum
817 1231 894 1296 rege
916 1209 1179 1276 subsistentibus.

218 1320 341 1434 &effi-gf
429 1311 540 1376 Pridie
562 1333 667 1378 nonus
692 1311 903 1398 Septembris,
928 1311 1014 1377 feria
1033 1318 1129 1378 sexta
1160 1317 1196 1379 et
1225 1313 1308 1379 hora
1328 1317 1432 1389 sextu,

215 1433 316 1477 thorun.
385 1413 466 1479 luna
487 1413 622 1491 xxviiia,
646 1413 802 1500 apparuit
833 1413 963 1499 eclipsis
985 1413 1063 1478 solis
1084 1414 1122 1479 in
1145 1413 1268 1501 Anglia
1289 1415 1433 1501 particu-
1570 1425 1574 1433 '

385 1514 470 1580 laris
517 1516 618 1601 Apud
649 1515 814 1581 Veronam
846 1519 958 1581 autem
981 1514 1220 1601 Longobardiae
1252 1516 1433 1597 civitatem,

385 1617 442 1681 ubi
464 1617 645 1683 recolendae
674 1618 841 1682 memorius
870 1637 958 1702 papa
983 1616 1141 1682 Urbanus
1170 1623 1252 1684 tunc
1276 1618 1435 1705 temporis

384 1719 582 1795 morabatur,
612 1719 768 1804 sppsmit
796 1718 911 1783 totalis
940 1718 984 1782 ad
1013 1720 1149 1785 modum
1183 1720 1295 1787 cesebi
1326 1720 1433 1806 igniti

385 1819 548 1885 Omnibus
569 1821 683 1906 itaque
705 1820 763 1906 qui
785 1820 944 1885 viderunt
965 1820 1231 1907 obstupentibus,
1252 1822 1362 1888 factus
1383 1826 1436 1887 est

384 1926 482 1987 terrae
505 1928 615 1987 motus
637 1922 720 1987 sdeo
742 1921 908 1999 terribilis,
923 1927 964 1988 ut
985 1922 1099 1990 omnia
1119 1922 1338 1989 fundamenta
1352 1923 1435 1990 civi·

385 2024 466 2088 tatis
488 2023 557 2089 solo
580 2029 678 2089 tenus
699 2024 771 2089 erui
793 2023 1009 2090 viderentur.¹

215 2138 322 2184 Budua
429 2124 703 2210 Archiepissopus
717 2131 838 2203 autem,
853 2126 1009 2192 accedens
1024 2126 1068 2192 ad
1090 2148 1209 2212 regem,
1224 2126 1308 2192 iram
1331 2126 1435 2213 ipsius

215 2190 368 2290 {meppea
386 2230 421 2290 et
442 2226 704 2311 indignationem
727 2230 1020 2312 quantumcunque
1042 2228 1154 2313 potuit
1179 2229 1337 2294 adversus
1359 2250 1435 2295 con·

215 2302 260 2335 ⁸⁰⁰⁴
386 2332 524 2391 ventum
539 2327 708 2405 excitavit,
723 2327 806 2393 adeo
820 2332 861 2392 ut
875 2328 981 2393 eidem
996 2350 1055 2414 per
1069 2328 1223 2394 basolum
1238 2330 1436 2415 pastoralem

216 2450 355 2510 contempne
385 2428 551 2515 resignare
576 2430 714 2514 gestiret
741 2428 1068 2521 archiepiscopatum.
1114 2429 1348 2498 Convenerunt
1376 2452 1434 2496 au-

214 2501 365 2644 pisper:
385 2536 454 2595 am
477 2531 575 2618 regis
598 2531 734 2596 orionis
756 2551 904 2617 proteres
926 2531 1070 2618 plurimi,
1092 2532 1259 2599 essone
1281 2534 1435 2618 cooequo

235 2613 273 2652 π’
307 2631 313 2643 ’
386 2636 474 2719 quod
505 2638 599 2699 erant
614 2632 703 2698 inter
724 2632 807 2698 duos
828 2653 921 2718 reges
943 2632 1092 2700 habituri
1106 2633 1197 2719 apud
1210 2634 1362 2702 Alencun
1384 2635 1436 2699 vso

386 2736 545 2803 kalendas
567 2734 779 2821 Septembris.

215 2844 357 2890 merem
433 2839 507 2919 Quo
537 2860 613 2904 cum
642 2836 905 2923 archiepiscopus
934 2836 1123 2903 advenisset
1153 2857 1223 2904 una
1244 2858 1319 2905 cum
1349 2860 1435 2926 rege,

214 2895 362 2998 fflffirllrt
386 2939 538 3006 monachi
576 2960 706 3024 quoque
737 2938 992 3004 Ountusrienses
1025 2938 1190 3005 liebertus
1227 2941 1364 3006 sacrista
1399 2947 1435 3005 et

214 2995 349 3089 imm
387 3042 547 3129 Rogsrius
569 3041 688 3106 Noreis
709 3041 884 3106 affuerunt
931 3040 1109 3107 Consertae
1133 3047 1185 3108 est
1205 3042 1308 3128 igitur
1329 3064 1436 3109 sermo

214 3098 373 3247 ἥξω,
387 3144 429 3209 de
450 3142 699 3229 gravaminibus
726 3142 975 3208 Cantuariensis
1000 3144 1144 3211 ecclesiae
1171 3145 1272 3210 etde
1301 3145 1435 3210 restitu-

214 3245 363 3338 ,emm
386 3245 476 3310 tione
510 3244 731 3310 maneriorum
764 3250 799 3310 et
827 3245 1028 3322 reddituum,
1059 3266 1141 3331 quos
1174 3245 1435 3332 mchiepiseopus

215 3345 306 3397 ΜΨ·
385 3346 480 3431 quasi
502 3346 629 3412 ratione
647 3344 946 3432 archiepiscopatus
973 3351 1013 3411 ut
1038 3347 1185 3412 omnium
1208 3347 1360 3414 dominus
1381 3368 1434 3415 ac

383 3453 521 3534 ceperat
567 3447 684 3512 Multis
716 3447 829 3533 iteque
852 3448 893 3513 de
915 3448 1125 3515 restitutione
1150 3449 1334 3516 ablutorum
1368 3472 1435 3517 ser·

383 3550 535 3616 monibus
566 3548 644 3615 hinc
676 3550 753 3614 inde
782 3549 930 3637 prolatis,
951 3551 1088 3616 tandem
1115 3572 1158 3615 ex
1184 3551 1319 3618 oonsilio
1348 3554 1435 3639 regis

383 3652 513 3719 inducti
543 3657 624 3716 sunt
653 3651 805 3718 monschi
834 3652 878 3717 ud
907 3652 1188 3731 consentiendum,
1218 3658 1259 3719 ut
1286 3653 1434 3719 omnium

383 3754 623 3841 possessionum
646 3774 779 3820 suamm
801 3753 918 3820 saltem
933 3754 1116 3841 simplicem
1131 3755 1175 3822 ab
1193 3754 1435 3842 archispiscopo

215 3858 372 3961 mmlx
385 3858 588 3941 susciperent
620 3855 873 3922 restitutionem.
927 3856 1201 3944 Amhiepiscopus
1231 3863 1351 3936 autem,
1375 3879 1435 3923 suo

214 3960 358 4055 {glemu
384 3979 526 4043 nequam
554 3964 651 4024 utens
676 3957 881 4043 ingemunt
906 3959 1047 4045 posteris
1075 3960 1145 4024 suis
1174 3960 1354 4025 teterrimis
1383 3961 1434 4025 in-

384 4060 569 4126 stitutionis
599 4060 694 4127 daret
723 4060 919 4146 exemplum,
946 4067 1077 4146 arrepto
1105 4060 1225 4148 capitis
1253 4062 1306 4127 sui
1335 4063 1436 4148 pilleo

383 4162 561 4249 pressatum
576 4161 759 4228 liebertum
778 4161 955 4239 sacristam,
979 4182 1090 4228 senem
1108 4168 1145 4229 et
1165 4169 1287 4229 natura
1308 4163 1433 4250 simpli-

383 4284 462 4342 esm,
480 4264 575 4351 qussi
597 4264 639 4330 de
660 4284 748 4330 novo
770 4263 939 4329 sacristam
958 4264 1140 4339 constituit,
1154 4265 1307 4330 omnibus
1327 4265 1433 4339 sidem
1513 4262 1517 4275 “

382 4366 593 4453 pertinentiis
614 4365 809 4433 sacristana
824 4364 1009 4452 specialiter
1025 4366 1208 4453 assignatis.
1254 4365 1433 4454 Rogsrium

381 4489 461 4535 vero
492 4472 593 4536 aetats
620 4467 787 4554 juniorem
817 4467 1038 4554 vaniglorium
1069 4472 1106 4533 et
1137 4467 1295 4555 cupidum
1328 4468 1432 4535 domi-

681 4764 792 4817 ¹rsre
809 4802 815 4818 .
835 4802 841 4815 .
862 4803 869 4818 .
891 4765 1148 4833 sumemus.
