3588 5740
423 885 488 948 558
623 896 786 948 onavssn
808 896 969 948 nossem
992 894 1267 948 caurumuusrs

269 1091 392 1189 *affl-²
421 1076 442 1188 ῘῘ
461 1078 529 1217 {lt
544 1079 1478 1236 &leiwid“sfftstttmnttttt‘

422 1245 442 1272 “
460 1262 495 1300 eo
513 1246 591 1318 quod
608 1265 627 1302 a
643 1254 673 1304 te
691 1253 722 1304 et
739 1247 890 1303 monachis
907 1251 1007 1303 tecum
1024 1247 1210 1303 venientibus
1227 1247 1260 1301 in
1278 1247 1477 1303 satisfactione

421 1328 441 1355 “
460 1329 548 1402 hujus
561 1327 692 1401 injuriae¹
706 1336 805 1387 actum
816 1330 915 1397 suerit,
928 1347 996 1385 cum
1014 1329 1093 1385 omni
1105 1328 1299 1395 festinatione,
1319 1328 1356 1385 de
1368 1329 1477 1402 injuria

421 1412 441 1441 “
460 1413 545 1469 nobis
563 1420 593 1470 et
609 1431 702 1486 regno
719 1421 819 1471 nostro
840 1411 1033 1471 sufficienter'
1050 1414 1263 1480 satisfacturus,
1286 1413 1325 1471 ad
1351 1431 1404 1471 nos
1429 1432 1475 1470 ac·

420 1501 440 1527 “
458 1499 552 1556 cedas.
588 1499 719 1570 Qualiter
747 1501 826 1557 enim
855 1499 893 1557 ad
921 1500 1061 1556 honorem
1085 1501 1141 1556 Dei
1169 1506 1200 1557 et
1228 1501 1476 1557 conservationem

421 1584 440 1610 ‘¹
460 1582 613 1654 diguitatis
641 1591 748 1640 nostrae
777 1602 824 1640 res
852 1585 909 1641 ista
935 1583 1078 1657 procedet,
1105 1583 1168 1640 Deo
1195 1584 1335 1650 volente,⁸
1361 1584 1476 1657 plenius

421 1666 441 1693 “
460 1666 653 1739 disponemus
691 1667 756 1723 Hoc
779 1674 877 1725 autem
901 1674 942 1733 te,
957 1668 1057 1740 prior,
1082 1675 1112 1724 et
1142 1672 1318 1723 conventum
1347 1666 1476 1724 eoelesiae

422 1750 441 1777 “
461 1749 676 1807 Cantauriensis
692 1768 753 1806 non
770 1750 869 1817 lateat,
889 1751 967 1824 quod
990 1751 1029 1807 ad
1045 1751 1201 1808 tuitionem
1225 1750 1379 1824 praetaxati
1399 1750 1476 1822 juris

422 1834 441 1861 ‘⁴
459 1833 552 1889 nostri
576 1839 606 1889 et
629 1833 783 1905 diguitatis
811 1836 896 1908 regni
922 1835 1015 1891 nostri
1042 1840 1143 1891 contra
1168 1851 1221 1891 vos
1247 1840 1278 1890 et
1301 1833 1475 1905 rescriptum

420 1918 440 1944 “
458 1916 571 1972 domini
588 1934 680 1989 papas,
696 1919 773 1989 quod
784 1920 834 1975 vix
845 1919 991 1975 credimus
1003 1918 1046 1974 ita
1063 1918 1224 1983 obtentum,
1244 1918 1292 1974 et⁴
1310 1934 1348 1973 ne
1365 1918 1474 1973 auchie

419 2001 438 2028 “
458 2001 592 2073 piscopus
611 2000 829 2058 cantuariensis
845 2003 893 2059 vel
906 2002 1029 2073 quilibet
1053 2002 1128 2058 alius
1144 2002 1177 2056 in
1194 2001 1363 2058 executione
1387 2001 1475 2073 hujus

419 2087 439 2114 ‘⁴
457 2086 588 2142 mandati
605 2086 752 2160 procedat,
771 2085 971 2158 sollempniter
987 2085 1212 2157 appellavimus3
1232 2089 1263 2140 et
1279 2089 1313 2140 ut
1324 2085 1381 2140 hoc
1391 2084 1474 2141 vobis

419 2171 438 2197 “
458 2171 573 2242 plenius
590 2171 761 2236 innotescat,
774 2169 999 2242 appellationem
1015 2175 1145 2225 nostram
1162 2169 1267 2226 litteris
1283 2168 1474 2241 presentibus

421 2254 441 2282 “
459 2254 640 2310 innovamus.
679 2253 793 2320 Sedet,
821 2258 856 2309 ut
874 2253 979 2309 fortius
1004 2252 1127 2309 malitiae
1147 2258 1251 2309 vestrm
1277 2269 1471 2318 occurramus,

420 2339 440 2366 “
458 2339 610 2395 ecclesiam
627 2338 735 2395 dictam
753 2337 790 2393 de
807 2337 935 2394 Iamhee
952 2354 1019 2393 cum
1044 2336 1179 2393 omnibus
1203 2336 1389 2409 pertinentiis
1413 2336 1473 2392 suis

419 2424 439 2450 ⁴‘
459 2423 512 2478 sub
529 2422 661 2479 custodia
677 2430 707 2479 et
722 2422 902 2495 protectione
918 2426 1018 2477 nostr-a
1029 2421 1226 2493 suscipientes,
1239 2421 1356 2477 bailivis
1366 2421 1473 2478 nostris

418 2508 438 2533 “
458 2506 490 2561 in
507 2505 635 2579 Anglia‘
653 2505 786 2561 dedimus
803 2505 836 2560 in
854 2505 1008 2571 mandatis
1033 2511 1076 2572 ut,
1096 2505 1122 2560 si
1146 2505 1379 2578 archiepiscopus
1396 2504 1471 2561 Oan-

417 2592 437 2618 “
456 2590 610 2645 tnariensis
639 2589 687 2647 vel
716 2589 840 2662 quilibet
869 2589 944 2645 alius
979 2588 1016 2644 ad
1052 2587 1265 2644 demoliendam
1300 2588 1471 2661 predictam

418 2674 438 2703 “
456 2673 609 2729 ecclesiam
638 2673 675 2729 de
704 2674 831 2729 Lamhee
860 2673 1037 2743 accingatur,
1066 2669 1127 2727 eis⁶
1150 2672 1275 2728 viriliter
1299 2672 1471 2730 sustentate

417 2758 557 2814 “nostra
582 2757 725 2822 resistant,
743 2762 774 2813 et
790 2755 917 2828 nequid
941 2757 973 2811 in
999 2755 1183 2827 dispendium
1208 2756 1270 2829 ejus
1295 2756 1346 2813 fiat
1371 2758 1470 2830 aliquo

415 2843 437 2871 “
457 2843 543 2900 modo
561 2843 729 2909 sustineant,
742 2842 774 2897 in
791 2859 843 2897 vos
860 2846 890 2896 et
907 2841 1098 2912 possessiones
1115 2846 1232 2907 sesnes,
1253 2840 1311 2897 uisi
1329 2841 1366 2897 ab
1383 2842 1470 2914 hujus

337 2989 344 3004 ,
417 2929 499 2984 “rei
528 2928 728 3001 prosecutione
745 2926 899 2990 desistatis,
918 2926 1046 2981 severius
1070 2923 1341 2981 animadvertentes.
1385 2925 1470 2984 'Peste

416 3012 436 3039 “
454 3011 566 3084 meipso
583 3009 662 3083 apud
679 3009 793 3082 Bupem
810 3007 973 3073 Andeliaci,
991 3007 1076 3080 xiiijto
1093 3006 1142 3063 die
1158 3007 1271 3063 lunii!

461 3108 504 3173 In
526 3107 667 3173 eundem
690 3107 758 3173 fere
789 3107 924 3172 modum
955 3105 1088 3192 scripsit
1120 3105 1274 3171 omnibus
1307 3107 1468 3195 episeopis

414 3211 554 3297 Angliae,
577 3210 693 3276 addito
727 3208 815 3295 quod
848 3213 964 3274 contra
997 3208 1192 3274 mandatum
1215 3207 1342 3274 domini
1372 3231 1468 3296 pspae

415 3312 608 3400 patentibus
630 3311 751 3377 litteris
782 3310 996 3398 appellarent,
1030 3310 1217 3377 litterarum
1250 3311 1467 3398 punitoribus

414 3415 604 3503 peripsum
627 3436 737 3502 regem
768 3413 947 3479 transitum
969 3411 1174 3479 facientibus
1220 3412 1357 3482 Litterae
1386 3437 1467 3502 quo-

414 3541 479 3605 que
500 3519 610 3584 tertiae
632 3516 876 3604 archiepiscopo
898 3515 1009 3583 sllstae
1023 3519 1112 3594 sunt,
1125 3536 1169 3581 ne
1190 3515 1347 3584 videlicet
1368 3539 1467 3605 super

244 3638 389 3687 umeros
414 3622 583 3688 ecclesiam
621 3620 662 3687 de
697 3619 840 3685 Lamhee
878 3640 996 3685 manus
1032 3624 1220 3705 apponeret
1266 3619 1465 3688 Justitiariis

244 3691 400 3787 iiidfflm
413 3724 518 3812 igitur
540 3723 627 3811 regis
649 3722 706 3810 qui
729 3722 904 3809 praedictas
926 3721 1055 3787 litteras
1076 3743 1152 3788 cum
1174 3721 1284 3787 verbis
1306 3723 1466 3791 minanti·

414 3825 500 3893 bus⁷
521 3830 742 3914 porrexerunt
762 3824 972 3902 abeuntibus,
994 3824 1226 3891 brevissimum
1247 3826 1392 3912 petitum
1413 3834 1466 3895 est

244 3931 587 4000 miserandorum
609 3934 740 4016 tempus
766 3949 865 4015 super
885 3928 948 3994 hoc
977 3927 1188 3995 deliberandi
1234 3927 1359 3994 Verum
1388 3936 1465 4019 post

243 3997 375 4145 ffiiptffo
413 4032 587 4127 modicum,
611 4054 686 4099 cum
714 4030 869 4097 viderent
890 4035 1090 4097 conventum
1120 4031 1290 4118 quasitot
1314 4033 1464 4100 articulis

242 4148 379 4246 mm·
411 4134 670 4222 colloquentium
706 4133 911 4213 innodatum,
944 4137 984 4197 ut
1021 4132 1102 4220 quid
1136 4132 1192 4198 vel
1223 4133 1277 4201 cui
1308 4135 1463 4222 primitis

410 4240 649 4329 responderent
683 4235 815 4304 difficile
852 4235 1030 4315 videretur,
1065 4235 1177 4303 subito
1214 4237 1461 4309 mandaverunt

411 4342 590 4412 conventui
613 4339 701 4429 quod
723 4338 919 4407 mandatum
941 4338 1029 4426 regis
1051 4338 1209 4406 citissime
1231 4341 1460 4428 adimplerent.

444 4593 577 4661 ¹r'sp'urioe]
592 4591 678 4656 curia,
689 4594 721 4645 B.
992 4590 1048 4660 Μ]
1063 4608 1114 4644 οιιι.
1127 4592 1157 4647 0.

444 4673 626 4741 'sufficicated
641 4671 766 4735 sufficiter,
777 4670 809 4723 B.
990 4671 1002 4704 ⁸
1013 4670 1124 4739 Anulis]
1139 4672 1274 4741 sagnam,
1285 4676 1322 4729 Δ.
1333 4677 1363 4731 0.

444 4752 575 4821 ⁸voleatc]
596 4757 690 4817 uum,
705 4751 756 4805 ins.
776 4751 808 4806 0·
825 4750 914 4805 &asad
991 4751 1065 4820 θεία]
1080 4751 1154 4815 sic.

409 4835 485 4888 inA.
990 4829 1176 4904 ⁷aimstu]
1189 4834 1381 4903 minacitas&
