3544 5724
417 909 460 971 10
617 923 779 971 unavnsn
803 923 964 971 norsum
988 921 1264 972 cauruaarausm

260 1107 392 1201 Tffibffl‘
415 1130 437 1171 a
465 1108 544 1172 navi
576 1108 815 1194 quodammodo
847 1108 1027 1196 separabat,
1050 1114 1085 1175 et
1117 1131 1158 1174 ex
1190 1116 1285 1196 parte
1315 1113 1411 1176 navis
1432 1112 1468 1176 in

267 1171 383 1303 3⁹}g225
416 1209 524 1275 medio
547 1210 598 1277 sui
620 1210 723 1276 altare
747 1211 877 1277 Sanctae
914 1211 1028 1276 Crucis
1059 1210 1211 1277 habebat.
1257 1212 1366 1299 Supra
1395 1214 1467 1299 pul·

252 1309 524 1414 oillhlffliluffl
541 1312 651 1378 trabes
673 1320 753 1392 erat,
776 1336 835 1401 per
857 1322 1066 1380 tranversum
1089 1315 1232 1380 ecclesiae
1254 1315 1371 1402 posita,
1395 1338 1468 1401 quae

298 1431 350 1442 ·“
404 1436 544 1481 ‚crucem
567 1416 726 1502 grandem
750 1421 784 1482 et
816 1417 882 1481 duo
914 1416 1074 1483 cherubin
1097 1423 1133 1482 et
1155 1417 1315 1503 imagines
1338 1418 1467 1484 Sancte

417 1517 589 1583 Mariaeet
611 1517 726 1583 Sancti
750 1517 915 1583 iohannis
936 1518 1077 1604 apostoli
1099 1518 1315 1585 sustentabat.
1362 1521 1403 1585 In
1417 1520 1470 1586 ala

249 1633 395 1679 ason-uam.
416 1618 665 1705 septentrionali
699 1619 879 1685 oratorium
901 1618 1063 1685 etaltera
1097 1625 1169 1685 erat
1192 1619 1323 1686 Sanctae
1346 1621 1467 1687 Mariae.

417 1720 458 1784 Iu
480 1720 544 1786 hac
575 1720 734 1807 praedicta
754 1721 843 1799 navi,
866 1726 907 1787 ut
941 1721 976 1785 in
1009 1721 1230 1807 superioribus
1262 1722 1469 1799 dictumest,

417 1828 492 1909 post
513 1823 702 1889 incendium
725 1846 783 1910 per
815 1823 1079 1910 quinquennium
1111 1824 1328 1890 exulavimus.
1383 1825 1469 1891 Prae-

418 1924 507 1990 dicta
528 1946 649 2012 magna
679 1927 780 1990 turris
809 1948 937 1993 crucem
968 1926 1112 1992 habebat
1134 1948 1175 1992 ex
1198 1932 1337 2013 utroque
1361 1927 1469 2006 latere,

248 2027 356 2124 'tlrlffi
418 2026 595 2092 australem
614 2026 743 2093 scilicet
764 2033 799 2092 et
820 2027 1049 2114 aquilonalem.
1096 2028 1242 2109 Quarum
1265 2034 1418 2116 utraque
1434 2029 1470 2094 in

316 2091 374 2131 m
419 2127 526 2192 medio
558 2127 609 2192 sui
643 2127 798 2213 pilarium
830 2128 948 2194 fortem
983 2128 1136 2208 habebat,
1175 2131 1234 2216 qui
1265 2131 1420 2197 fornicem
1449 2152 1470 2197 a

462 2228 949 2294 r'tibusrdunmintri
1027 2231 1078 2295 sui
1178 2231 1185 2245 '
1341 2233 1384 2248 '⁹
1463 2284 1470 2298 .

250 2302 373 2447 wilh
418 2234 814 2416 iitizirumqrieoisetariem
849 2353 915 2397 una
949 2230 1015 2397 lolii
1049 2232 1470 2420 estpiiiiii'iiriiliwpssbmiir

250 2404 395 2498 tilioli>
418 2432 572 2499 australis
595 2431 714 2519 supra1
739 2433 895 2500 fornicem
920 2455 1042 2521 organa
1056 2441 1184 2522 gestare
1207 2436 1351 2517 solebat3
1372 2459 1471 2523 supra

251 2506 379 2600 iiiiiimd
419 2535 576 2601 fornicem
599 2541 634 2601 et
656 2536 772 2602 subter
803 2537 949 2623 porticus
972 2543 1044 2602 erat
1065 2537 1109 2602 ad
1132 2537 1292 2604 orientem
1315 2544 1469 2625 porrecta.

251 2632 375 2727 fflffgig‘u
421 2637 462 2701 ln
484 2643 577 2723 parte
600 2638 746 2704 inferiori
761 2639 865 2704 altare
882 2644 953 2704 erat
975 2639 1088 2705 Sancti
1112 2639 1290 2706 Michaelis.
1323 2641 1364 2706 In
1378 2647 1471 2728 parte

251 2734 358 2828 ffiffiol·
419 2739 586 2824 superiori,
602 2739 706 2806 altare
723 2740 880 2811 Omnium
897 2740 1099 2806 Sanctorum.
1135 2742 1223 2807 Ante
1238 2743 1343 2809 altare
1358 2744 1471 2810 Sancti

421 2840 591 2906 Michaelis
614 2842 658 2907 ad
688 2848 838 2908 austrum
872 2842 1022 2929 sepultus
1044 2849 1095 2908 est
1127 2843 1335 2931 Feologildus
1367 2845 1470 2913 archi-

253 2947 370 3050 llffiiqg
421 2943 611 3029 episcopus;
635 2944 678 3009 acl
699 2944 886 3030 aquilonem
922 2966 1008 3021 vero,
1039 2952 1154 3011 sancta
1187 2947 1281 3034 virgo
1314 2947 1471 3034 Siburgis,

252 3050 372 3144 ffifflm'
421 3066 520 3129 quam
544 3044 685 3111 Sanctus
716 3045 911 3112 Dunstanus
944 3052 1077 3133 propter
1110 3046 1182 3133 ejus
1204 3049 1413 3116 sanctitatem
1435 3051 1471 3114 in

306 3130 313 3143 ⁸
421 3149 555 3215 eeclesia
577 3148 656 3215 fecit
678 3149 817 3236 sepeliri.
873 3150 966 3215 Inter
988 3151 1073 3217 hanc
1095 3153 1258 3238 porticum
1280 3159 1316 3219 et
1337 3154 1472 3222 chorum

421 3251 566 3337 spatium
589 3250 698 3316 estin
730 3252 795 3317 duo
819 3251 971 3330 divisum,
996 3253 1120 3319 scilicet
1150 3254 1187 3320 in
1208 3256 1330 3343 gradus
1352 3279 1472 3343 peuces

422 3376 481 3439 per
503 3375 584 3439 quos
606 3352 675 3417 itur
697 3353 732 3417 in
748 3354 898 3440 criptam,
915 3356 1000 3420 etin
1021 3356 1144 3443 gradus
1166 3358 1288 3424 multos
1310 3380 1369 3446 per
1392 3381 1472 3445 quos

421 3455 464 3520 ad
501 3454 669 3541 superiora
707 3455 849 3522 ecclesiae
887 3458 1086 3543 pervenitur.
1149 3458 1240 3526 Crux
1277 3461 1473 3547 aquilonalis

253 3557 333 3654 {3522
350 3610 374 3651 t:
423 3557 575 3622 similiter
596 3556 678 3623 duas
701 3557 803 3624 habet
825 3559 979 3645 porticus.
1025 3560 1066 3624 ln
1093 3562 1252 3647 superiori
1276 3563 1379 3630 altare
1401 3561 1473 3630 est²

254 3621 365 3755 qlpiffil
423 3658 538 3724 Sancti
561 3659 673 3737 Blasii,
696 3660 732 3723 in
755 3659 903 3725 inferiori
935 3660 1037 3726 ver0³
1060 3662 1175 3728 Sancti
1206 3664 1384 3732 Benedicti.
1432 3665 1473 3730 In

254 3762 364 3856 gllflpmgg
423 3761 485 3830 hac
518 3761 664 3827 inferiori
702 3763 745 3828 ad
783 3763 953 3827 dexteram
1000 3764 1200 3831 introeuntis
1237 3767 1386 3854 sepultus
1423 3771 1474 3833 est

255 3864 378 3958 fflffidich
424 3863 608 3929 Willelmus
631 3863 901 3951 archiepiscopus,
916 3865 973 3955 qui
988 3866 1026 3930 in
1047 3867 1152 3953 gloria
1166 3890 1286 3955 magna
1308 3870 1475 3937 dedicavit

254 3977 404 4080 ffrqpffigm
424 3966 591 4032 ecclesiam
614 3965 746 4044 Christi,
771 3989 869 4053 quam
894 3973 1070 4054 utcumque
1094 3969 1247 4036 describo.
1293 3970 1359 4038 Hic
1373 3973 1474 4038 etiam

256 4079 357 4123 william
425 4068 580 4134 fundavit
613 4068 780 4135 ecclesiam
822 4070 936 4136 Sancti
975 4070 1112 4135 Martini
1146 4072 1405 4139 monachorum⁴
1434 4075 1474 4139 de

255 4130 395 4183 mnu.
425 4171 544 4237 noum.
577 4170 631 4236 As
646 4172 814 4238 anstrum
823 4172 914 4258 jaas
928 4173 1144 4259 praesessor
1159 4174 1304 4260 ejusdem
1316 4173 1474 4243 wuermi

349 4286 353 4293 “
424 4273 587 4340 Radulfus
618 4274 889 4361 archiepiscopus,
923 4276 981 4362 qui
1015 4275 1093 4342 licet
1123 4277 1285 4363 sapientia
1320 4279 1475 4366 prudens,

424 4372 612 4463 eloquentia
642 4373 749 4443 clarus
780 4377 887 4455 fuerit,
910 4378 947 4442 in
978 4378 1081 4466 ipsius
1108 4387 1220 4447 tamen
1249 4387 1474 4470 contemptum

425 4478 577 4546 Oalixtus
608 4501 694 4567 papa
723 4478 888 4546 exaltavit
925 4486 960 4546 et
996 4481 1223 4569 privilegiavit
1252 4484 1475 4553 Turstanum⁵

430 4630 593 4643 ————

459 4704 570 4776 ¹supra]
586 4724 670 4774 super,
683 4708 713 4761 Ο.
1006 4711 1211 4782 leunculorum]
1242 4730 1292 4766 om.
1322 4716 1368 4780 C.;
1394 4718 1474 4770 suncti

457 4788 558 4839 'alama
569 4788 618 4854 ese]
631 4798 662 4839 tr.
676 4789 706 4840 (3.
973 4790 1086 4851 Martini,
1098 4791 1180 4843 interl.
1194 4794 1223 4847 0.

457 4868 548 4935 svm]
564 4884 614 4919 om,
626 4869 656 4921 c,
1005 4870 1016 4903 ⁸
1032 4870 1196 4957 herstanum]
1211 4873 1394 4941 thurstanum,
1405 4877 1435 4931 C.
