3662 5728
746 958 859 1008 orsus
881 946 1071 1010 merorum
1364 943 1431 1016 207

419 1123 483 1190 Per
502 1130 608 1194 totam
631 1127 733 1194 etiam
747 1128 905 1215 Angliam
920 1151 963 1195 ex
985 1132 1150 1216 praecepto
1171 1128 1258 1214 regis
1273 1149 1294 1194 a
1309 1127 1431 1216 populo
1460 1135 1586 1182 tlt-110⁸·

325 1278 329 1285 .
369 1225 521 1312 juratum
565 1234 623 1308 est,
661 1231 749 1316 quod
787 1232 831 1297 ad
876 1236 1079 1319 praeceptum
1116 1230 1203 1318 regis
1240 1230 1431 1296 faciendum
1444 1199 1604 1303 irnsi'i’iiiiili

375 1349 488 1395 omnes
510 1330 619 1397 forent
640 1332 766 1420 parati3
791 1335 881 1400 unde
908 1339 943 1400 et
965 1331 1174 1419 congregatio
1197 1301 1584 1419 episcoporumjitltffl’

376 1436 411 1496 et
440 1433 608 1513 abbatum,
640 1432 676 1501 et
711 1436 852 1502 aliarum
889 1457 1104 1524 personarum
1138 1436 1432 1502 ecclesiasticarum
1445 1400 1603 1504 iiiiioiifif

207 1547 250 1599 W.
262 1546 338 1599 Cant.
375 1534 463 1619 apud
488 1535 674 1603 Londonias
704 1538 792 1604 factu
822 1543 880 1604 cst.
927 1538 994 1604 Sed
1024 1541 1059 1602 et
1082 1545 1219 1617 supprior
1241 1542 1277 1603 et
1298 1501 1584 1600 monachipmm'

206 1616 278 1666 ¹⁶⁴⁹·
376 1643 595 1702 cantuariensis
613 1648 743 1704 ecelesiae
777 1662 820 1706 ex
854 1641 992 1728 imperio
1025 1636 1112 1723 regis
1147 1647 1223 1719 jussi
1253 1644 1334 1705 sunt
1370 1637 1434 1702 ibi-

376 1735 451 1801 dem
473 1746 588 1805 adesse
632 1738 718 1806 Oum
733 1748 845 1809 autem
868 1764 967 1829 super
989 1742 1051 1811 hoc
1069 1746 1260 1833 juramento
1282 1740 1434 1806 faciendo

376 1839 631 1905 convenirentur
667 1842 818 1928 episcopi,
851 1848 886 1910 et
919 1845 983 1931 ipsi
1014 1851 1085 1913 tam
1120 1843 1313 1912 detestabile
1339 1841 1434 1929 jura-

376 1946 527 2006 mentum
551 1947 666 2008 contra
687 1943 797 2009 Deum
820 1949 855 2009 et
878 1945 1106 2014 Alexandrum
1130 1969 1251 2035 papam
1277 1949 1433 2031 praestare

329 2037 334 2043 ’
377 2042 568 2122 noluissent,
600 2044 741 2111 dilatum
772 2050 807 2111 et
828 2046 1033 2115 infatuatum
1056 2056 1108 2117 est
1129 2056 1200 2116 tam
1222 2049 1375 2134 iniquum
1398 2051 1434 2112 et

377 2165 509 2210 enorme
531 2146 712 2239 negotium
733 2152 769 2213 et
791 2149 929 2236 quisque
950 2152 994 2217 ad
1016 2174 1077 2219 sua
1098 2151 1278 2239 repedavit
1323 2149 1434 2213 Homo
1447 2172 1524 2218 natu
1533 2173 1560 2218 or

259 2252 262 2257 ’
376 2247 533 2333 proponit
554 2247 613 2313 sed
634 2249 726 2315 Deus
750 2250 904 2337 disponit.
949 2254 1060 2320 Homo
1080 2253 1252 2341 proposuit
1273 2223 1606 2318 mamad-imm

378 2369 453 2415 cum
476 2351 631 2430 exaltare,
650 2353 709 2418 sed
722 2353 814 2419 Deus
829 2353 1000 2441 disposuit,
1015 2357 1116 2422 immo
1132 2360 1167 2422 et
1182 2354 1335 2442 deposuit
1349 2375 1434 2431 eum,
1449 2323 1577 2378 ‘mm'

378 2472 457 2517 nam
489 2451 526 2516 in
547 2453 642 2518 brevi
668 2453 835 2521 Paschalis
857 2456 913 2522 illc
936 2457 1111 2524 defunctus
1134 2456 1206 2524 est.¹
1250 2456 1434 2542 Imperator

335 2552 342 2569 ‘
379 2558 493 2618 tamen
514 2555 691 2642 caeterique
721 2557 906 2637 scismatici,
924 2559 995 2645 jam
1018 2561 1146 2627 duobus
1169 2558 1341 2637 destructis,
1367 2562 1433 2623 ter·

380 2654 467 2719 tium
493 2655 613 2722 falsum
635 2679 757 2744 papam
778 2660 1046 2729 substituerunt²

426 2756 524 2823 Circa
545 2758 667 2825 Natale
689 2761 827 2827 Domini
849 2763 1075 2830 discurrerunt
1100 2763 1190 2829 inter
1211 2783 1312 2849 reges,
1327 2760 1436 2827 adhuc
1449 2780 1530 2826 sen·

379 2858 416 2923 in
435 2858 646 2925 emensum
669 2862 842 2943 marsa,
864 2865 931 2931 vrri
957 2865 1102 2953 munos
1126 2865 1298 2950 uanusque
1324 2832 1555 2928 adelaidi„

378 2960 482 3026 verba
502 2961 593 3048 pacis
608 2967 643 3029 et
657 2965 838 3031 concordiae
854 2967 898 3032 ad
920 2967 1116 3034 alterutrum
1134 2966 1326 3032 deferentes.
1364 2963 1437 3030 Pax
1450 2933 1600 2983 mm

378 3061 492 3148 itaque
514 3064 651 3130 tandem
674 3071 853 3154 utcumque
885 3068 1027 3136 formata
1048 3074 1107 3147 est,
1132 3091 1207 3155 quse
1230 3088 1296 3155 qno
1318 3066 1437 3132 melius

378 3164 574 3245 firmaretur,
596 3167 634 3233 in
656 3167 845 3257 Epiphania
859 3170 996 3239 Domini
1017 3176 1135 3238 mutuo
1157 3171 1221 3238 sibi
1243 3169 1438 3236 indixenmt

379 3266 586 3354 colloquium

762 3531 1055 3603 mcum-xi.

427 3684 663 3754 Convenerunt
685 3710 779 3777 reges
801 3696 837 3757 et
866 3691 1030 3778 principes
1053 3690 1107 3756 dic
1138 3688 1335 3777 Epiphaniae
1360 3697 1438 3770 apud
1466 3713 1591 3759 annisa

381 3796 513 3854 Mentem
541 3797 711 3855 Mirabilem
745 3795 786 3860 dc
823 3815 904 3880 pace
944 3794 1016 3880 jam
1053 3793 1197 3858 formata
1234 3780 1592 3875 collocuturifflffffffssoe

381 3900 440 3964 ubi
477 3905 554 3987 post
589 3900 672 3967 elias
710 3898 942 3967 confirmandae
988 3898 1078 3983 pacis
1116 3894 1338 3982 allegationes,
1376 3880 1535 3976 rextffi

381 4001 513 4087 Angliae
550 4002 716 4069 Henricus
754 4000 918 4067 Lodovico
955 4000 1026 4086 regi
1063 3997 1211 4064 Franciae
1247 3997 1297 4063 ita
1333 3997 1439 4062 fertur

213 4113 256 4165 W.
268 4112 342 4167 cant.
383 4103 523 4170 dixisse:
554 4096 646 4169 “Hac
672 4090 730 4177 die,
757 4110 873 4166 domine
895 4099 943 4165 mi
976 4121 1044 4179 rex,
1077 4125 1136 4179 qua
1161 4112 1221 4163 tres
1247 4123 1334 4178 reges
1360 4104 1476 4192 ltegi11
1542 4158 1602 4193 mm·

211 4181 231 4231 ἰ·
243 4183 285 4233 ⁶⁷·
384 4204 403 4234 ‘⁸
421 4221 529 4276 regum
545 4220 668 4260 munera
685 4201 863 4268 obtulerunt,
882 4219 930 4257 me
948 4201 1057 4274 ipsum,
1079 4206 1162 4257 natos
1180 4217 1262 4256 meos
1280 4205 1311 4256 et
1327 4203 1438 4255 terrum
1450 4198 1600 4302 ffitolffig

258 4343 265 4355 .
385 4298 530 4354 “vestrae
547 4295 717 4353 commendo
735 4290 906 4351 custodiae.”
941 4285 1004 4351 Oui
1028 4293 1180 4368 respondit
1196 4310 1249 4348 rex
1270 4283 1438 4349 Franciae:
1451 4298 1562 4352 Iavn;‘
1594 4322 1597 4325 ·

385 4389 404 4418 “
423 4389 499 4460 Quia
515 4390 599 4446 vobis
616 4389 673 4446 hoc
691 4388 846 4461 inspiravit
863 4387 935 4453 Rex,
954 4387 1005 4460 qni
1027 4405 1133 4460 regum
1157 4403 1280 4442 munera
1297 4385 1436 4457 suscepit,

384 4474 404 4501 “
424 4473 580 4528 exhibeant
596 4472 659 4528 nati
681 4471 774 4529 vestri
797 4471 982 4542 praesentiam
1007 4489 1098 4537 suam,
1118 4476 1153 4527 ut
1170 4488 1188 4525 a
1205 4468 1437 4525 mansuetudinis

385 4566 404 4592 ‘⁸
423 4571 532 4622 nostre)
561 4564 649 4621 titulo
678 4568 772 4619 terras
802 4580 869 4618 suas
896 4562 1094 4635 possideant.'’
1146 4552 1294 4618 Accessit
1323 4552 1437 4637 itaque

417 4786 487 4854 ιω]
502 4786 597 4839 ono.
837 4756 840 4761 ’
967 4780 1170 4850 mimas]
1185 4783 1379 4859 musicae.

416 4864 631 4932 nutriamur]
646 4863 828 4925 sustinuerunt,
839 4862 869 4916 0.
