3544 5724
405 882 446 945 26
604 899 766 947 cmvasu
791 898 953 950 nossem
976 901 1250 989 caurusmnusrs

248 1092 375 1203 Tm·
402 1084 588 1171 appellatus
610 1093 667 1151 est.
715 1086 868 1151 Pluribus
898 1086 986 1151 enim
1018 1108 1091 1151 cum
1115 1086 1228 1152 videre
1249 1088 1459 1204 cupientibus

255 1205 370 1288 gemus
346 1249 368 1289 ,
403 1202 551 1253 ostensus
583 1195 641 1265 est,
664 1210 723 1274 por
754 1210 835 1274 quos
870 1188 905 1252 in
936 1188 1097 1273 reliquum
1127 1188 1256 1275 vulgus
1286 1190 1386 1276 hujus
1410 1191 1458 1255 rei

238 1294 323 1388 ,333
317 1296 389 1400 ,3,
401 1290 490 1354 fama
512 1291 657 1377 dispersa
681 1295 737 1355 cst.
785 1291 930 1355 Levatus
960 1291 1153 1375 ostiisque
1175 1313 1196 1355 a
1218 1291 1368 1377 sepulcro
1398 1314 1458 1357 suo

289 1416 340 1427 -
400 1414 531 1478 corporo
554 1392 752 1479 incorrupto,
775 1392 923 1458 vestibus
945 1392 1056 1458 sericis
1079 1392 1225 1479 integris,
1246 1414 1335 1459 anno
1346 1393 1457 1459 obitus

231 1459 376 1604 &millii
400 1494 450 1558 sui
485 1495 705 1560 nonodecimo
765 1495 817 1559 Ex
847 1494 1013 1559 sententia
1046 1494 1151 1580 igitur
1173 1501 1354 1561 conventus
1377 1501 1456 1560 ante

277 1574 305 1614 y
398 1595 501 1662 altare
524 1596 655 1663 Sanctae
679 1596 825 1663 Mariae'
817 1617 852 1659 ιιι
874 1596 953 1660 navi
975 1596 1152 1661 ecclesiae
1142 1618 1178 1660 m
1201 1617 1277 1663 arca
1300 1596 1456 1681 plumbea

398 1698 545 1784 sepultus
560 1706 618 1775 est,
635 1699 723 1785 quod
738 1698 796 1765 ct
787 1720 856 1785 lpse
871 1699 951 1762 dum
967 1697 1055 1763 vixit
1073 1698 1281 1764 desideravit.
1327 1699 1456 1767 Tumba

217 1840 221 1852 ι
287 1886 288 1889 ¹
398 1823 527 1888 quoque
550 1824 739 1879 marmorea,
762 1801 849 1866 sicut
879 1805 958 1866 ante
991 1801 1107 1878 fuerat,
1131 1823 1229 1887 super
1260 1824 1336 1867 cum
1368 1825 1454 1868 com-

397 1903 505 1989 posita
527 1910 585 1969 est.
632 1904 844 1970 Lamfrancus
866 1909 978 1967 autem
1001 1902 1131 1968 levatus
1158 1909 1216 1979 est,
1241 1910 1281 1969 ιιι
1302 1905 1453 1990 praedixi,

229 2023 259 2055 ⁸¹¹
282 2026 343 2108 ⁰21·
397 2004 439 2070 de
461 2007 626 2093 sarcofago
650 2028 709 2071 suo
732 2006 767 2070 in
792 2004 906 2071 tabula
928 2003 1090 2090 plumbea,
1114 2003 1150 2067 in
1173 2026 1239 2089 qua
1261 2004 1412 2089 jacuerat
1433 2029 1455 2072 a

397 2107 450 2172 die
473 2109 588 2195 primae
602 2108 781 2194 sepulturae
803 2129 872 2172 suae
894 2107 1039 2172 intactus
1062 2128 1164 2192 usque
1187 2106 1224 2170 in
1246 2107 1339 2172 illum
1357 2108 1453 2187 diem,

396 2210 492 2274 annis
523 2211 647 2277 scilicet
678 2210 852 2297 sexaginta
882 2232 1010 2275 novem.
1056 2208 1131 2289 Qua
1165 2209 1206 2274 de
1230 2231 1329 2277 causa
1351 2211 1452 2277 etiam

396 2335 470 2378 ossa
500 2313 571 2399 ejus
602 2313 708 2379 multa
740 2312 913 2399 putredine
945 2317 1148 2397 consumpta,
1175 2312 1243 2376 sere
1275 2312 1387 2378 omnia
1416 2314 1453 2378 in

396 2414 563 2499 pulverem
602 2416 735 2481 redacta
771 2420 857 2479 sunt.
904 2413 1074 2499 Temporis
1112 2413 1199 2477 enim
1239 2412 1451 2492 diuturnitas,

395 2517 538 2582 vestium
561 2517 751 2596 humiditas,
773 2516 901 2604 plumbi
924 2515 1084 2581 naturalis
1108 2514 1281 2601 frigiditas,
1305 2522 1347 2594 ct,
1364 2517 1452 2601 quod

396 2619 502 2706 majus
524 2626 583 2699 cst,
599 2621 754 2686 humanae
777 2618 940 2705 fragilitas
963 2617 1170 2694 conditionis,
1186 2623 1315 2683 tantam
1338 2620 1451 2686 effece-

394 2726 470 2786 rant
494 2722 709 2809 putredinem.
755 2721 838 2786 Ossa
853 2725 965 2785 tamen
988 2719 1112 2805 majora
1134 2740 1208 2785 cum
1231 2719 1357 2806 reliquo
1379 2722 1453 2807 pul·

395 2846 471 2890 vere
495 2825 669 2904 collecta,
660 2847 696 2889 ιιι
719 2846 816 2910 capsa
839 2822 993 2909 plumbea
1022 2822 1065 2887 ad
1095 2821 1198 2887 altare
1226 2822 1339 2889 Sancti
1364 2824 1452 2889 Mar-

225 2941 382 3040 afflarat
353 2927 459 2992 ntini
489 2929 633 3014 reposita
662 2932 748 2992 sunt
795 2927 871 2991 Duo
898 2946 1026 3011 quoque
1052 2922 1295 3011 archiepiscopi,
1327 2927 1384 3011 qui
1414 2927 1451 2992 in

225 2994 382 3140 Ξξ333οἶῗω
395 3030 501 3116 cripta
526 3052 547 3095 a
571 3029 715 3096 dexteris
740 3035 774 3095 et
798 3051 819 3095 a
844 3025 1009 3092 sinistris¹
1039 3026 1153 3093 Sancti
1179 3026 1351 3093 Thomae
1336 3050 1448 3114 Jacue-

334 3108 382 3150 ομ
393 3138 477 3211 rant,
508 3131 654 3197 sublati²
682 3138 769 3209 sunt,
800 3131 900 3196 etin
930 3129 1036 3216 capsis
1066 3129 1229 3216 plumbeis
1259 3130 1322 3195 sub
1352 3131 1449 3197 altari

394 3235 525 3301 Sanctae
549 3235 695 3301 Mariae
686 3256 722 3298 m
745 3234 851 3320 cripta
872 3233 915 3299 ad
939 3239 1070 3318 tompus
1092 3232 1192 3318 positi
1215 3238 1302 3298 sunt.

378 3382 383 3391 -
438 3339 566 3404 Horum
591 3338 694 3425 igitur
716 3335 988 3402 translationibus
1011 3340 1143 3421 patrum
1169 3335 1266 3400 modo
1290 3334 1449 3421 praedicto

392 3441 540 3526 peractis,
556 3440 682 3526 capella
705 3439 763 3504 illa
787 3460 862 3505 cum
886 3438 994 3523 cripta
1017 3458 1077 3501 sua
1099 3436 1266 3502 solotenus
1288 3437 1448 3523 dissipata

391 3549 458 3608 est:
474 3543 563 3610 solus
575 3544 716 3609 Sanctus
732 3541 874 3606 Thomas
889 3561 983 3605 suam
999 3539 1182 3605 reservavit
1197 3539 1446 3606 translationem

390 3669 494 3732 usque
518 3647 567 3712 ad
593 3644 725 3733 capellre
752 3666 820 3709 suae
846 3643 1170 3709 consummationem.
1216 3641 1320 3708 Decet
1349 3643 1446 3721 enim,

224 3763 267 3809 rte
244 3777 332 3818 τοιοηι·
390 3757 424 3814 et
448 3749 623 3836 persuadet
649 3747 735 3812 ratio
762 3752 801 3811 ut
823 3744 882 3831 huj
885 3767 924 3810 us
954 3745 1113 3811 autentici
1141 3744 1309 3831 privilegii
1340 3752 1447 3811 trans·

221 3818 360 3963 {mil-‘ii
329 3817 377 3912 oi¹⁰
389 3851 470 3918 latio
495 3852 590 3918 valde
617 3849 759 3916 solennis
774 3848 819 3912 sit
838 3853 873 3912 et
894 3847 1099 3961 divulgata
1090 3866 1124 3909 ιιι
1148 3846 1280 3911 mundo
1327 3846 1447 3912 Parata

389 3961 439 4020 est
463 3955 595 4020 interim
626 3974 723 4039 super
748 3950 896 4016 tumbam
927 3948 997 4034 ejus
1028 3948 1097 4013 et'
1089 3969 1124 4011 ιιι
1151 3947 1291 4013 circuitu
1322 3947 1446 4034 capella

389 4058 498 4146 lignea
520 4078 579 4143 pro
603 4056 674 4121 loco
700 4060 735 4120 et
758 4058 905 4138 tempore
931 4051 1012 4115 satis
1038 4049 1184 4114 honesta
1231 4049 1337 4115 Extra
1352 4050 1445 4136 cujus

388 4160 528 4246 parietes
555 4180 597 4223 cx
624 4156 733 4243 lapide
760 4160 795 4220 et
818 4158 967 4220 cemento
998 4151 1213 4217 fundamento
1245 4152 1340 4230 sacto,
1372 4157 1445 4218 octo

387 4261 497 4348 pilarii
512 4282 608 4326 novae
629 4260 743 4345 criptae
763 4279 838 4323 cum
862 4254 1023 4341 capitellis
1039 4254 1108 4319 suis
1122 4254 1341 4320 consummati
1356 4260 1442 4320 sunt.

388 4364 567 4430 Introitum
591 4363 692 4429 etiam
718 4361 758 4426 de
783 4359 887 4426 veteri
912 4357 948 4421 in
974 4378 1094 4423 novam
1121 4357 1260 4444 criptam
1288 4357 1444 4444 magister

386 4467 567 4554 prudenter
599 4460 752 4553 aperuit³
805 4462 846 4527 In
882 4460 955 4526 istis
984 4481 1091 4526 annus
1121 4465 1234 4526 sextus
1261 4460 1442 4546 completus

394 4629 566 4638 ——---
579 4629 608 4635 ο-
623 4627 707 4634 ..—-.·

420 4717 428 4751 ¹
440 4734 457 4767 a
469 4716 576 4768 (latinis
588 4724 611 4766 et
622 4732 639 4765 a
649 4713 773 4779 sinistris]
789 4712 845 4763 MS.
856 4712 884 4763 C.
969 4707 1094 4774 ²sublati]
1108 4707 1280 4769 sublevante.

386 4798 433 4848 has
468 4812 500 4847 aa
535 4792 729 4852 interlinaction,
762 4791 886 4842 “scilicet
969 4789 1104 4855 ἀραιαὶ]
1117 4787 1265 4853 composuit,
1278 4790 1309 4840 C.

384 4885 400 4910 ⁸⁸
418 4876 568 4929 Ethclrcdus
579 4883 605 4925 et
617 4872 768 4924 Badsinns.'’
