3666 5724
409 839 474 906 384
608 854 771 904 osnvmn
795 852 956 904 nossem
979 853 1254 906 cssrurnmssrs

254 1054 377 1102 annas
410 1044 428 1070 ‘⁸
447 1042 620 1113 exemplum.
658 1039 744 1097 Unde
769 1046 809 1107 te,
837 1041 915 1097 eima
939 1044 1049 1099 nostrie
1071 1048 1103 1099 et
1128 1048 1189 1099 tuse
1213 1042 1323 1116 pariter
1347 1060 1462 1118 promo·

253 1105 381 1151 mei*
409 1124 537 1181 “tionis
565 1124 659 1192 initis,
688 1123 830 1181 inusitato
856 1125 998 1181 hacteuus
1024 1129 1055 1181 et
1079 1143 1155 1183 novo
1182 1126 1268 1183 modo
1295 1129 1463 1187 curarimus

408 1212 427 1238 “
446 1211 599 1275 honorare,
618 1208 769 1265 credontes
794 1227 846 1265 nos
872 1226 931 1280 pro¹
950 1210 1059 1267 honore
1085 1216 1185 1268 nostro
1210 1212 1340 1269 ecelesia
1364 1212 1462 1270 virum

408 1293 648 1350 “fidelissimum
678 1291 832 1347 invenisse.
871 1291 938 1357 Sed,
959 1293 1036 1364 quod
1067 1293 1130 1350 sine
1156 1294 1241 1365 gravi
1271 1294 1463 1353 admiratione

410 1378 428 1406 ‘⁸
448 1394 506 1433 non
528 1377 662 1441 dicimus,
691 1375 824 1431 frustrati
849 1393 950 1431 sumus
974 1375 1006 1431 in
1027 1376 1254 1448 cogitationibus
1278 1378 1402 1445 nostris;
1431 1386 1461 1435 et

409 1464 428 1489 ‘⁶
448 1479 533 1534 quem
552 1460 643 1515 fidum
657 1465 785 1516 tutorem
805 1459 922 1515 honoris
936 1460 1029 1516 nostri
1046 1479 1108 1517 esse
1126 1461 1313 1527 credidimus,
1332 1463 1461 1518 nuncin

409 1549 428 1574 ‘⁴
447 1546 588 1601 membris
612 1545 719 1600 nostr-is
744 1544 974 1617 obpugnatorem
1001 1543 1150 1601 sanamus.
1188 1544 1362 1602 Multotiens
1380 1546 1460 1602 anim

410 1631 428 1656 ‘⁴
447 1648 502 1700 pro
525 1629 623 1702 quiete
646 1628 772 1683 bouum
794 1627 956 1683 commisere
980 1628 1037 1683 tibi
1060 1627 1188 1684 ecolesioe
1211 1629 1324 1685 litteras
1346 1635 1460 1686 nostras

447 1713 674 1778 transmisimus,
692 1716 726 1767 ut
752 1710 788 1766 ab
807 1727 907 1766 eorum
925 1711 1136 1781 inquietatione
1154 1710 1320 1778 desisteres,
1339 1719 1370 1770 et
1389 1714 1460 1785 jura

408 1801 427 1824 “
447 1796 578 1870 ipsorum
596 1812 649 1867 pro
665 1798 767 1849 nostra
784 1793 889 1848 saltem
906 1792 1071 1849 reverentia
1087 1810 1146 1848 non
1169 1793 1309 1849 turbares.
1348 1792 1407 1850 Sed
1425 1801 1459 1851 tu

408 1883 427 1908 ‘¹
446 1897 506 1936 non
531 1879 627 1935 solnm
651 1877 684 1931 in
710 1877 765 1931 hoc
791 1874 842 1931 sad
867 1875 956 1930 etiam
980 1874 1012 1929 iu
1035 1875 1110 1942 aliis,
1132 1875 1209 1932 siout
1231 1875 1340 1948 ubique
1364 1876 1458 1933 divul-

408 1967 427 1992 “
446 1967 534 2036 geute
551 1962 631 2016 lama
648 1961 710 2015 lere
728 1958 765 2014 ab
786 1958 921 2013 omnibus
943 1956 1265 2029 praedicassemus
1285 1958 1408 2025 litteras,
1428 1963 1460 2015 et

407 2044 655 2116 “appellationes
681 2040 719 2097 ad
745 2041 844 2097 sedem
874 2039 1063 2110 apostolicam
1090 2040 1275 2111 interpositas
1305 2041 1457 2113 parvipen-

407 2132 426 2156 ‘'
445 2130 526 2194 deus,
546 2127 617 2199 quid
635 2132 737 2182 contra
753 2143 802 2181 eos
820 2128 887 2196 post
905 2123 1083 2195 multiplices
1106 2124 1314 2195 appellationes
1338 2131 1368 2180 et
1392 2144 1457 2197 pro·

407 2216 425 2240 ‘⁴
445 2211 603 2268 hibitiones
628 2216 740 2266 nostras
764 2209 876 2273 feceris,
903 2224 956 2262 nos
980 2224 1115 2262 enarrem
1139 2208 1354 2263 confundimur.
1398 2209 1457 2265 Sed

405 2298 424 2324 “
444 2301 477 2351 tu
495 2296 559 2367 ipse
576 2294 693 2351 revolve
711 2292 744 2348 in
768 2293 876 2357 animo,
895 2296 925 2346 et
949 2292 976 2346 si
998 2291 1071 2346 bene
1094 2290 1197 2346 leceris
1222 2290 1254 2345 in
1278 2291 1457 2348 couscientia

405 2382 424 2408 ‘⁴
443 2387 495 2436 tua
512 2378 654 2435 deliberes
671 2380 702 2433 et
719 2376 866 2432 decernas.
901 2373 964 2430 Nos
981 2391 1060 2441 vero,
1080 2374 1151 2445 quia
1168 2374 1309 2430 clamores
1327 2375 1457 2447 ipsorum

406 2465 424 2492 “
444 2465 568 2520 flatrum
586 2467 617 2517 et
637 2464 838 2531 contemptum
863 2458 1029 2530 apostoliea
1054 2457 1133 2513 sedis
1158 2457 1335 2530 pertransire
1358 2459 1460 2516 surdis

405 2549 424 2573 “
444 2546 563 2602 auribus
588 2563 647 2601 non
664 2559 817 2617 mssumus
843 2558 897 2597 neo
916 2540 1065 2605 debemus,
1085 2540 1179 2595 adhuc
1197 2539 1267 2596 licet
1291 2541 1323 2595 in
1346 2559 1455 2597 vanum

405 2630 594 2687 “videamur
618 2632 732 2683 nostras
759 2625 905 2696 jussiones
934 2623 1091 2688 effundere,
1117 2623 1293 2679 fraternitati
1318 2631 1377 2680 tuae
1403 2643 1455 2697 per

404 2716 425 2742 “
445 2715 605 2788 apostolica
622 2711 730 2783 scripta
747 2708 929 2771 mandamus,
949 2712 979 2763 et
1002 2707 1046 2761 inx
1058 2705 1229 2762 obedientia
1252 2706 1361 2763 virtute
1382 2725 1454 2779 pras.

231 2799 381 2845 allthathas
407 2800 424 2825 ¹⁴
446 2798 579 2869 cipimus,
606 2793 753 2868 quatinus,
775 2809 809 2846 eo
835 2791 924 2846 etiarn
949 2806 1008 2844 non
1026 2789 1157 2844 obstante
1175 2789 1201 2845 si
1223 2789 1325 2845 absens
1349 2791 1385 2845 ab
1410 2808 1454 2847 eo·

232 2851 392 2945 iiindiiidrin
406 2888 426 2913 “
445 2885 533 2942 olesia
549 2890 601 2940 tua
618 2880 719 2945 meris,
739 2877 877 2951 quioquid
893 2881 959 2949 post
975 2875 1199 2949 appellationem
1217 2875 1255 2932 ad
1276 2893 1328 2933 nos
1346 2879 1454 2935 saetam

231 2951 382 3046 ffiffl,
404 2972 424 2997 “
442 2970 490 3025 vel
508 2966 712 3022 inhibitionem
730 2967 859 3017 noemam
878 2961 909 3015 iu
927 2976 1014 3031 opera
1038 2958 1156 3031 capella
1173 2976 1260 3030 qnam
1284 2959 1397 3031 erigere
1420 2961 1453 3016 in

232 3052 368 3098 mundone.
404 3050 669 3108 “destructionem
694 3042 1102 3102 Cantaurieusismonasterii
1126 3043 1254 3099 statuisti
1275 3048 1373 3098 actum
1397 3050 1449 3110 est,

403 3139 422 3163 ‘⁴
442 3136 502 3192 tuis
525 3132 669 3205 expensis,
694 3146 753 3184 non
777 3127 895 3183 differas
920 3125 1065 3191 demoliri,
1088 3142 1227 3181 revocans
1247 3131 1278 3180 et
1306 3125 1450 3182 deducens

402 3222 421 3247 “
440 3235 557 3290 prorsus
575 3217 607 3271 in
624 3213 740 3269 irritum
757 3209 898 3282 quicquid
915 3209 952 3265 de
970 3208 1159 3265 instituendis
1175 3208 1320 3264 canonicis
1337 3214 1367 3264 et
1385 3209 1451 3266 aliis

400 3306 419 3331 ‘⁶
442 3304 521 3358 ciroa
537 3299 679 3370 capellam
697 3297 808 3351 sactum
827 3300 872 3349 est
890 3300 921 3349 et
941 3292 1102 3349 enormiter
1125 3292 1305 3348 innovatum.
1339 3291 1450 3349 Iaooum

401 3388 420 3414 “
440 3386 528 3442 etiam
552 3384 637 3439 illum
660 3378 851 3436 maledictum
874 3376 981 3432 habeas
1009 3381 1040 3431 et
1063 3375 1256 3448 prophanum,
1282 3379 1311 3431 et
1330 3393 1378 3432 eos
1399 3377 1451 3448 qui

402 3468 659 3525 “celebraverunt
686 3463 718 3519 in
744 3460 858 3533 capella
885 3460 950 3531 ipsa
978 3462 1045 3530 post
1074 3458 1279 3514 inhibitionem
1309 3465 1449 3525 nostram,

401 3558 420 3582 “
440 3554 545 3609 habeas
562 3556 593 3606 et
611 3555 709 3605 teuesn
725 3564 780 3620 pro
797 3544 944 3616 suspensis
965 3543 1002 3598 ab
1025 3540 1119 3596 officio
1141 3546 1171 3595 et
1193 3540 1335 3597 beneficio
1358 3541 1450 3601 donee

401 3639 420 3665 “
439 3642 537 3692 nostro
555 3651 586 3690 se
604 3629 772 3704 conspectui
789 3628 1008 3700 repraesentent,
1029 3623 1176 3683 demolitis
1195 3622 1339 3680 universis
1357 3627 1449 3697 operi.

400 3726 418 3750 “
438 3723 493 3777 bus
510 3736 573 3792 quse
594 3718 668 3774 inibi
689 3718 783 3771 faeere
805 3715 1062 3784 presumpserunt.
1099 3708 1251 3765 Ministros
1270 3708 1359 3766 etiam
1382 3726 1449 3767 eon·

399 3808 418 3833 “
439 3810 544 3860 ventus
555 3819 627 3873 quos
644 3805 710 3871 post
726 3795 952 3868 appellationem
964 3792 1001 3847 ad
1018 3808 1071 3847 nos
1089 3790 1292 3863 interpositam
1303 3793 1448 3859 amovisti,

400 3891 419 3916 ‘⁸
439 3905 511 3960 qnos
536 3903 589 3942 nos
613 3880 806 3946 restituimus,
824 3876 931 3933 habeas
949 3875 1110 3940 restitutos,
1130 3880 1161 3929 et
1184 3891 1232 3930 eos
1251 3892 1323 3946 quos
1340 3877 1450 3948 pariter

375 3956 378 3963 Δ
400 3974 417 3999 “
438 3977 503 4046 pest
520 3966 747 4044 appellationem
764 3959 1014 4020 excommunicare
1032 3958 1079 4015 vel
1096 3957 1271 4031 suspendere
1289 3976 1448 4034 praesump.

400 4057 512 4121 “sisti,
530 4054 639 4110 habeas
662 4046 870 4104 nichilominus
888 4043 1052 4109 absolutos,
1077 4048 1108 4098 et
1132 4041 1267 4098 universa
1291 4059 1357 4113 qua
1384 4053 1450 4116 post

339 4197 346 4208 ,
399 4143 419 4169 “
438 4138 663 4212 appellationem
687 4133 782 4205 ipsam
806 4128 839 4184 iu
863 4144 964 4184 eorum
988 4142 1147 4199 gravamen
1172 4128 1346 4197 attemptata
1368 4134 1447 4194 sunt,

398 4228 418 4253 “
437 4224 468 4278 in
486 4221 635 4278 invasione
653 4216 789 4273 videlieet
805 4211 943 4269 villarum
959 4215 990 4266 et
1007 4209 1220 4283 pomessiouum
1236 4227 1365 4275 marum,
1384 4211 1448 4267 red.

398 4312 416 4336 ‘⁴
437 4307 552 4363 ditnnm
565 4318 678 4376 qnoque
691 4305 722 4355 et
733 4298 856 4353 aliorum
872 4312 937 4366 quas
954 4299 1022 4349 ante
1037 4291 1262 4365 appellationem
1274 4293 1448 4358 habuerunt,

398 4395 418 4421 ‘⁸
437 4397 468 4447 et
485 4387 647 4446 ablatione¹
670 4379 877 4438 nichilominus
902 4377 1026 4433 aliarum
1049 4393 1158 4440 rernm,
1184 4375 1217 4429 in
1241 4379 1349 4431 statum
1374 4377 1448 4446 pris·

397 4480 415 4505 ‘⁶
439 4475 535 4531 tinum
553 4468 746 4543 appellatione
758 4467 870 4519 remota
887 4460 1024 4516 reducere
1042 4473 1101 4513 non
1113 4458 1240 4514 omittas.
1278 4458 1448 4516 Sententiae
1484 4514 1486 4519 ,

396 4561 417 4587 “
436 4560 552 4630 quoque
577 4544 883 4611 excommunicationis
910 4550 941 4600 et
969 4542 1118 4598 interdicti
1145 4559 1216 4614 quas
1240 4542 1272 4596 in
1302 4542 1442 4612 quosdam

398 4680 1443 4711 Μ

728 4764 736 4797 ¹
749 4760 888 4826 abladou]
901 4758 1061 4817 oblationem,
1074 4759 1104 4810 C.
