3628 5728
713 904 825 989 orrea
848 934 1040 988 mercaret.
1341 918 1404 989 iil

349 1122 497 1190 metans
533 1122 695 1203 monam
728 1128 763 1190 a
794 1106 1058 1213 astrasapes
1089 1125 1126 1189 ln
1158 1123 1240 1190 ma
1272 1123 1407 1189 nemos
1437 1141 1561 1238 affige.

349 1218 467 1294 Waliae
491 1228 584 1314 quasi
608 1228 833 1293 desumenda
862 1250 955 1295 cruce
990 1226 1228 1313 praedicaturus
1260 1226 1405 1314 aufugis·
1419 1244 1540 1306 manot-

348 1334 406 1407 set,
430 1352 490 1417 per
521 1351 657 1396 manum
691 1329 844 1397 monachi
867 1329 1126 1409 Cantuariensis
1149 1330 1206 1415 qui
1234 1351 1309 1394 eum
1340 1294 1563 1395 cal-iiiiii?

348 1430 415 1498 lide
436 1432 631 1499 subsecutus
652 1438 713 1511 est,
735 1433 862 1499 domini
885 1454 980 1519 papea
1003 1432 1185 1499 Clementis
1215 1431 1405 1517 hujusmodi

348 1535 494 1621 suscepit
515 1535 731 1601 mandatum:

245 1623 250 1633 ’
384 1630 406 1663 ““
416 1634 569 1692 Clemens¹
582 1636 744 1709 ¹episcopus,
758 1654 859 1693 servus
872 1648 1021 1694 servornm
1040 1634 1106 1702 Dei,
1123 1634 1283 1692 venerabili
1301 1633 1403 1691 Baldo·
1417 1626 1497 1730 {w
1505 1626 1529 1671 ⁰¹

350 1720 369 1747 ‘¹
388 1719 465 1775 wine
499 1720 705 1777 Cantuariensi
741 1720 957 1792 archiepiscopo
988 1720 1113 1776 salntem
1149 1725 1180 1774 et
1215 1716 1404 1792 apostolicam
1416 1720 1575 1772 clemonem.

351 1800 369 1829 ¹*
390 1801 633 1859 benedictionem.
680 1803 797 1871 Quanto
828 1804 860 1858 in
890 1803 1013 1859 ecclesia
1042 1802 1097 1858 Dei
1127 1802 1257 1858 scientis
1284 1818 1404 1858 munere
1415 1774 1573 1876 ffi'fflg

351 1888 371 1913 ¹¹
392 1888 422 1941 et
448 1886 600 1958 religionis
630 1882 785 1959 premines
810 1888 971 1954 honestate,
1000 1887 1209 1960 dignitatisque
1234 1889 1345 1960 apicem
1372 1887 1404 1943 in
1416 1878 1573 1929 mm&

350 1966 370 1997 ⁸‘
391 1970 522 2042 portibus
547 1968 721 2042 Angiicanis
744 1966 857 2027 obtines
882 1972 1064 2043 ampliorem,
1083 1976 1165 2027 tanto
1193 1971 1276 2027 decet
1299 1972 1403 2028 corita·

351 2055 372 2081 '¹
390 2056 452 2108 teni
468 2057 550 2109 taam
568 2050 752 2125 vigilantiori
770 2052 867 2114 studio
885 2072 903 2109 a
920 2052 1116 2126 subjectorum
1142 2055 1258 2127 injuriis
1282 2054 1330 2110 rel
1355 2072 1404 2127 op·

350 2138 370 2163 ‘¹
389 2136 587 2207 pressionibus
605 2142 776 2208 temperare,
796 2141 827 2192 et
850 2136 896 2192 his
917 2137 1084 2209 postpositis
1102 2146 1168 2210 ques
1192 2138 1317 2209 justitie
1340 2138 1404 2209 pal·

351 2222 370 2247 “
390 2220 587 2277 chritudinem
604 2221 780 2288 decolorant,
795 2221 969 2292 odoremque
987 2223 1070 2277 bonae
1082 2222 1227 2293 opinionis
1240 2221 1404 2293 extingunt,

351 2304 371 2331 ¹¹
389 2302 586 2360 obedientiam
617 2309 650 2360 at
684 2305 878 2362 reverentiam
912 2303 1042 2360 debitam
1072 2305 1231 2382 majoribus
1261 2304 1404 2363 exhibere.

351 2390 370 2415 ‘⁴
389 2388 474 2445 Unde
492 2404 550 2444 non
566 2388 631 2445 sine
648 2404 737 2445 cauae
754 2389 896 2444 mimmur
913 2389 1001 2460 quod,
1019 2389 1098 2445 sicut
1115 2390 1199 2445 nobis
1222 2392 1403 2463 proponitur,

352 2475 370 2499 ‘⁴
391 2479 458 2544 post
476 2473 702 2545 appellationem
726 2474 763 2528 ad
789 2473 887 2528 sedem
912 2472 1100 2545 apostolicam
1127 2474 1246 2540 iactam,
1266 2480 1296 2529 et
1321 2474 1405 2531 bona

352 2560 370 2585 ‘⁴
390 2558 539 2613 mamoriae
567 2557 679 2615 Urbani
704 2555 925 2628 praedecessoris
950 2556 1044 2613 nostri
1071 2557 1306 2628 prohibitionem,
1332 2559 1405 2614 adeo

352 2642 370 2667 “
390 2640 468 2696 circa
484 2658 568 2697 novae
586 2640 704 2712 capellae
716 2640 964 2696 constructionem
982 2647 1012 2695 et
1030 2640 1088 2696 alia
1105 2641 1200 2696 muita
1217 2659 1321 2697 manus
1338 2648 1403 2699 tusa
1416 2640 1524 2685 ΗΘΜ·

349 2722 369 2751 ”
388 2724 420 2778 in
439 2723 569 2779 ecclesia
588 2723 644 2780 tibi
668 2725 830 2779 commissae
854 2720 980 2778 iratrmn
1004 2718 1153 2779 moiestias
1171 2726 1351 2796 aggravasti,
1370 2733 1404 2782 nt
1415 2692 1557 2785 pppitffist

350 2808 371 2834 “
389 2807 482 2863 nichil
511 2808 554 2863 eis
582 2806 620 2862 de
649 2805 830 2879 interposita
860 2804 1065 2878 appellationis
1090 2804 1221 2863 remedio
1249 2793 1573 2886 acoenlmeffssfflwffl

350 2893 368 2919 “
387 2891 570 3029 proupaeralpp
584 2890 661 2962 juris
678 2891 842 3026 expostulat
858 2890 1029 3029 apstimptur,
1046 2904 1102 3029 plac
1125 2886 1159 2946 td
1182 2891 1285 3032 honpri
1308 2891 1531 3034 eacmropmffldltl·

352 2976 372 3000 ‘¹
393 2989 462 3029 sanc
565 2991 659 3028 manas
677 2991 807 3029 ecces1ae
825 2989 929 3029 marre
961 2991 1006 3029 uae
1024 2993 1055 3029 vr
1075 2990 1151 3030 esraa
1168 2993 1242 3047 prou
1273 2994 1329 3050 opo
1358 2979 1390 3033 ui

352 3060 371 3083 ‘⁴
391 3057 537 3113 detulisse.
575 3057 658 3113 Licet
675 3063 772 3113 antem
790 3057 971 3129 propositum
988 3059 1072 3115 nobis
1090 3060 1128 3115 sit
1146 3061 1322 3118 fraternitati
1344 3068 1404 3119 ture

353 3138 371 3168 '⁴
392 3144 533 3212 quantum
559 3158 626 3196 cum
651 3141 713 3197 Deo
738 3157 893 3212 possumus
912 3140 1072 3207 deferendi,
1091 3148 1121 3198 et
1145 3161 1297 3215 personam
1322 3153 1404 3203 tuam
1432 3135 1434 3139 ⁵

353 3225 372 3251 '¹
391 3224 423 3279 in
454 3224 588 3279 omnibns
617 3238 684 3297 qnae
712 3238 750 3279 er
780 3218 875 3279 officio
903 3222 988 3281 nobis
1017 3225 1190 3282 incombunt
1216 3231 1403 3286 statuerimus

349 3311 370 3337 “
388 3307 542 3373 bonorare,
561 3309 629 3379 qnia
644 3312 744 3363 tamen
762 3307 919 3364 eorundem
937 3310 1061 3365 iiatrnm
1079 3316 1228 3381 pressuras
1245 3313 1404 3383 periberet

352 3392 372 3418 “
390 3392 532 3447 clamores
548 3407 617 3446 oum
634 3391 711 3447 bona
735 3391 915 3447 conscientia
938 3392 1089 3465 preterire
1115 3394 1222 3451 clausis
1240 3398 1332 3453 oculis
1349 3414 1404 3456 neo

353 3478 371 3501 ‘⁴
391 3492 544 3547 possumus
566 3492 621 3531 nec
639 3474 788 3540 debemus,
807 3474 983 3531 fraternitati
1008 3481 1066 3531 tuso
1084 3476 1121 3531 de
1139 3479 1260 3534 consilio
1277 3482 1403 3538 fratrum

353 3561 557 3614 “nostrornm
586 3576 639 3628 per
669 3556 829 3630 apostolica
858 3558 967 3630 scripta
996 3560 1192 3631 precipiendo
1221 3564 1403 3632 mandamus,

351 3643 527 3713 “quatinus
556 3643 636 3696 omni
667 3641 895 3697 contradictione
925 3644 955 3697 et
984 3644 1131 3698 occasione
1167 3648 1338 3718 postposita,
1369 3667 1404 3706 ee
1417 3655 1572 3715 lleoroersall
1642 3636 1644 3640 ἱ

352 3728 371 3753 “
392 3727 481 3782 etiam
502 3738 562 3782 non
578 3724 713 3782 obstante
729 3725 756 3780 si
774 3731 804 3781 te
822 3722 921 3781 abessa
946 3726 1105 3797 contigerit
1128 3728 1166 3783 ab
1191 3726 1316 3785 ecciesia
1341 3736 1402 3802 tua,
1417 3705 1545 3801 fflfflo

352 3811 371 3836 ⁶¹
389 3808 530 3880 quioquid
555 3814 622 3880 post
647 3808 874 3880 appeliationem
900 3808 938 3863 ad
962 3808 1062 3864 sedem
1089 3813 1278 3881 apostolicam
1295 3806 1568 3902 festan1⁸¹¹¹00t¹¹⁰b0

353 3895 371 3920 ‘⁶
390 3894 438 3949 vel
463 3892 682 3964 praedecessoris
710 3892 805 3948 nostri
833 3892 1060 3963 prohibitionem
1094 3895 1126 3949 in
1163 3914 1249 3967 opere
1284 3900 1403 3970 capeliae
1414 3857 1531 3951 iiiii?

352 3981 370 4004 “
388 3982 487 4033 aetum
505 3981 559 4041 est,
579 3993 637 4031 non
655 3974 772 4031 differas
790 3976 934 4043 demoliri,
952 3994 1092 4033 revocans
1111 3986 1141 4034 et
1159 3978 1304 4037 deducens
1321 4001 1402 4054 pror·

351 4061 372 4088 ¹¹
391 4075 440 4116 sus
464 4060 495 4114 in
521 4059 639 4114 irritum
669 4059 808 4131 quicquid
833 4059 868 4114 de
894 4059 1083 4117 instituendis
1109 4063 1255 4120 canonicis
1282 4069 1313 4120 et
1338 4067 1404 4123 aliis

352 4144 371 4171 ‘¹
390 4143 468 4199 ciros
498 4140 638 4214 capeliam
668 4142 778 4198 iactum
805 4147 849 4197 est
879 4148 910 4198 et
938 4158 1091 4215 perperam
1122 4146 1299 4203 innovatum.
1345 4150 1404 4206 Eos

349 4229 371 4255 '⁴
390 4227 481 4282 etiam
496 4227 549 4297 qni
565 4230 632 4298 post
648 4226 851 4282 inhibitionem
863 4225 1014 4298 saepedicti
1030 4226 1251 4299 predecessoris
1266 4234 1361 4287 nostri
1373 4233 1405 4288 in

351 4313 371 4339 ‘⁴
390 4309 502 4382 capella
528 4311 593 4381 ipsa
612 4309 761 4365 celebrare
787 4309 889 4366 divina
911 4309 1006 4367 officia
1036 4320 1292 4384 presumpserunt,
1312 4315 1404 4373 donec

353 4397 371 4423 “
391 4393 566 4466 condignam
573 4393 657 4449 nobis
665 4393 892 4450 sadsiacdonem
902 4394 1065 4462 exhibeant,
1074 4396 1111 4451 ab
1117 4395 1210 4451 officio
1221 4404 1253 4452 et
1263 4397 1404 4455 beneficio

352 4480 372 4506 ‘³
391 4478 499 4534 habeas
510 4476 690 4533 interdictos.
728 4477 881 4534 Ministros
894 4478 982 4534 etiam
995 4486 1155 4536 conventus
1168 4481 1261 4552 quos'
1277 4486 1343 4553 post
1354 4501 1402 4556 ap·

352 4563 371 4588 ¹‘
390 4560 580 4635 palliationem
599 4560 799 4633 interpositam
817 4562 964 4630 amovisti,
978 4580 1050 4634 qnos
1062 4568 1093 4619 et
1111 4564 1190 4620 idem
1208 4566 1404 4637 praedeoessor

353 4647 372 4674 ‘¹
390 4645 530 4713 mutarit,
550 4645 658 4701 habeas
673 4645 832 4711 restitutos,
852 4653 882 4702 et
907 4663 955 4702 eos
973 4663 1044 4717 quos
1063 4647 1175 4719 pariter
1191 4656 1259 4721 post
1276 4652 1402 4722 appella·

386 4796 536 4867 ¹Clemane]
567 4799 615 4851 See
641 4798 763 4863 Epistola
791 4797 857 4851 Can·
936 4799 1031 4867 iquos]
1046 4804 1138 4854 omC.

351 4878 501 4941 istrienses,
512 4879 563 4932 No.
575 4877 668 4941 cxciii,
679 4892 722 4944 pp.
735 4880 791 4939 17⁴,
801 4880 858 4929 175.
