3646 5720
254 882 256 885 ’
350 898 416 965 220
559 912 722 963 suavssu
744 911 905 963 uouscnr
928 912 1201 965 carrusarausrs

200 1116 256 1161 au·
264 1117 323 1190 13⁷⁰·
351 1100 459 1169 clesiae
481 1101 657 1188 degeneres
679 1100 887 1189 suffiaganei,
910 1105 1015 1168 tantae
1039 1100 1177 1168 malitiae
1203 1105 1239 1167 et
1264 1100 1406 1167 enormi·

183 1181 328 1284 iimw'
352 1203 417 1271 tati
435 1225 503 1269 non
520 1204 717 1271 resistentes.
757 1204 916 1270 Noscitur
933 1204 1022 1271 enim
1038 1204 1127 1289 quod
1144 1225 1259 1291 regum
1274 1203 1405 1291 Angliae

353 1308 519 1375 coronatio
550 1308 593 1373 ab
623 1307 761 1394 antiquo
791 1312 939 1394 tempore
965 1307 1067 1393 solius
1089 1308 1135 1373 sit
1157 1306 1406 1373 Cantuariensis

353 1400 595 1496 archiepiscopi
635 1409 819 1476 Coronatus
839 1410 951 1496 itaque
971 1431 1079 1475 novus
1099 1432 1158 1476 rex
1178 1432 1222 1475 ex
1242 1414 1407 1497 praecepto

352 1512 458 1599 patris
473 1511 525 1577 sui
540 1512 698 1578 comitum
714 1516 750 1577 et
774 1513 936 1579 baronum
950 1513 1095 1599 suscepit
1108 1512 1295 1591 fidelitates,
1310 1512 1407 1580 etsie

353 1615 471 1680 timore
492 1614 662 1701 culparum
683 1615 832 1701 deposito
852 1637 965 1682 omnes
985 1616 1029 1681 ad
1052 1615 1187 1702 propria
1205 1615 1384 1681 redierunt.

186 1736 301 1831 τιιξοιιι
399 1717 577 1804 Deputatis
599 1723 711 1783 autem
734 1739 821 1784 novo
843 1718 914 1804 regi
935 1718 1102 1784 tutoribus
1126 1722 1161 1784 et
1181 1717 1357 1805 magistris,
1373 1723 1408 1783 et

186 1799 308 1899 illusa
354 1819 419 1885 hiis
441 1820 605 1906 precipue
629 1821 687 1905 qui
710 1819 870 1885 Tbomam
893 1819 1166 1887 Cantuariensem
1192 1820 1408 1907 archiepisco·

187 1888 315 1983 b‘hltiss
354 1945 434 2010 pum
460 1930 617 1990 veterano
643 1924 902 2010 insequebantur
927 1926 1011 2008 odio,
1034 1948 1095 1992 rex
1123 1930 1219 2012 pater
1248 1925 1292 1990 ad
1318 1944 1408 1989 mare

187 1988 285 2042 mm
355 2025 524 2092 deseendit
552 2032 588 2091 et
617 2027 854 2106 transfretavit,
877 2037 1031 2094 habiturus
1054 2034 1231 2109 colloquium
1254 2051 1322 2091 cum
1338 2050 1407 2105 rege
1419 2048 1547 2101 wem,

354 2137 487 2195 Pronum
505 2139 537 2193 iu
561 2139 723 2197 festivitate
748 2140 863 2199 Sancta
880 2142 984 2199 Marisa
1003 2140 1195 2215 Magdalenae.
1242 2128 1407 2210 Quoniam
1418 2132 1435 2167 ¹·
1448 2119 1488 2167 Ψ·

354 2252 433 2297 vero
451 2238 516 2312 jam
533 2239 597 2299 dies
612 2233 749 2299 masat
768 2234 805 2299 in
825 2239 947 2300 terram
970 2235 1057 2323 regis
1083 2233 1202 2299 dandae
1224 2229 1407 2305 sententiae,

266 2410 286 2428 ·
355 2355 416 2401 nec
437 2351 500 2400 erat
517 2345 640 2401 ulterius
662 2346 743 2402 locus
775 2338 955 2416 divertendi,
979 2339 1050 2425 ipse
1081 2342 1117 2403 et
1145 2333 1407 2420 archiepiscopus
1493 2324 1498 2335 '

355 2436 388 2492 in
406 2436 530 2493 confinio
549 2437 730 2495 Carnotnsiae
748 2445 778 2496 et
796 2439 1004 2497 Oenomanuiae
1022 2441 1054 2496 in
1071 2444 1157 2513 prato
1174 2437 1300 2511 quodam
1317 2451 1406 2490 amoe·
1420 2428 1567 2507 Hefbfflot·

188 2547 276 2592 uaeris
299 2548 325 2590 ιι
355 2530 488 2597 nissimo,
507 2531 584 2603 quod
602 2524 767 2609 quondam
782 2535 819 2589 ab
831 2532 935 2591 incolis
952 2535 1075 2591 Pratum
1094 2532 1281 2589 Proditorum
1295 2519 1406 2607 appel·
1419 2512 1444 2547 Υ·
1455 2510 1474 2547 L

185 2598 462 2694 hiddoff'laium
484 2631 543 2703 est,
565 2635 661 2708 primo
678 2653 731 2708 par
747 2637 956 2695 inter-meantes
973 2654 1122 2710 personas,
1150 2625 1269 2692 deinde
1292 2645 1352 2711 per
1373 2644 1408 2687 se
1419 2639 1463 2721 W.
1475 2641 1548 2694 Cant.

354 2729 443 2816 ipsos
465 2728 579 2815 longos
609 2734 741 2795 traxere
771 2751 942 2796 sermones.
990 2729 1140 2816 Cumque
1170 2727 1297 2793 diutius
1318 2726 1408 2792 locu·
1419 2724 1438 2758 ¹·
1450 2711 1490 2760 ⁷⁶·

354 2837 427 2897 tum
461 2830 586 2909 frusset,
616 2832 749 2920 rogavit
777 2853 887 2919 regem
917 2832 1189 2920 archiepiscopus,
1211 2846 1246 2896 ut
1269 2835 1409 2910 injuriam

354 2957 442 3012 quam
464 2941 655 2998 Eboracensis
678 2935 930 3021 archiepiscopus
955 2934 1130 3021 caeterique
1154 2940 1283 3015 episcopi
1306 2939 1408 2996 suffra·
1421 2946 1567 3024 uerbssos.

353 3042 441 3114 genai
463 3034 523 3110 sui,
547 3042 578 3097 in
602 3044 788 3099 coronatione
809 3038 889 3102 novi
915 3038 1010 3125 regis,
1040 3036 1140 3103 matri
1162 3056 1231 3101 suae
1261 3027 1454 3100 Cantus-'¹‘
1467 3016 1489 3064 ¹⁸

354 3134 455 3200 riensi
493 3135 676 3202 intulerant
713 3138 865 3217 ecclesiae,
896 3141 1019 3227 absque
1053 3146 1146 3219 ipsius
1169 3146 1281 3202 offensa
1306 3141 1409 3198 liceret

186 3268 269 3321 fleury
355 3248 467 3319 punire.
516 3237 579 3303 Cui
613 3260 687 3305 cum
713 3251 870 3311 annuisset
892 3274 956 3323 rex,
979 3244 1088 3311 noluit
1117 3240 1205 3309 enim
1231 3237 1408 3324 quiequam

186 3318 325 3421 mitid„
354 3341 584 3420 contradicere,
606 3353 703 3411 subito
725 3355 876 3414 descendit
899 3356 1132 3429 archiepiscopus
1151 3371 1238 3427 equo,
1256 3350 1336 3424 ragis
1359 3367 1409 3422 pe·

185 3421 307 3529 {iffi}
354 3452 422 3509 dem
434 3444 684 3524 apprehensurus
699 3460 729 3513 et
742 3457 969 3515 deosculaturus.
1006 3450 1080 3515 Rex
1097 3470 1116 3513 e
1136 3451 1251 3514 contra
1262 3448 1407 3511 desilivit¹
1419 3468 1463 3520 w,
1475 3467 1550 3519 cunt.

186 3520 336 3566 mm*
354 3566 448 3631 equo,
471 3552 512 3624 et,
536 3555 680 3627 staphum
703 3558 916 3631 archiepiscopi
938 3551 1108 3638 arripiens,
1123 3571 1200 3615 eum
1222 3548 1349 3614 levavit
1370 3536 1490 3611 in¹·⁷⁷·

354 3670 477 3728 equum,
509 3648 628 3727 dicensi,
660 3662 784 3717 “Decet
807 3657 846 3717 ui
870 3660 975 3733 majori
999 3662 1097 3718 minus
1121 3661 1228 3733 dignus
1243 3650 1408 3717 -serviat.''

355 3754 411 3820 Sic
440 3754 553 3841 itaque
582 3777 642 3821 rex
675 3757 919 3844 archiepiscopo
949 3756 1214 3844 gratulabundus
1244 3757 1407 3835 occurrit3
1434 3752 1436 3761 '

354 3856 401 3923 sic
423 3878 498 3923 eum
517 3857 661 3943 jocunde
692 3858 855 3926 allocutus
878 3864 929 3924 est
951 3879 990 3925 ac
1011 3859 1041 3924 si
1067 3863 1145 3924 ante
1167 3857 1271 3925 nichil
1297 3878 1411 3924 ranso-

188 3959 400 4024 Poeoemadaris
431 3958 608 4026 habuisset
655 3958 762 4042 Quem
789 3983 864 4028 curn
890 3983 950 4026 rex
976 3981 1087 4027 secum
1111 3959 1213 4026 vellet
1239 3960 1409 4039 abducere,

355 4060 466 4128 dicens
485 4062 550 4127 sibi
567 4071 701 4145 expedire
725 4077 759 4128 ut
777 4089 834 4144 pax
857 4073 933 4130 inita
955 4063 1082 4129 cunctis
1100 4061 1303 4130 menifesta²
1324 4065 1410 4129 nulli

187 4188 330 4285 333⁰.qu
354 4164 484 4229 veniret
509 4164 546 4229 in
572 4164 718 4242 dubium,
741 4163 1004 4253 archiepiscopus
1026 4165 1215 4251 respondit:
1240 4174 1410 4246 “Ingratus
1504 4232 1508 4238 ,

187 4251 320 4387 &siguli
354 4287 372 4313 “
394 4278 540 4357 videbor,
564 4279 703 4357 domine,
726 4287 752 4343 si
763 4288 996 4345 benefactoribus
1009 4288 1083 4348 meis
1105 4280 1223 4347 saltem
1249 4308 1309 4347 non
1332 4292 1411 4348 vale·
1441 4296 1447 4311 ‘

354 4389 372 4416 “
395 4381 537 4447 dixero.”
582 4382 697 4448 Rediit
718 4403 795 4468 ergo
817 4381 1089 4468 archiepiscopus,
1112 4389 1147 4449 et
1169 4384 1239 4470 regi
1261 4383 1410 4450 Franciaa

354 4484 546 4571 caeterisque
568 4484 833 4551 benefactoribus
863 4486 932 4551 suis
953 4486 1078 4573 gratias
1104 4506 1213 4574 agens,
1236 4508 1311 4553 eum
1333 4508 1410 4574 rege

390 4771 531 4841 ¹dasilivit]
545 4774 670 4838 dissilivit,
681 4774 715 4828 A.
727 4777 758 4828 Β.
878 4775 884 4842 Ι
931 4775 1099 4843 ²rrauarfastu]
1112 4774 1281 4839 manifestata,
1293 4776 1322 4828 C.
