3662 5728
740 898 853 949 ornas
873 899 1066 952 nrsromcs.
1363 884 1429 956 147

776 1133 1021 1203 nom-xli

207 1258 336 1310 Elim
419 1264 622 1324 Theodbaldus
651 1267 867 1325 cantuariensis
883 1268 1135 1341 archiepiscopus,
1160 1257 1265 1323 hotius
1294 1259 1426 1347 Angliae
1455 1282 1578 1329 Auum.

206 1326 252 1376 nb.
263 1325 320 1378 rili.

205 1392 242 1443 fo.
254 1397 312 1444 211.

374 1345 497 1431 primas
531 1360 561 1411 et
591 1356 755 1429 apostolicae
783 1356 859 1412 sedis
884 1346 1024 1428 legatur,l
1053 1347 1235 1414 celebravit
1269 1359 1426 1417 concilium
1438 1345 1569 1443 fflffssfi

373 1448 509 1518 generale
527 1447 559 1502 in
575 1447 673 1504 media
684 1446 912 1520 Quadragesima
923 1448 1001 1521 apud
1019 1448 1210 1519 Londoniam,
1225 1450 1278 1505 uhi
1293 1453 1425 1510 111811-

373 1531 487 1602 phanus
503 1519 649 1586 111111
676 1528 850 1585 Eustochiae
876 1528 955 1586 filius
982 1529 1052 1601 ejus.
1090 1530 1197 1587 Totum
1220 1527 1333 1588 autem
1358 1550 1424 1590 con-

373 1616 476 1677 cilium
493 1617 578 1675 novis
599 1615 635 1676 et
659 1608 831 1675 inusitatis
852 1615 1016 1674 infrenduit
1041 1618 1293 1690 appellationibus.
1329 1621 1430 1679 quat.

373 1702 454 1764 tata
477 1707 555 1764 enim
573 1708 605 1765 iu
615 1705 728 1780 Anglia
745 1705 953 1779 appellationes
971 1711 1054 1761 erant
1075 1720 1180 1785 usque
1199 1721 1265 1786 quo
1279 1709 1425 1766 Henricua
1437 1728 1577 1822 staupum.

373 1794 582 1853 wintoniensis
607 1794 760 1869 epiecopus
782 1785 898 1851 extitit
925 1796 1049 1866 legatus.
1092 1796 1203 1854 Eodem
1229 1816 1305 1855 anno
1329 1782 1539 1882 οοωθεῗζζῶ,

374 1874 554 1941 Gaufridus
568 1882 790 1956 Andegavenais
807 1882 911 1939 mortis
928 1882 1042 1955 legibus
1059 1885 1210 1956 concessit,
1233 1883 1268 1943 et
1290 1882 1360 1945 iam
1385 1878 1426 1943 de

373 1980 534 2047 comitatu
548 1977 754 2065 Andagaviae
769 1998 869 2063 quam
885 1975 926 2043 de
942 1977 1066 2044 ducatu
1088 1978 1304 2048 Narmanniae
1319 1976 1426 2046 filiurn
1439 1998 1576 2097 seneffia

374 2103 470 2147 suum
501 2082 637 2169 reliquit
667 2080 838 2147 dominum
861 2084 896 2146 et
928 2079 1101 2147 haeredem.
1160 2082 1288 2171 Corpus
1313 2089 1425 2151 autem
1438 2051 1515 2104 ΔΜ
1548 2064 1581 2096 ⁰⁵⁶

375 2184 528 2251 Gaufridi
550 2186 587 2249 in
609 2183 744 2250 ecclesia
766 2181 1007 2249 Cenomanensi
1029 2183 1196 2271 sepultum
1218 2193 1277 2253 est

420 2286 515 2354 Obiit
536 2288 599 2355 hoc
620 2285 734 2353 anno²
755 2286 857 2374 Hugo
878 2286 980 2352 abbas
996 2285 1111 2353 Sancti
1125 2288 1308 2377 Augustini
1324 2288 1426 2357 (lant-
1439 2301 1596 2399 {effi-hbet

374 2392 487 2471 uariae,
502 2391 561 2479 qui
582 2412 604 2457 a
625 2388 792 2457 Willelmo
808 2388 1041 2456 Cantuariensi
1062 2389 1306 2480 archiepiscopo
1328 2393 1427 2459 bene-
1439 2366 1551 2499 {prandi

375 2495 554 2561 dictionem
583 2497 762 2581 acceperat,
795 2492 891 2579 eique
924 2491 1046 2558 fecerat
1068 2494 1309 2580 professionem.
1356 2494 1428 2561 Mo·
1464 2467 1496 2501 ω’

375 2597 474 2665 naohi
516 2601 629 2663 autem
662 2594 778 2663 Sancti
814 2594 997 2682 Augustini
1034 2594 1256 2663 ‘obtinuerunt
1292 2618 1314 2663 a
1350 2619 1427 2685 rege

377 2700 554 2788 Stephano,
570 2704 610 2765 ut
631 2699 669 2764 in
683 2697 835 2786 eligendo
857 2697 977 2764 abbate
1000 2719 1059 2763 suo
1081 2700 1272 2767 canonicam
1287 2700 1335 2766 eis
1350 2722 1427 2767 con-

376 2804 506 2871 cederet
526 2803 722 2869 libertatem
769 2802 951 2889 Elegerunt
971 2801 1085 2887 itaque
1109 2801 1307 2869 Silvestrum
1323 2825 1427 2891 quon·
1440 2818 1559 2915 {pm

375 2906 452 2973 dam
486 2906 628 2993 priorem
663 2926 770 2984 suum,
803 2904 862 2991 qui
895 2924 917 2970 a
947 2903 1159 2971 Theodbaldo
1194 2905 1427 2974 Oantuariensi
1439 2920 1537 3015 pigeat

374 3008 618 3096 archiepiscopo
647 3006 841 3094 suppliciter
864 3005 965 3093 petiit
983 3002 1255 3089 benedictionem,
1279 3013 1315 3074 et
1336 3008 1427 3075 debi-
1492 3002 1498 3015 '

375 3117 445 3178 tam
461 3111 585 3199 optulit
605 3107 849 3198 professionem.
896 3108 1027 3174 Annuit
1050 3108 1313 3199 archiepiscopus
1332 3111 1429 3178 electi
1442 3135 1552 3181 stamar

376 3215 602 3302 petitionibus,
624 3214 672 3281 sic
693 3217 805 3279 tamen
819 3216 860 3277 ut
881 3211 919 3276 in
933 3210 1167 3279 Oantuariensi
1189 3213 1325 3281 eeclesia
1340 3187 1575 3302 quodffltitist

376 3319 520 3406 petitum
543 3323 594 3384 est
615 3321 875 3403 consequeretur.
925 3314 1046 3381 Noluit
1067 3317 1169 3383 abbas
1191 3318 1229 3383 in
1252 3287 1599 3440 cmtuasi'iidiiiigha

238 3484 243 3507 ,
282 3432 285 3438 ’
376 3422 448 3487 ensi
471 3420 606 3488 ecclesia
628 3419 783 3506 profiteri,
807 3418 866 3484 sed
888 3439 949 3484 nec
971 3418 1133 3498 benedici,
1156 3421 1215 3486 sed
1244 3421 1326 3487 alibi
1355 3422 1569 3535 ubi-muto

377 3545 517 3611 eumque
547 3522 791 3610 archiepiscopo
825 3520 977 3609 piscaret.
1036 3521 1133 3602 Quod
1166 3545 1242 3589 cum
1277 3530 1430 3591 renueret
1478 3501 1503 3534 m

376 3626 647 3714 archiepiscopus,
670 3624 807 3692 collecta
839 3623 982 3711 pecunia
1005 3622 1167 3689 Silvester
1189 3624 1330 3691 Romam
1352 3648 1428 3714 pro-

378 3730 483 3797 fectus
506 3735 564 3808 est,
587 3727 779 3814 dominique
811 3725 911 3813 Papae
934 3724 1065 3791 litteras
1088 3726 1237 3793 obtinuit
1259 3732 1300 3792 ut
1322 3728 1430 3794 archi·

377 3833 548 3920 episcopus
579 3831 776 3918 praedictum
799 3828 1000 3895 Silvestrum
1022 3828 1062 3908 in
1090 3828 1227 3895 ecclesia
1248 3852 1309 3897 sua
1331 3831 1429 3896 bene-
1442 3859 1564 3905 camp.

377 3935 509 4014 diceret,
525 3933 619 4000 nulla
633 3936 751 3999 exacta
772 3930 981 4019 professione.
1026 3929 1301 4018 Archiepisoopus
1316 3937 1429 3998 autem
1442 3911 1571 4014 iiihii'tii

378 4059 421 4104 ex
443 4038 601 4111 mandato
624 4035 750 4103 domini
782 4034 881 4122 Papae
903 4031 1056 4099 accessit
1071 4033 1130 4099 sed
1162 4033 1290 4100 invitus
1312 4036 1355 4101 ad
1380 4013 1583 4156 eo-‘fiiiiipisidio

379 4141 511 4208 alesiam
534 4140 649 4207 Sancti
680 4136 872 4225 Augustini,
899 4140 939 4201 ut
961 4134 1158 4201 mandatum
1182 4137 1309 4202 domini
1332 4138 1431 4225 Papa
1444 4113 1598 4259 {diffisa

378 4249 604 4333 exequeretur.
673 4243 767 4308 Prior
808 4245 922 4306 autem
960 4238 1143 4305 Walterius
1181 4238 1431 4308 Cantuariensis
1482 4225 1522 4258 ⁰⁸·

411 4503 421 4538 ι
437 4500 593 4553 1111111111
610 4536 633 4550 ..
634 4533 744 4550 .....
766 4495 877 4562 legatus]
926 4494 969 4545 the
980 4493 1116 4562 preceding
1126 4503 1235 4546 account
1242 4496 1322 4548 ofthe
1330 4500 1430 4563 quarrel

323 4642 325 4647 ,
377 4583 489 4638 Written
510 4580 538 4631 in
564 4579 595 4632 0.
616 4591 678 4630 over
706 4591 741 4627 an
769 4589 882 4636 erasure,
926 4573 1433 4642 withTheobald,andhadrepeutetlol

377 4663 461 4715 which
483 4674 563 4713 seems
583 4665 612 4710 to
634 4659 725 4708 denote
752 4655 811 4706 that
837 4654 881 4704 the
925 4652 953 4704 it.

377 4740 529 4796 1111111111
546 4739 599 4791 had
616 4734 882 4805 beguntowriteout
959 4731 1118 4800 11111111]
1134 4734 1228 4789 amc.

1225 4819 1294 4880 12
