3662 5728
767 910 879 961 orsss
902 909 1093 961 meremor.
1380 890 1446 962 187

392 1089 493 1157 lando
523 1093 629 1181 magis
658 1094 833 1162 accendere
857 1101 1014 1161 videretur.
1051 1101 1277 1160 Herelordensis
1302 1098 1359 1159 sibi
1382 1076 1448 1156 enm
1478 1121 1598 1166 mnu

391 1181 482 1246 tradi
509 1190 625 1264 petivit.
663 1192 876 1250 Londoniensie
899 1204 978 1251 vero
1010 1204 1083 1250 eam
1116 1182 1314 1271 concupivit,
1337 1180 1448 1247 dicens
1491 1173 1585 1218 ΟΜ·

393 1305 472 1355 eum
490 1305 560 1351 non
591 1284 709 1352 debere
739 1292 854 1353 contra
887 1308 998 1375 regem
1029 1285 1200 1353 dominum
1222 1307 1319 1352 suum
1341 1304 1447 1351 arma-

224 1393 380 1457 Alen.,e.e.
395 1390 469 1452 tum
500 1386 650 1454 incedere
662 1411 671 1469 3
700 1397 719 1425 ‘⁴
729 1395 762 1455 si
790 1396 927 1466 viderit,”
954 1389 1115 1476 inquiens,
1135 1398 1216 1453 “rex
1242 1400 1274 1453 te
1301 1400 1446 1452 umatum
1479 1385 1579 1484 οηοξοῑ

394 1489 414 1518 “
435 1488 557 1558 intrare,
577 1490 709 1562 gladium
726 1507 812 1547 snum
838 1491 871 1546 in
897 1496 987 1565 caput
1010 1495 1096 1548 tuum
1121 1493 1221 1546 exeret
1238 1488 1400 1555 fortiorem,
1418 1490 1449 1543 et

393 1581 415 1609 ‘⁴
436 1586 508 1637 tnnc
524 1581 641 1641 videbis
659 1582 730 1655 quid
753 1582 810 1639 tibi
834 1583 995 1656 proderunt
1017 1601 1100 1640 armo
1119 1580 1199 1639 tue?
1237 1580 1372 1646 “Hm''
1397 1571 1448 1638 aii

395 1672 628 1743 Cantuariensis,
649 1676 741 1732 “Deo
758 1675 999 1733 committimus.’'
1034 1677 1074 1732 Et
1097 1672 1317 1741 Londoniensle
1337 1674 1357 1702 “
1369 1672 1448 1729 Stul-

225 1765 305 1845 pers.
319 1769 380 1819 sos.
394 1765 415 1793 ⁴⁴
434 1770 485 1822 eus
510 1767 682 1836 hmanas
700 1760 820 1846 inquit,
840 1767 963 1837 “fuisti,
981 1775 1012 1826 es
1036 1768 1074 1825 eb
1091 1767 1147 1823 hec
1164 1764 1293 1823 nultius
1309 1771 1345 1822 us
1361 1764 1447 1822 video

224 1847 262 1883 ¹¹¹·
273 1838 314 1888 ³⁷·
394 1860 416 1887 ‘⁶
434 1877 494 1916 non
509 1861 639 1930 resculis,l
658 1861 746 1919 hodie
764 1863 796 1918 in
813 1867 843 1917 te
861 1866 915 1917 tna
931 1861 1052 1918 fatuitas
1068 1856 1253 1932 apparebit.’'

225 1936 382 2016 numae.
429 1950 564 2009 Audiens
581 1958 681 2010 eutem
698 1971 750 2009 rex
768 1944 856 2032 quod
878 1944 927 2011 sic
945 1936 1165 2012 centuariensis
1185 1941 1448 2028 archiepiscopus

394 2044 528 2096 armatus
550 2032 724 2112 incederet,
752 2041 873 2098 secessit
900 2041 989 2098 citius
1016 2041 1050 2096 in
1075 2052 1239 2098 eameram
1266 2038 1446 2105 ulteriorem,

394 2127 514 2185 sedente
531 2129 605 2186 hao'
622 2148 752 2191 seorsum
770 2129 973 2187 emoniensi
991 2130 1053 2186 solo
1070 2121 1147 2200 fere,
1165 2146 1234 2185 cum
1256 2128 1317 2186 suis
1335 2120 1448 2185 admo·

394 2206 475 2271 dum
493 2218 602 2289 paucis,
622 2218 765 2292 episcopie
782 2218 846 2273 loco
863 2223 895 2274 et
912 2217 1009 2275 animo
1027 2210 1219 2277 sedentibus
1237 2237 1273 2276 ex
1290 2218 1422 2275 adverso.

119 2376 124 2381 ,
226 2312 355 2393 Mam
429 2316 493 2373 Rex
514 2314 628 2377 autem
650 2310 756 2377 multo
778 2310 922 2397 stipatus
944 2312 1075 2398 agmine
1098 2311 1266 2400 cogitabat
1287 2309 1447 2396 archiepi·
1460 2301 1519 2398 ᾖξ’
1544 2301 1618 2406 ξξόῐ

225 2396 243 2432 ¹·
256 2386 297 2433 ²⁵·
393 2427 529 2496 scopum
544 2410 585 2477 de
608 2412 728 2480 clericis
748 2410 835 2477 mele
849 2411 1033 2479 tractandis
1056 2423 1153 2494 primo
1175 2416 1338 2500 appetere.
1389 2418 1447 2477 Sed

392 2535 431 2575 ne
448 2519 589 2593 episcopi,
608 2512 667 2598 qui
683 2513 756 2599 jam
778 2510 878 2579 eum³
900 2512 1006 2579 solum
1021 2512 1232 2601 reliquerant,
1247 2535 1307 2600 pro
1322 2506 1448 2580 clericis

393 2614 574 2698 pugnaturi
604 2614 649 2680 ad
680 2637 756 2681 eum
787 2612 951 2694 redirent,
966 2614 1125 2704 fieretque
1155 2638 1199 2682 ex
1228 2635 1389 2683 consensu
1410 2614 1448 2679 in

392 2734 503 2800 regem
525 2716 697 2784 conflictus
719 2704 833 2795 acrior,
855 2738 899 2784 ex
921 2717 1071 2784 consulto
1093 2718 1276 2785 aulicorum
1298 2716 1382 2784 rex⁴
1403 2716 1448 2782 ed

179 2858 182 2862 -
226 2830 305 2884 seb.
319 2814 475 2884 Bosalias
506 2817 710 2906 calumpnias
732 2841 767 2885 se
789 2819 962 2887 convertit
1007 2828 1127 2887 vocetis
1151 2821 1255 2908 igitur
1288 2818 1447 2907 episcopis
1460 2832 1566 2894 necom-

226 2899 314 2953 iii-³⁷·
394 2923 424 2973 et
440 2920 618 2989 proceribus,
637 2938 758 2993 gravem
783 2925 814 2976 et
840 2919 984 2992 grandem
1011 2938 1063 2977 rex
1084 2921 1204 2996 deponit
1223 2882 1599 3007 quemnam-iiffleii‘

394 2997 473 3068 qnod
489 3000 724 3077 archiepiscopus
741 3002 784 3059 sie
801 2998 949 3058 armatus
971 2993 1008 3058 in
1032 3003 1144 3059 curiam
1167 3014 1313 3072 vemens
1336 3015 1445 3079 lpsum
1458 2985 1608 3080 ffffiffim

393 3080 429 3142 et
451 3098 527 3143 suos
549 3101 662 3147 omnes
686 3087 824 3148 inaudite
846 3108 865 3146 o
887 3091 1003 3147 esculis
1026 3082 1132 3151 forma
1153 3105 1250 3149 naevo
1279 3083 1607 3149 nouveriemtruer·

394 3185 559 3257 proditoris.
598 3181 684 3248 Cum
706 3187 819 3248 autem
841 3204 901 3248 rex
923 3181 1026 3248 inde⁶
1048 3205 1149 3271 supra
1171 3184 1306 3250 modum
1328 3205 1448 3251 excan-

395 3276 549 3359 desceret,
576 3289 611 3349 et
643 3284 792 3350 universi
822 3284 890 3350 fere
921 3284 1025 3371 ipsius
1049 3286 1199 3351 animum
1229 3286 1447 3365 stimularent,

394 3378 550 3450 abienmt
570 3390 749 3452 retrorsum
772 3385 874 3452 etiam
889 3386 994 3472 ipsius
1008 3387 1243 3476 erchiepisoopi
1258 3387 1448 3468 adversarii,

393 3482 462 3549 acsi
487 3484 559 3571 jam
588 3487 626 3552 in
657 3494 758 3575 caput
791 3488 864 3575 ejus
894 3487 1064 3554 vibratum
1101 3490 1254 3556 viderent
1290 3489 1447 3577 gladium.

395 3578 480 3637 Unde
506 3588 537 3639 et
562 3584 596 3639 in
619 3592 685 3643 erto
708 3585 859 3660 pontifices
885 3578 996 3665 positi,
1013 3586 1137 3645 volvunt
1153 3594 1184 3644 et
1200 3587 1357 3644 revolvunt
1376 3586 1448 3659 quid
1487 3658 1488 3663 η

394 3669 552 3740 agendum,
572 3675 698 3747 qualiter
724 3676 788 3732 herc
813 3673 853 3732 sit
878 3674 1037 3732 necessitas
1064 3674 1210 3731 evitanda.
1246 3675 1286 3731 Et
1310 3667 1446 3732 tandem
1459 3679 1591 3729 leserat-

395 3768 438 3813 ex
461 3763 610 3818 communi
633 3763 764 3832 consilio,
793 3755 917 3834 “Nos'’
943 3755 1109 3841 inquiunt,
1142 3763 1245 3821 “eum
1266 3732 1574 3844 appellati-Q&

395 3859 412 3887 “
434 3873 509 3918 mus
531 3875 641 3921 coram
660 3877 756 3945 pape,
771 3855 835 3923 de⁶
848 3856 938 3926 facili
961 3854 1197 3936 convincetur,⁷
1217 3856 1289 3923 sine
1302 3857 1447 3925 remedio
1459 3845 1601 3937 milies

396 3964 413 3993 “
435 3957 644 4044 deponetur.''

227 4077 381 4143 Alm.,e.e.
441 4060 524 4143 Quae
546 4083 622 4131 cum
644 4063 825 4150 plurimum
847 4063 1015 4150 placerent
1038 4063 1117 4149 regi,
1140 4063 1297 4128 continuo
1315 4070 1449 4131 exierunt

397 4176 498 4216 omnes
517 4158 647 4233 episcopi
662 4161 700 4218 ad
718 4161 971 4239 cantuariensem
996 4178 1120 4234 quorum
1144 4179 1220 4216 nnus
1240 4151 1367 4219 eaeteris
1391 4160 1448 4215 elo-

396 4240 540 4321 quentior
562 4246 597 4309 et
618 4242 832 4330 arrogantior,
858 4250 1000 4323 Hylarius
1024 4240 1149 4309 sulieee
1169 4248 1360 4305 Oleastrensis
1379 4241 1447 4326 epi·

395 4349 521 4417 scopus,
539 4357 732 4413 prorumpens
749 4340 781 4396 in
797 4356 908 4407 vocem,

1409 4483 1447 4492 —

431 4570 562 4703 ἑὶἰΰαάῗι]
576 4573 688 4702 mee,
699 4571 745 4705 C.c
978 4569 990 4680 ἰ
1000 4568 1169 4700 Zdegtipemd
1177 4569 1207 4621 C.

427 4653 521 4796 Παλ]
532 4660 597 4795 Ῑειῒι,
608 4730 656 4781 ins.
669 4666 715 4783 g,
747 4687 754 4701 ι
978 4649 1210 4794 lccsirinreiirriet
1224 4727 1271 4791 sic,
1281 4726 1327 4779 ins.
1340 4730 1370 4781 C.

428 4811 510 4880 lm]
525 4827 575 4864 om.
588 4813 619 4864 C.

1459 3934 1605 3988 umbahep.
1702 3930 1707 3943 ‘
