3628 5728
578 909 591 961 Ι
724 865 838 916 ornas
859 866 1052 920 maromon-
1344 855 1408 921 501

361 1050 515 1124 “injuriis
540 1057 712 1132 quandoque
729 1059 872 1126 afflixerit,
892 1064 923 1116 et
946 1060 1056 1132 scripta
1078 1060 1179 1132 aliqua
1205 1079 1224 1116 a
1246 1059 1314 1116 sede
1341 1076 1409 1133 apo·
1438 1070 1495 1117 sm.
1503 1075 1562 1119 1101,

360 1136 380 1161 “
399 1137 503 1194 stolica
532 1140 565 1194 in
593 1141 798 1213 praejudicium
824 1143 902 1214 juris
931 1144 1020 1200 vestri
1049 1144 1122 1200 falsa
1151 1145 1350 1217 suggestione,
1374 1149 1409 1200 ut
1451 1123 1507 1177 Μ
1515 1126 1548 1170 a

362 1220 382 1245 ‘⁸
400 1218 517 1288 dicitur,
531 1222 741 1295 impetraverit,
762 1228 858 1298 qnam¹
875 1227 972 1299 magis
991 1226 1199 1298 tranquillitati
1216 1235 1321 1283 vestre
1339 1226 1409 1284 dare

359 1304 380 1329 ‘⁶
399 1320 517 1375 operam
535 1306 697 1377 decuisset;
717 1312 782 1383 paci
799 1318 906 1368 vestra
923 1318 1045 1383 paterna
1061 1312 1192 1368 volentes
1209 1312 1241 1367 iu
1258 1318 1409 1383 posterum

359 1386 593 1446 “sollicitudine
621 1393 783 1465 providere,
803 1395 901 1450 omnia
928 1413 992 1468 quar
1016 1411 1069 1467 per
1095 1400 1288 1451 memoratum
1313 1395 1408 1451 archi·

358 1468 379 1495 ‘⁴
399 1470 567 1545 episcopum
586 1475 665 1532 circe
679 1495 732 1533 vce
756 1479 788 1535 vi
805 1480 854 1535 vel
871 1484 954 1535 metu
971 1484 1036 1535 acta
1060 1484 1129 1535 sunt
1149 1479 1323 1535 auctoritate
1341 1496 1407 1552 apo·

358 1552 379 1579 “
398 1554 503 1611 stolica
528 1576 700 1618 revocamus
717 1562 749 1617 in
774 1563 903 1629 irritum,
922 1568 953 1618 ct
976 1562 1151 1619 nominatim
1175 1579 1210 1617 ea
1227 1579 1291 1635 qua
1309 1562 1408 1634 legato

359 1638 378 1663 “
398 1636 537 1697 Romana
554 1644 682 1700 ecclesia
695 1652 836 1718 prasente
851 1651 882 1702 et
896 1646 1111 1703 contradicente
1123 1652 1225 1702 contra
1238 1646 1409 1702 mandatum

359 1721 379 1747 ‘⁴
398 1721 476 1779 sedis
500 1728 666 1798 apostolicae
684 1731 762 1786 fecta
786 1731 934 1798 dicuntur,
954 1731 1031 1787 sicut
1056 1731 1088 1786 in
1111 1731 1258 1787 autentico
1276 1731 1407 1803 ejusdem

359 1804 379 1830 “
397 1805 498 1877 legati,
520 1809 541 1865 J
541 1811 663 1869 ohannis
680 1813 817 1871 videlicet
833 1815 985 1886 Anagnini
1009 1815 1156 1887 qnondam
1173 1814 1327 1887 presbiteri
1345 1832 1406 1871 car·

359 1888 378 1914 '‘
395 1887 511 1957 dinalie,
525 1894 562 1948 cb
574 1912 692 1952 causam
703 1904 832 1954 vestram
843 1898 876 1953 in
889 1899 1029 1971 Angliarn
1041 1899 1156 1964 directi,
1175 1899 1357 1962 contimtum
1377 1905 1407 1955 et

359 1971 378 1997 ‘⁴
398 1989 577 2048 quacunque
595 1985 697 2035 contra
716 1982 765 2051 jus
782 1988 913 2038 vestrum
931 1983 978 2038 vel
996 1982 1220 2054 privilegiorum
1244 1985 1406 2037 veetmmm

359 2055 378 2082 ‘⁴
397 2062 526 2113 tenorem
543 2060 621 2117 idem
648 2064 878 2137 archiepiscopus
898 2066 1075 2138 impetravit,
1097 2066 1209 2121 viribus
1239 2082 1338 2120 carere
1356 2064 1405 2120 dc·

358 2140 377 2166 “
395 2140 551 2210 crevimus,
576 2149 736 2203 statuentes
762 2152 797 2203 nt
824 2149 923 2205 nullus
949 2167 1078 2221 unquam
1104 2149 1256 2205 hominum
1281 2166 1316 2203 ea
1340 2166 1405 2220 quac

358 2224 378 2249 “
397 2225 473 2280 male
491 2228 585 2299 gessit
601 2230 718 2287 trahere
735 2232 840 2288 audeat
865 2233 897 2288 in
916 2233 1161 2305 consequentiam,
1180 2250 1274 2304 neque
1292 2233 1406 2306 possint

359 2307 379 2334 ‘⁶
397 2325 442 2374 ea,
462 2328 527 2383 qnae
553 2315 643 2372 tacita
666 2317 790 2373 veritate
817 2335 836 2372 a
860 2318 929 2373 sede
955 2317 1113 2390 apostolica
1141 2316 1319 2388 impetravit,
1345 2317 1406 2388 juri

357 2392 378 2418 “
395 2400 491 2450 vestro
517 2404 568 2454 aut
593 2400 758 2472 privilegiis
782 2401 843 2456 ullo
861 2419 991 2473 unquam
1008 2407 1139 2472 tempore
1156 2401 1198 2455 in‘
1215 2401 1314 2472 aliquo
1331 2417 1405 2472 praa·

357 2476 376 2501 ‘⁸
392 2476 539 2546 judicium
557 2499 703 2553 generare.
740 2483 825 2538 Nulli
837 2501 906 2556 ergo
918 2484 1038 2539 omnino
1055 2484 1207 2540 hominum
1226 2483 1314 2540 liceat
1329 2484 1406 2539 hanc

357 2562 376 2589 ‘⁴
396 2567 501 2618 nostrae
522 2566 737 2623 constitutionis
762 2568 901 2639 paginam
924 2568 1087 2640 infringere
1104 2568 1152 2624 vel
1180 2567 1208 2622 ei
1226 2584 1298 2623 ausu
1316 2575 1405 2624 teme·

357 2647 377 2672 “
396 2647 472 2703 nario
483 2650 636 2706 contraire.
674 2650 707 2708 Si
725 2651 791 2723 quis
802 2656 902 2708 autem
916 2652 972 2708 hoc
987 2657 1161 2725 attemptare
1175 2654 1405 2724 presumpserit,

357 2732 376 2757 '¹
395 2730 627 2803 indignationem
654 2735 860 2807 omnipotentis
878 2736 933 2791 Dei
951 2742 981 2792 et
1003 2737 1156 2792 beatorum
1175 2735 1257 2791 Petri
1275 2744 1305 2792 et
1321 2736 1407 2792 Pauli

355 2817 374 2843 “
393 2817 590 2888 apostolorum
602 2818 674 2891 Ejus
690 2836 721 2874 se
733 2820 848 2875 noverit
866 2818 1057 2876 incursurum.
1094 2819 1202 2875 Datum
1214 2818 1315 2876 Romae
1329 2819 1407 2892 apud

356 2902 376 2929 “
395 2900 534 2957 Sanctum
552 2902 673 2958 Petrum
690 2905 731 2959 v¹⁰
747 2903 886 2959 kalendas
905 2903 1017 2959 Junii.”

398 2998 615 3064 Autenticum
640 3020 717 3065 vero
755 3000 918 3066 Johannis
958 3000 1136 3089 Anagnini,
1161 3001 1215 3068 cui
1253 3001 1405 3068 dominns

354 3123 441 3188 papa
462 3100 647 3167 Celestinus
671 3101 808 3167 adhibet
830 3102 1084 3182 firmamentum,
1100 3103 1167 3170 tale
1190 3108 1299 3170 est:-

391 3216 410 3241 “
424 3213 445 3269 J
445 3213 584 3270 chennes⁸
595 3213 780 3285 Anagninos,
794 3214 850 3269 Dei
868 3216 965 3286 gratia
983 3216 1069 3271 titulo
1088 3215 1189 3273 Sancti
1207 3216 1312 3272 Marni‘
1323 3234 1405 3288 pres·
1416 3223 1563 3269 Dalmatica

355 3299 374 3325 “
391 3296 477 3367 byter
494 3297 658 3362 cardinalis,
684 3298 851 3368 apostolicae
869 3298 946 3354 sedis
970 3298 1096 3371 legatus,
1116 3299 1251 3355 omnibus
1269 3299 1307 3354 ad
1331 3316 1403 3371 qnos
1415 3274 1572 3370 {mm

356 3382 375 3407 ‘⁶
393 3381 501 3435 littera
519 3386 677 3452 praesentes
701 3382 896 3453 pervenerint,
917 3389 1056 3437 aternam
1077 3383 1109 3438 in
1127 3383 1252 3438 Domino
1270 3383 1403 3439 salumin.
1414 3375 1571 3471 mg&

354 3463 373 3490 ‘¹
392 3464 585 3519 Universitati
602 3470 707 3519 vestra
724 3471 826 3520 notum
843 3465 975 3531 facimus,
996 3464 1082 3536 quod,
1100 3466 1177 3522 sieut
1200 3484 1289 3540 prope
1316 3465 1404 3538 positi
1415 3476 1554 3520 nsuetheir

354 3547 374 3572 “
393 3546 558 3602 audirimus
582 3552 611 3601 et
635 3552 737 3619 postea
760 3555 918 3620 praesentes
943 3548 1021 3620 apnd
1051 3548 1238 3604 cantuariam
1264 3549 1401 3614 vidimus,
1414 3527 1565 3630 κᾶξω

353 3630 373 3656 “
392 3631 528 3687 monachi
542 3631 670 3687 ecclesia
683 3631 793 3688 Christi
808 3632 841 3686 in
854 3650 925 3705 pace
939 3650 1026 3703 quam
1038 3650 1106 3687 cum
1121 3633 1337 3707 archiepiscopo
1350 3650 1403 3689 suo

353 3714 374 3741 “
392 3715 532 3780 fecerunt,
551 3716 612 3770 vim
631 3717 710 3789 passi
727 3724 805 3780 snut,
824 3722 855 3772 et
871 3720 952 3771 metu
969 3715 1060 3788 regio,
1079 3716 1130 3787 qui
1150 3716 1251 3772 eodem
1273 3722 1404 3789 tempore

354 3798 580 3855 “cantuariam
610 3799 739 3856 venerat‘
765 3818 832 3857 cum
863 3800 1005 3872 episcopis
1031 3799 1101 3865 suis,
1131 3800 1230 3856 omnia
1259 3800 1403 3873 compulsi

353 3884 373 3909 ‘⁶
391 3889 460 3938 sunt
476 3884 625 3940 sumere.
662 3883 746 3940 Haec⁶
758 3891 855 3940 antem
867 3883 933 3939 ideo
950 3884 1059 3957 scripto
1076 3885 1214 3941 mandare
1226 3885 1402 3951 amavimus,

353 3969 370 3994 “
391 3973 425 4022 ut
442 3967 486 4023 rei
504 3966 610 4024 veritas
628 3967 762 4024 omnibus
775 3968 946 4035 innotescat,
959 3986 1013 4024 nec
1024 3968 1117 4040 possit
1134 3968 1213 4040 quod
1230 3969 1272 4025 sic
1291 3969 1402 4024 fectum

354 4054 373 4080 ‘¹
392 4058 439 4108 est
468 4070 570 4108 eorum
598 4052 721 4125 justitia
751 4052 955 4124 praejudicinm
985 4070 1131 4124 generare.
1169 4052 1252 4123 Quod
1281 4053 1306 4107 si
1338 4053 1403 4125 jam

353 4137 373 4165 “
392 4136 490 4192 dictus
516 4136 750 4208 archiepiscopus
774 4136 823 4191 vel
849 4135 955 4208 aliquis
977 4137 1040 4209 ejus
1064 4154 1210 4192 successor
1227 4135 1402 4209 scripturam

353 4221 373 4249 ‘¹
392 4237 480 4293 snper
508 4221 604 4275 forma
631 4219 712 4293 pacis
741 4220 830 4293 hujus
859 4219 1032 4292 quandoque
1061 4221 1227 4291 protulerit,
1263 4221 1403 4277 noveritis

353 4306 373 4334 ‘⁴
392 4303 486 4375 ipsam
512 4303 650 4359 fratribus
666 4303 729 4374 jam
747 4303 832 4359 diotae
851 4304 981 4359 ecclesias
999 4320 1054 4358 nec
1078 4303 1324 4360 consentientibus
1348 4322 1404 4361 nec

353 4388 373 4415 ⁸⁴
393 4385 562 4443 scientibus⁷
587 4388 748 4443 confectam
777 4388 878 4453 fuisso,
898 4387 1037 4459 nobisque
1061 4388 1223 4458 petentibus
1247 4405 1306 4443 non
1324 4389 1403 4445 exhi·

386 4569 395 4602 ¹
408 4570 491 4636 φιιηι]
507 4571 583 4634 quod,
595 4570 628 4619 A.
640 4570 670 4620 B.
931 4571 941 4602 ⁴
953 4569 1057 4636 Mares]
1071 4569 1187 4629 Martini,
1197 4572 1232 4621 Δ.
1243 4571 1274 4620 Β.

386 4648 444 4714 ἰἠ]
460 4663 510 4699 cm.
522 4650 557 4699 A.
567 4650 598 4699 B.
931 4649 942 4682 ⁸
955 4649 1071 4715 venerat]
1086 4656 1214 4710 venerant,
1225 4650 1260 4699 Δ.
1273 4649 1303 4699 Β.

387 4727 398 4760 ³
409 4727 433 4777 J
433 4727 554 4795 chasnen]
576 4728 629 4780 Not
639 4729 665 4780 in
678 4730 721 4782 the
733 4727 853 4796 Epistola
931 4727 1032 4795 ⁶Har]
1048 4730 1115 4790 lloc,
1127 4730 1155 4779 C.

352 4806 560 4862 cmnsnenm
932 4806 1000 4860 laec
1010 4806 1157 4876 tantitas]
1171 4824 1222 4862 cm.
1235 4809 1270 4863 A.
1282 4810 1314 4861 B.
