3572 5744
370 898 435 960 108
580 912 742 963 nuuvisn
765 912 1224 963 1011111011110111111111

111 1156 120 1172 „
202 1090 341 1185 ofnlgffi
373 1098 556 1161 “(111001101,
576 1097 776 1163 subdiaconos,
797 1102 942 1164 uxoratos,
966 1098 1195 1167 concubinarios,
1219 1099 1425 1157 ecclesiasticis

203 1193 244 1239 the
252 1191 349 1238 oouucil
372 1185 391 1209 ‘⁶
410 1182 558 1237 benefieiis
571 1187 602 1237 01
614 1181 715 1237 officiis
728 1180 892 1252 privamusz
912 1198 945 1238 ac
957 1198 995 1237 ne
1007 1182 1072 1255 quis
1090 1200 1190 1239 acrum
1202 1183 1305 1240 missas
1324 1185 1426 1240 audire

372 1268 392 1294 “
409 1272 575 1338 prasumat,
589 1264 750 1337 apostolica
767 1265 940 1321 auctoritate
958 1265 1155 1337 prohibemus.

204 1357 300 1451 mli
408 1364 427 1388 “
440 1361 529 1418 VIII.
548 1360 710 1418 Venatores
723 1361 842 1416 clericos
860 1361 1095 1432 ettnrpialncra
1106 1363 1426 1435 sectantasacpnblica

202 1455 360 1510 hnntngmd
371 1448 391 1473 “
408 1444 584 1501 secularium
603 1443 724 1514 negotia
744 1447 940 1515 procurantes,
960 1445 997 1499 ab
1013 1443 1106 1500 officio
1126 1451 1156 1500 et
1175 1444 1316 1501 beneficio
1334 1446 1425 1502 eccle·

201 1507 302 1558 ΜΨ·
372 1530 390 1556 “
410 1528 527 1583 11111100
544 1527 750 1583 nichilominus
767 1526 955 1582 removendos
972 1544 1035 1583 esse
1050 1545 1210 1583 censemus.

407 1625 427 1650 “
441 1624 496 1678 IX.
516 1623 549 1679 Si
561 1623 626 1694 quis
638 1621 776 1678 clericum
787 1621 836 1678 vel
851 1622 1027 1678 monachum
1039 1622 1087 1678 vel
1104 1624 1357 1680 sanctimonialem
1372 1640 1425 1680 seu

372 1709 390 1735 “
410 1705 572 1779 quamlibet
590 1704 818 1761 ecclesiasticam
837 1721 992 1775 personam
1015 1705 1165 1772 occiderit,
1192 1705 1423 1773 incarceraverit,

373 1792 392 1818 “
411 1790 459 1847 vel
479 1788 632 1861 nephar-ias
651 1788 693 1842 eis
711 1805 817 1843 manus
833 1787 977 1853 intulerit,
992 1787 1049 1843 nisi
1067 1789 1154 1844 tertio
1166 1789 1331 1845 admonitus
1343 1789 1426 1844 satis·

372 1875 391 1900 “
410 1872 522 1937 fecerit,
543 1871 729 1926 anathemate
750 1870 881 1934 feriatur,
902 1887 996 1941 neque
1018 1870 1173 1942 qnisquam
1193 1872 1221 1927 ei
1240 1878 1349 1942 praeter
1368 1872 1425 1927 Ro·

373 1958 390 1982 “
411 1972 532 2011 manum
558 1953 736 2026 pontificem,
761 1952 820 2008 nisi
850 1952 954 2008 mortis
983 1957 1108 2024 urgente
1138 1954 1276 2025 periculo,
1307 1952 1426 2010 modum

372 2040 391 2065 “
411 2037 593 2110 poenitentiae
612 2036 709 2091 finalis
729 2035 875 2107 injungat.
926 2033 958 2089 si
980 2034 1156 2107 inpoenitens
1174 2040 1307 2092 mortuus
1326 2036 1425 2103 fuerit,

372 2123 392 2148 “
411 2138 515 2193 corpus
533 2119 597 2190 ejus
610 2118 802 2175 'inhumatum
819 2123 946 2173 maneat.

407 2219 427 2245 “
440 2216 478 2271 X.
499 2216 531 2271 si
550 2215 616 2287 quis
637 2232 683 2270 res
705 2212 894 2270 ecclesiarum
912 2213 1036 2269 mobiles
1054 2214 1101 2269 vel
1114 2212 1270 2270 inmobiles
1282 2213 1427 2269 violenter

373 2303 392 2328 ‘¹
411 2316 552 2371 usurpare
563 2296 791 2372 presumpserit,
805 2297 862 2352 nisi
871 2313 924 2368 per
936 2296 1105 2353 canonicam
1118 2295 1317 2354 vocationem¹
1330 2313 1427 2353 emen·

314 2402 321 2414 ·
372 2385 391 2410 ‘⁸
411 2382 535 2450 daverit,
548 2399 616 2438 eum
634 2380 880 2438 excommunicari
897 2378 1095 2454 praecipimus.

408 2480 427 2506 “
440 2478 496 2533 XI.
513 2476 684 2550 Apostoliea
701 2476 873 2532 auctoritato
890 2475 1089 2548 prohibemus,
1101 2493 1138 2532 ne
1151 2476 1216 2548 quis
1233 2477 1341 2549 absque
1353 2493 1427 2548 proe·

372 2563 392 2590 ‘⁴
411 2565 497 2634 cepto
514 2560 642 2632 episcopi
659 2559 706 2617 sui
723 2559 755 2614 in
772 2559 951 2631 possessione
981 2559 1099 2631 propria
1116 2560 1269 2616 ecclesiam
1287 2559 1335 2616 vel
1364 2574 1427 2615 ora·

373 2647 392 2673 “
413 2645 524 2702 terium
542 2649 701 2700 construat.

409 2745 429 2772 ‘⁴
441 2743 515 2799 XII.
534 2742 592 2798 His
616 2741 818 2813 subjunximus
841 2740 979 2796 Nicholai
1002 2754 1085 2813 papas
1115 2739 1267 2795 dsuetum
1291 2738 1538 2804 dicentis,1,1)00,

374 2831 392 2857 ‘¹
414 2827 509 2885 ‘Cum
526 2826 645 2883 discreti
663 2826 722 2881 sint
740 2825 849 2881 milites
868 2823 978 2881 Christi
989 2843 1008 2881 1
1018 2824 1164 2880 militibus
1175 2824 1276 2891 seculi,
1289 2842 1349 2880 non
1361 2840 1428 2881 con·
1441 2817 1499 2868 diflt·
1511 2823 1552 2869 ⁶⁰·

373 2913 393 2940 “
414 2909 516 2966 ‘veuit
527 2908 654 2965 militem
666 2907 775 2964 Christi
787 2907 885 2963 seculo
897 2906 1034 2971 militare,
1044 2923 1097 2979 per
1109 2923 1198 2978 qnam
1209 2905 1246 2962 ad
1259 2906 1429 2963 effusionem
1441 2899 1463 2934 ⁰·
1476 2888 1500 2934 ⁵·

374 2997 393 3022 ‘⁶
415 2993 584 3065 ‘sanguinis
607 3009 726 3047 neeesse
750 2991 788 3046 sit
809 2990 970 3063 parvenire.
1007 2991 1141 3063 Denique
1166 2991 1241 3046 siunt
1264 2998 1351 3062 turpe
1375 2996 1428 3047 aut

373 3079 393 3105 “
414 3075 629 3149 ‘perniciosum
648 3080 702 3139 est,
716 3074 825 3129 laicum
845 3073 948 3129 missas
964 3073 1069 3138 iacere,
1088 3077 1271 3129 sacramenta
1289 3072 1426 3144 (lorporis

373 3162 393 3188 “
414 3162 461 3215 ‘et
474 3156 633 3229 Sanguinis
646 3155 757 3212 Christi
769 3156 926 3211 conficere:
954 3155 997 3211 ita
1007 3155 1165 3211 ridiculum
1178 3162 1208 3211 et
1221 3154 1427 3212 inconveniens

373 3246 392 3271 “
413 3247 474 3298 ‘est
498 3241 637 3296 clericum
661 3257 743 3295 arma
766 3239 929 3304 sustollere,
952 3245 984 3294 et
1006 3238 1044 3294 ad
1066 3238 1145 3295 bella
1167 3239 1335 3312 procedere,
1360 3256 1428 3295 cnm

373 3328 393 3353 ‘¹
412 3324 539 3381 ‘Paulus
551 3322 689 3395 egregius
702 3321 877 3394 predicator
888 3321 976 3385 dicat,
996 3321 1106 3378 ‘Nemo
1120 3322 1250 3380 militans
1259 3323 1321 3379 Deo
1331 3322 1429 3394 impli-
1441 3333 1520 3395 111111
1529 3333 1591 3380 illa

375 3410 394 3436 “
415 3411 484 3464 ‘cat
502 3424 533 3463 se
552 3406 732 3463 secularibus
750 3404 896 3477 negotiis?

410 3507 429 3533 “
441 3504 532 3561 XIII.
557 3501 710 3559 Adicimus
733 3502 884 3559 decretum
897 3502 1062 3559 Innocentii
1086 3519 1170 3575 papas
1193 3503 1327 3569 dicentis,
1343 3506 1350 3531 ‘
1364 3503 1425 3560 Mo·
1442 3511 1478 3562 11.
1489 3512 1565 3563 Decr.

417 3588 520 3646 ‘nuchi
544 3586 596 3643 diu
626 3587 657 3642 in
681 3585 868 3642 monasteriis
891 3586 1007 3650 morati,
1031 3586 1057 3642 si
1086 3593 1187 3659 postea
1209 3587 1248 3644 ad
1277 3588 1430 3645 clericatus
1442 3593 1513 3630 ⁰²⁰⁸·
1527 3583 1566 3629 ¹⁶·

375 3675 394 3702 ‘⁴
415 3673 574 3729 ‘honorem
585 3669 780 3743 pervenerint,
795 3687 853 3725 non
866 3668 973 3725 debent
985 3669 1170 3742 aliquatenus
1182 3670 1273 3743 priori
1284 3671 1431 3744 proposito
1442 3660 1486 3710 ‘¹¹¹‘
1500 3649 1522 3695 ¹·
1534 3648 1588 3698 θ’θ’

375 3760 393 3784 “
415 3756 560 3820 ‘deviare
574 3754 626 3810 sed
645 3753 721 3810 110111
742 3753 773 3807 in
789 3752 974 3809 monasteriis
986 3752 1073 3824 positi
1092 3753 1223 3819 luerunt,
1236 3754 1279 3810 ita
1296 3756 1329 3810 in
1346 3755 1430 3812 cleri·

375 3842 394 3867 ‘¹
415 3842 516 3897 ‘catus
541 3837 643 3894 ordine
667 3837 774 3908 degere
798 3835 914 3899 debent,
940 3840 971 3891 et
1000 3834 1078 3908 qnod
1101 3834 1153 3892 diu
1176 3840 1376 3903 servaverunt,
1399 3838 1432 3893 in

372 3926 393 3952 ¹‘
415 3923 532 3980 ‘altiori
548 3921 643 3994 gradu
660 3919 759 3992 positi,
778 3920 913 3977 amittere
930 3937 990 3976 non
1007 3919 1133 3977 debent!

410 4023 428 4048 “
442 4019 527 4077 XIV.
545 4017 739 4075 Prohibsmus
770 4016 859 4073 etiam
889 4016 1062 4072 anctoritate
1090 4016 1248 4089 apostolica
1276 4018 1430 4074 sanctimo-

412 4105 506 4160 niales
524 4101 616 4157 variis
634 4117 686 4155 seu
709 4100 817 4171 grisiis,
840 4098 988 4166 sabelinis,
1007 4100 1183 4167 marterinis,
1204 4100 1350 4157 beverinis
1370 4102 1430 4174 pel·

375 4191 393 4216 ‘⁶
411 4188 498 4253 libus,
512 4184 679 4251 hereminis,
693 4184 789 4240 anulis
807 4182 903 4239 aureis
919 4184 983 4250 uti3
1003 4183 1087 4256 cujus
1104 4182 1216 4240 decreti
1234 4202 1299 4255 quae
1311 4186 1431 4242 inventa

374 4275 392 4299 ‘⁴
413 4270 502 4328 fuerit
518 4267 655 4325 violatrix
672 4266 853 4322 anathemati
871 4266 1027 4339 subjaceat.

410 4370 429 4395 ‘⁴
442 4366 509 4424 XV.
528 4365 573 4421 De
597 4361 734 4421 omnibus
752 4361 892 4436 primitiis
912 4356 1007 4420 rectas
1029 4363 1157 4420 decimas
1180 4363 1249 4420 dare
1273 4365 1431 4436 apostoliea

412 4450 586 4508 anctoritate
598 4444 791 4520 praecipimus,
805 4464 877 4519 quas
885 4447 937 4518 qui
945 4446 1067 4504 reddare
1078 4447 1224 4503 noluerint
1236 4448 1431 4505 anathematis

375 4537 393 4563 “
412 4536 445 4590 in
463 4551 513 4590 eos
532 4530 678 4589 sententia
695 4530 870 4601 proferatur.

604 4797 609 4806 .
686 4755 693 4788 ¹
707 4758 870 4825 emotionem]
885 4758 1068 4822 evocationem,
1080 4761 1111 4812 (3.
