3666 5724
428 909 494 983 390
636 930 798 982 oasvssn
820 927 980 982 uousom
1003 930 1275 984 oeurunnrsusrs

273 1133 411 1228 1111111.

260 1243 354 1297 change
362 1247 386 1289 01

260 1295 419 1389 111111Ιῐκιθῐ

260 1407 326 1448 pope.

258 2565 359 2659 phddreas
367 2567 390 2610 01

286 2630 300 2659 0
308 2617 390 2660 11101110

257 2666 402 2721 uuekus.

431 1120 525 1186 obitu
558 1120 697 1199 Urbani,
730 1144 827 1208 quem
859 1123 965 1189 solum
1001 1144 1060 1208 pro
1099 1145 1198 1189 causa
1232 1123 1482 1191 Centueriensis

431 1223 575 1289 ecclesiae
598 1223 666 1287 suis
689 1224 858 1289 desideriis
880 1224 1110 1290 adversantem
1142 1225 1309 1291 videbant.
1357 1226 1398 1290 In
1420 1226 1482 1291 hoe

431 1324 532 1391 etiem
555 1347 667 1389 eorum
690 1326 810 1391 laetitia
839 1333 937 1393 euota
959 1333 1017 1404 est,
1049 1328 1136 1413 quod
1159 1328 1263 1394 totius
1293 1329 1482 1415 iniquitatis

430 1427 541 1493 fautor
562 1427 720 1493 Aibertus
743 1428 945 1494 substitutus
968 1433 1025 1494 est.
1073 1429 1137 1494 His
1169 1430 1273 1517 igitur
1303 1431 1344 1495 de
1374 1430 1481 1497 causis

429 1531 547 1606 omnia,
564 1552 638 1615 quae
660 1529 907 1595 cantuariensis
923 1531 1066 1596 ecclesiae
1088 1553 1219 1597 reusam
1236 1532 1480 1619 contingebant,

428 1632 465 1696 in
487 1632 690 1698 contrarium
725 1637 929 1697 commutate
962 1637 1048 1697 sunt.
1096 1633 1218 1698 Misere
1250 1656 1360 1699 rerum
1394 1656 1481 1700 com-

429 1734 594 1799 mutatio!
616 1734 709 1819 lepus
732 1733 820 1799 enim
843 1733 880 1797 in
902 1733 1039 1811 leonem,
1054 1733 1127 1799 ovis
1149 1735 1185 1798 in
1207 1735 1332 1821 lupum,
1348 1757 1422 1800 mus
1444 1736 1480 1798 in

428 1836 627 1921 murilegum
665 1840 887 1900 commutatus
917 1840 974 1900 est
1031 1835 1118 1901 Nam
1153 1836 1415 1922 archiepiscopus
1447 1844 1481 1902 et

429 1938 480 2003 sui
504 1937 634 2002 stimuli
656 1937 755 2002 solito
778 1935 951 2001 ferociores
973 1936 1081 2003 effecti
1098 1938 1352 2004 Cantuarieuses
1367 1959 1479 2004 mona-

428 2039 513 2115 chos,
537 2038 658 2123 quibus
680 2037 779 2124 paulo
802 2042 880 2102 ante
895 2036 1040 2103 blandiri
1062 2038 1271 2116 videbuntur,
1286 2040 1347 2103 vix
1369 2039 1481 2125 eliqua

427 2140 636 2227 responsione
659 2140 713 2205 vel
735 2140 864 2206 modice
886 2140 1002 2227 dignos
1020 2141 1225 2225 judicabunt.
1272 2142 1345 2208 Rex
1368 2148 1480 2208 autem

428 2242 582 2329 prsefetos
604 2240 780 2307 monachos
800 2246 918 2327 sponte
940 2241 993 2307 vel
1024 2242 1152 2308 invitus
1181 2243 1370 2321 edmittens,
1393 2265 1432 2309 ac
1451 2244 1478 2308 si

428 2349 507 2409 ente
529 2343 736 2429 cognovisset
758 2342 806 2407 nil
829 2343 962 2428 penitus
996 2330 1037 2409 de
1060 2366 1167 2424 eausa,
1191 2344 1272 2430 quid
1295 2350 1480 2430 quaererent

429 2445 544 2511 durius
578 2444 676 2511 solito
714 2445 941 2532 interrogarit.
1004 2445 1068 2511 Oui
1102 2446 1271 2512 monachi:
1311 2447 1479 2523 “Nostis’'

427 2548 594 2633 inquiunt,
628 2547 857 2612 “serenissime
890 2547 1029 2624 domiue,
1053 2548 1140 2632 quod
1171 2548 1327 2614 maneriis
1349 2555 1384 2614 et
1405 2549 1478 2614 red·

428 2649 596 2715 “ditibus
626 2649 747 2714 nostris
779 2649 903 2734 injuste
926 2653 961 2714 et
993 2649 1117 2734 absque
1149 2650 1264 2716 ordine
1294 2650 1473 2736 judiciario

428 2759 445 2786 “
467 2750 602 2837 spoliati
624 2771 747 2828 sumus,
770 2750 860 2815 unde
882 2755 1027 2816 vestram
1050 2752 1243 2838 suppliciter
1272 2752 1479 2838 exposcimus

427 2861 444 2890 “
466 2852 721 2919 restitutionem.
767 2850 844 2917 Jem
877 2852 965 2917 enim
989 2851 1237 2919 Centueriensis
1271 2854 1406 2920 ecclesie
1434 2854 1477 2919 ed

427 2963 444 2990 “
467 2959 599 3019 tentum
620 2953 828 3038 paupertatis
849 2953 1025 3019 articulum
1044 2954 1204 3040 perducta
1221 2959 1279 3032 est,
1306 2959 1346 3019 ut
1368 2955 1478 3020 defici-

427 3064 444 3091 “
467 3062 544 3121 ente
567 3075 713 3140 expense
744 3054 947 3119 cotidianum
979 3077 1097 3141 panem
1126 3060 1263 3143 cogetur
1284 3056 1477 3122 mendicare.

427 3166 444 3192 “
468 3156 625 3222 Rusticus
659 3177 784 3242 pauper
807 3156 964 3240 quislibet
995 3179 1054 3243 pro
1072 3156 1188 3244 jugere
1210 3158 1339 3244 perdito
1361 3180 1383 3223 a
1403 3179 1476 3223 ves·

427 3266 445 3293 “
467 3263 521 3323 tra
543 3256 719 3322 clementie
741 3256 870 3322 litteras
893 3258 1041 3343 optinere
1063 3259 1236 3324 consuevit
1257 3258 1476 3338 rectitudinis,

428 3368 445 3395 “
468 3366 503 3424 et
524 3381 585 3425 nos
607 3358 720 3424 miseri
743 3364 794 3425 tot
815 3381 934 3437 rerum,
958 3365 1010 3425 tot
1025 3360 1224 3439 reddituum,
1247 3365 1299 3426 tot
1321 3360 1476 3427 villumm

426 3471 443 3497 “
467 3461 629 3527 violenter
650 3459 844 3537 ablatarum,
869 3461 1014 3526 debitam
1037 3468 1071 3528 et
1090 3463 1215 3548 justam
1239 3463 1388 3549 optinere
1410 3484 1476 3528 non

426 3572 443 3598 ‘⁸
465 3584 639 3649 possumus
661 3561 914 3627 restitutionem.
952 3562 1012 3628 Vae
1027 3563 1143 3628 nobis!
1177 3563 1255 3628 Non
1275 3563 1375 3651 longa
1388 3567 1476 3629 retro

424 3675 441 3700 “
465 3671 651 3751 temporum
675 3663 783 3740 series,
806 3684 873 3728 non
896 3664 1055 3729 diuturne
1070 3665 1237 3751 possessio,
1260 3687 1328 3730 non
1350 3666 1475 3752 pede-

425 3776 441 3803 “
464 3787 627 3832 caseorum
658 3770 842 3830 vestrorum
885 3787 1000 3853 regum
1033 3772 1142 3845 oertae,
1177 3768 1234 3832 sed
1267 3788 1328 3832 nce
1365 3772 1476 3832 vestre

424 3878 441 3905 “
464 3866 681 3946 confirmatio,
705 3866 834 3933 miserae
857 3872 892 3932 et
925 3867 1080 3934 desoletae
1104 3868 1354 3936 Cantuariensis
1376 3869 1475 3935 cccle-

423 3979 441 4006 “
464 3969 522 4036 siae
552 3968 632 4054 jura
662 3972 844 4054 potuerunt
877 3969 1095 4037 0000011010.η
1152 3969 1282 4050 Quibus
1319 3992 1378 4034 rex
1416 3969 1474 4047 ait,

327 4105 373 4148 ru.
423 4082 441 4108 “
465 4071 555 4153 Quid
577 4076 628 4136 est
661 4069 723 4136 hoc
754 4071 843 4155 quod
876 4071 1012 4138 (11011101
1057 4072 1177 4139 Nonne
1211 4071 1473 4158 archiepiscopus

423 4178 572 4240 “vester
605 4172 717 4238 omnia
748 4173 843 4238 vobis
865 4173 1012 4238 restituit
1034 4175 1123 4261 apud
1145 4175 1297 4240 Aicneun
1330 4172 1367 4238 in
1389 4194 1472 4260 prae·

463 4275 571 4341 sentis
593 4297 667 4339 mee
689 4279 723 4339 ct
737 4274 897 4363 baronum
914 4296 1069 4353 meorum,
1093 4297 1167 4341 eum
1183 4275 1278 4341 robis
1293 4274 1473 4353 sacristam,

422 4377 675 4445 “camerarium
700 4381 735 4441 et
764 4376 957 4442 celerarium
991 4377 1161 4443 instituit?
1207 4377 1286 4443 Non
1317 4376 1383 4441 elia
1414 4398 1473 4463 per

420 4479 631 4546 “merobis
660 4478 720 4543 fiet
751 4478 927 4555 restitutio,
949 4499 1010 4545 nec
1032 4479 1107 4544 volo
1138 4484 1178 4543 ut
1203 4479 1282 4564 jura
1312 4476 1472 4563 archiepi-

419 4592 438 4619 “
460 4583 549 4669 scopi
593 4581 658 4646 sibi
701 4580 896 4647 minuantur
940 4580 977 4644 in
1017 4580 1136 4667 aliquo.
1193 4579 1362 4666 Capellam
1393 4600 1472 4644 vero

419 4696 436 4720 “
461 4685 577 4750 Sencti
600 4684 736 4749 Thomee
759 4705 818 4769 pro
841 4705 907 4768 qua
930 4688 1062 4747 tentum
1085 4682 1242 4749 laboretis
1265 4686 1299 4746 et
1321 4680 1471 4769 litigatis,

418 4799 434 4824 “
458 4811 533 4855 cum
556 4787 721 4854 canonicis
744 4793 779 4852 et
808 4785 955 4854 aedificiis
977 4784 1021 4850 ed
1052 4807 1125 4850 eam
1157 4783 1410 4871 pertinentibus,
1434 4785 1470 4849 in

417 4904 434 4929 ·‘
458 4914 559 4959 manu
589 4913 664 4957 mee
686 4890 818 4978 accipie,
849 4910 910 4955 nec
943 4887 1018 4954 volo
1052 4893 1091 4953 ut
1122 4888 1168 4953 ibi
1203 4886 1324 4973 aliquis
1346 4892 1469 4972 prester
