3666 5724
461 902 525 966 106
660 916 822 965 osavssu
844 910 1004 965 uorscnr
1026 914 1301 967 cssrusarnssrs

309 1110 432 1156 all-11⁸⁸·
461 1101 633 1186 penuriam
656 1102 852 1169 victualium
875 1125 896 1168 a
917 1103 975 1168 via
996 1103 1148 1169 veritatis
1170 1108 1206 1168 et
1227 1102 1371 1187 justitias
1402 1104 1512 1170 flecte-

461 1208 584 1268 rentur.

292 1302 442 1404 fffffigffl
508 1305 639 1371 Interea
668 1328 727 1371 rex
755 1307 901 1374 Franciae
931 1313 967 1372 et
997 1329 1057 1372 rex
1079 1307 1219 1393 Angliae,
1247 1308 1289 1372 ad
1313 1307 1513 1393 colloquium

292 1402 425 1496 postca
461 1408 550 1473 inter
565 1408 746 1474 Gisortium
769 1415 804 1474 et
826 1409 937 1474 Triam
961 1409 1046 1476 circa
1067 1409 1191 1474 festum
1215 1409 1330 1475 Sancti
1345 1409 1512 1475 Vincentii

461 1509 641 1588 venientes,
664 1510 705 1575 de
727 1510 900 1596 utriusqus
922 1511 1015 1596 regni
1038 1511 1182 1597 negotiis
1204 1510 1296 1576 etde
1317 1511 1513 1577 necessitate

342 1622 346 1629 '
461 1611 630 1676 orientalis
645 1612 787 1677 ecclesiae
801 1611 916 1699 longos
931 1618 1062 1677 traxere
1077 1634 1250 1677 sermones.
1297 1611 1383 1677 Oum
1399 1617 1512 1678 autem

461 1711 503 1778 dc
525 1713 685 1778 sumenda
706 1734 800 1780 cruos
822 1712 1001 1779 hincinde
1023 1713 1195 1799 prodirent
1217 1713 1356 1799 eloquia,
1380 1713 1512 1801 signum

461 1815 508 1879 eis
531 1813 687 1900 apparuit
709 1814 745 1878 in
770 1814 867 1892 'caelo
899 1835 981 1880 crux
1003 1814 1129 1881 scilicet
1151 1815 1300 1903 quinque
1334 1815 1512 1893 stellarum,
1554 1846 1557 1851 ·

461 1937 537 1983 curn
574 1936 689 1980 screno
726 1914 805 1981 ossio
837 1914 886 1979 sol
918 1915 955 1979 in
992 1937 1054 1980 sua
1095 1915 1222 1982 luceret
1259 1916 1394 1982 virtute.
1441 1916 1515 1982 Rex

461 2017 574 2103 itaque
612 2016 766 2095 Franciae,
801 2016 879 2082 liost
906 2016 1022 2102 junior
1058 2024 1171 2083 tamen
1208 2018 1368 2096 devotior,
1406 2020 1513 2105 primo

293 2123 342 2217 {¹2³3
365 2123 420 2167 “¹¹⁰
461 2140 589 2186 crucem
604 2118 739 2205 accepit,
761 2122 877 2205 postea
898 2141 958 2184 rex
979 2118 1120 2205 Angliae,
1144 2119 1264 2185 deinde
1286 2120 1457 2186 Rsmsnsis
1479 2127 1515 2186 st

462 2221 735 2309 Rothomagsnsis
772 2220 1017 2307 archiepiscopi,
1051 2242 1159 2287 comes
1189 2220 1364 2299 Flandriae,
1390 2221 1514 2307 aliique

462 2323 597 2390 comites
612 2323 761 2389 Francia
783 2327 818 2388 et
834 2322 1057 2400 Normanniae,
1073 2327 1109 2388 et
1130 2322 1252 2388 milites
1268 2322 1374 2388 multi.

294 2444 451 2506 nomana
507 2426 613 2512 Reges
635 2423 739 2511 igitur
761 2424 980 2490 discesserunt
1001 2423 1045 2488 ab
1067 2423 1228 2489 invicem:
1251 2430 1286 2489 et
1308 2447 1368 2490 rsx
1382 2424 1514 2512 anglia

292 2496 436 2591 llil-lidi
462 2527 623 2614 applicuit
653 2527 690 2592 in
712 2526 836 2613 Augila
864 2526 955 2612 apud
988 2525 1191 2591 Winchelese
1227 2527 1327 2592 tertio
1354 2526 1514 2593 kalendas

461 2629 640 2696 Februarii.
687 2628 772 2695 Cum
794 2633 906 2693 autem
936 2633 1132 2714 proponeret
1157 2627 1268 2692 animo
1299 2627 1514 2694 Cantuariam

460 2753 594 2818 peregre
613 2729 784 2817 proficisci,
800 2735 835 2794 et
850 2729 1018 2795 ecclesiam
1034 2728 1307 2794 Cantoarisnsem
1330 2751 1351 2794 a
1373 2728 1513 2794 divinis¹

460 2833 592 2898 audiret
613 2853 814 2918 suspensam,
838 2832 991 2897 turbatus
1014 2831 1125 2895 animo
1147 2830 1229 2895 alias
1251 2830 1398 2909 divertit,
1414 2838 1449 2897 et
1470 2831 1514 2901 ad

293 2932 434 3036 §ggffi
462 2936 763 3014 Northamtoniam,
785 2956 851 3021 quo
883 2934 1146 3021 archiepiscopus
1172 2956 1247 3000 cum
1274 2935 1422 3021 personis
1444 2937 1514 3001 An·

293 3037 341 3078 2⁰¹¹·
459 3039 537 3127 gliae
573 3037 773 3124 colloquium
811 3040 883 3102 erat
922 3036 1107 3114 habiturus,
1143 3037 1341 3123 properavit
1387 3038 1515 3102 Audita

460 3143 566 3230 igitur
580 3143 621 3207 de
643 3142 792 3206 adventu
814 3139 886 3224 ejus
909 3140 1005 3216 lama,
1021 3146 1234 3206 occurrerunt
1248 3142 1278 3205 ei
1301 3141 1457 3227 praesules
1480 3149 1515 3207 et

461 3242 624 3330 principos
640 3241 743 3329 regni,
759 3246 794 3305 et
815 3239 865 3305 hii
887 3241 1053 3328 praecipue
1076 3242 1134 3327 qui
1157 3242 1381 3307 interfuerunt
1403 3264 1514 3309 conse-

293 3348 415 3395 ⁰⁰¹¹⁸⁸⁰¹v
461 3345 601 3412 crationi
615 3344 769 3431 Hugonis
785 3341 969 3409 Castrensis
984 3343 1137 3430 episcopi,
1149 3365 1247 3431 quem
1267 3351 1515 3411 consecraverat

293 3400 401 3544 iffi
462 3447 728 3534 archiepiscopus
749 3445 840 3532 spus
863 3443 1028 3511 11111112
1050 3442 1127 3508 isso
1149 3445 1310 3510 luendas
1333 3446 1513 3512 Februarii.

294 3549 389 3594 “Ml
463 3550 558 3615 Misit
588 3555 701 3615 autem
733 3570 793 3614 rex
825 3545 1051 3635 spectabilcs³
1072 3547 1209 3612 nuntios
1233 3547 1449 3614 Cantuariam
1471 3549 1514 3614 ad

461 3659 672 3731 conventum,
687 3653 820 3719 clericos
842 3652 977 3730 scilicet,
1000 3651 1138 3718 barones
1161 3658 1199 3717 ct·
1218 3651 1349 3729 milites,
1366 3652 1425 3738 qui
1448 3653 1514 3738 pri-

461 3758 515 3823 die
549 3778 654 3822 nonas
689 3754 861 3820 Februarii
892 3758 1093 3820 conventum
1124 3755 1161 3818 in
1195 3754 1341 3841 capitulo
1365 3754 1403 3818 in
1424 3754 1515 3822 hunc

329 3870 412 3915 Faba·
460 3859 595 3924 modum
629 3856 767 3922 allocuti
799 3862 898 3921 sunt:
922 3855 1132 3942 “Postquam
1162 3856 1324 3942 applicuit
1361 3856 1514 3922 dominus

290 3932 433 4077 ἓξὲξ.
460 3969 477 3994 “
500 3982 570 4037 rex,
600 3958 774 4046 proposuit
804 3958 915 4023 animo
948 3963 988 4022 ut
1018 3958 1061 4022 ad
1094 3957 1203 4023 hanc⁴
1233 3958 1411 4035 ecclesiam,
1439 3980 1514 4044 quas

290 4086 398 4128 convent.
421 4045 435 4076 ⁰
460 4071 477 4098 ‘³
499 4060 648 4127 omnium
671 4059 879 4126 ecclesiarum
903 4058 996 4145 regni
1011 4058 1064 4124 sui
1087 4064 1194 4124 mater
1215 4065 1275 4137 est,
1290 4081 1424 4147 poregm
1439 4081 1514 4145 pro·

459 4174 476 4199 “
499 4162 720 4231 11111111111111ις
766 4162 832 4228 Sed
865 4161 981 4226 audito
1013 4160 1113 4245 hujus
1136 4161 1358 4247 suspensionis
1380 4166 1513 4239 aventu,

459 4267 641 4331 “miratur
672 4264 750 4330 inde
785 4269 820 4329 et
851 4264 1015 4340 turbatur,
1039 4263 1136 4349 quod,
1159 4285 1234 4329 cum
1267 4268 1339 4330 tota
1365 4263 1513 4329 terrain

458 4370 602 4456 “ipsius
640 4368 787 4432 adventu
826 4367 958 4453 gaudet,
993 4365 1128 4432 ecclesia
1165 4367 1243 4444 haec,
1271 4388 1345 4452 quae
1383 4367 1510 4433 oaeteris

459 4472 604 4558 “major
636 4476 670 4535 et
702 4469 833 4556 dignior
864 4475 923 4547 est,
955 4470 998 4535 ad
1035 4469 1139 4555 ipsius
1169 4469 1283 4556 lugeat
1318 4469 1509 4535 adventura

492 4700 616 4766 1111111111]
632 4700 738 4763 (1111111,
750 4700 780 4752 C.
977 4708 985 4821 Ι
1042 4699 1140 4767 4111111]
1156 4716 1207 4752 om.
1220 4701 1250 4753 O.

489 4784 500 4816 ²
513 4781 632 4849 Lamiae]
646 4782 795 4845 Iamhethe,
807 4782 836 4834 0.
1040 4780 1272 4848 ‘mmmm
1287 4780 1464 4846 proficisccrat,
1476 4780 1510 4832 A.

489 4861 672 4931 'spccmbilaq
686 4861 818 4928 speciales,
829 4859 850 4911 C
854 4891 860 4911 1
976 4824 983 4916 1
1004 4861 1035 4910 B.
1046 4880 1053 4921 ς
1071 4860 1204 4925 proficisci,
1216 4862 1245 4913 C.
