3568 5730
387 881 453 946 510
587 893 750 944 ossvssn
772 891 934 944 rossem
955 889 1230 944 carmeniensis

230 1099 354 1144 annos.
387 1081 407 1108 ‘¹
425 1078 554 1136 eeclesias
573 1085 680 1136 vestre
691 1078 861 1144 utilitatem,
872 1077 985 1152 pariter
996 1083 1027 1134 et
1038 1075 1222 1133 concorditer
1232 1070 1437 1146 adquiescatis,

246 1149 332 1194 ΝΜ
385 1166 404 1192 “
423 1165 455 1220 in
472 1164 554 1220 nullo
581 1165 660 1237 quod
684 1164 761 1220 absit
786 1164 1000 1228 dissentientes,
1018 1161 1095 1218 unde
1118 1159 1242 1216 dedecus
1267 1164 1297 1214 et
1321 1173 1439 1213 enorme

384 1250 404 1277 ‘⁴
423 1247 582 1321 dampnum
600 1248 730 1305 ecclesioe
747 1255 853 1304 vestrm
870 1247 1031 1320 proveniet.
1067 1245 1117 1302 Ita
1133 1245 1226 1316 igitur
1237 1261 1289 1300 vos
1305 1241 1439 1298 habeatis

384 1335 403 1360 ‘⁸
422 1339 452 1389 et
473 1327 587 1405 ⁴geratis
606 1339 640 1389 ut
663 1333 756 1389 honor
774 1332 830 1388 Dei
857 1339 887 1388 et
911 1336 1017 1396 noster,
1047 1326 1092 1386 et¹
1111 1328 1241 1384 ecclesias
1266 1333 1381 1390 vestu-ee,
1406 1325 1440 1378 in

383 1417 403 1445 ‘⁴
422 1416 558 1472 omnibus
584 1423 779 1472 conservetur.
824 1414 968 1486 Quicquid
993 1413 1073 1469 enim
1099 1412 1231 1477 facimus,
1250 1427 1304 1483 pro
1329 1409 1455 1464 honore.

381 1501 400 1528 ‘⁴
419 1499 485 1565 Dei,
505 1505 535 1556 et
552 1500 763 1571 indempnitate
780 1505 883 1556 nostre
900 1504 931 1555 et
947 1496 1079 1553 ecclesie
1096 1502 1210 1562 vestrae,
1229 1501 1260 1552 et
1282 1493 1440 1550 securitate

382 1583 506 1654 “regni
535 1583 630 1639 nostri
660 1584 792 1640 fecimus.
840 1583 928 1640 Teste
956 1580 1098 1638 Walterio
1128 1577 1368 1652 Rothomagensi,
1398 1577 1440 1634 v¹⁰

383 1661 402 1694 ‘⁸
421 1667 488 1724 idus
504 1666 708 1724 Novembris.”

213 1787 353 1842 uncinos
425 1763 526 1830 Unde
552 1770 587 1830 et
610 1763 782 1852 episcopus
807 1761 1060 1839 Lundouiensis,
1075 1762 1133 1847 qui
1159 1761 1247 1827 inter
1269 1761 1438 1848 episcopos

211 1839 345 1940 ffifflillfm'
382 1865 561 1932 decanatus
587 1865 762 1952 praeminet
788 1865 961 1952 dignitate,
988 1869 1024 1929 et
1052 1863 1097 1928 ad
1127 1885 1225 1949 quem
1251 1863 1438 1950 specialiter

213 1951 357 2042 illidit„
382 1969 528 2055 pertinet
552 1967 597 2032 ad
625 1972 746 2033 nutum
774 1965 1009 2053 archiepiscopi
1032 1964 1087 2030 vel
1113 1965 1360 2032 (lantueriensis
1386 1987 1438 2030 ec-

213 2040 353 2134 ololhiud*
382 2071 488 2138 cleeiae
516 2071 683 2158 episcopos
705 2091 892 2148 convocare,
919 2067 1078 2158 episcopis
1107 2067 1240 2156 Angliae
1269 2067 1438 2134 citatorias

212 2139 296 2186 Μ’
381 2173 475 2240 misit
496 2173 625 2239 litteras
647 2173 684 2237 in
706 2171 798 2238 hune
818 2171 972 2237 modum:

308 2264 316 2286 “
418 2290 438 2315 “
451 2287 594 2344 nicusus
619 2287 676 2343 nei
701 2287 800 2358 pesa
824 2283 1038 2342 condomensis
1065 2284 1196 2342 senisse
1219 2284 1362 2353 mnne
1387 2302 1436 2340 ve.

382 2373 401 2400 “
419 2372 545 2429 nerabili
562 2371 647 2427 finni
667 2376 699 2426 et
721 2371 753 2426 iu
771 2369 889 2428 Christo
906 2369 1059 2426 kanssimo
1078 2369 1235 2435 Seiufrido,
1246 2370 1303 2425 Dei
1321 2367 1438 2440 gretia’

382 2457 402 2485 '‘
421 2457 599 2514 cicestrensi
616 2456 750 2528 episcopo
762 2455 886 2510 salutem
898 2459 928 2510 et
944 2455 1068 2510 sincerae
1080 2453 1243 2510 dilectionis
1254 2455 1435 2510 instantiam.

382 2541 402 2565 ‘⁸
421 2541 468 2596 Ne
485 2545 581 2596 mater
597 2545 696 2594 nostra
713 2538 931 2596 centuariensis
955 2537 1077 2594 ecclesia
1100 2536 1254 2594 viduitatis
1277 2555 1337 2594 sum
1361 2541 1435 2594 tem·

381 2626 401 2651 “
420 2642 499 2698 pore,
512 2626 539 2681 si
550 2624 660 2680 diutius
677 2625 873 2696 protrahetur,
885 2623 918 2678 in
935 2622 1135 2696 spirituelibus
1147 2623 1209 2678 sive
1226 2624 1435 2696 temporalibus

383 2708 403 2736 “
421 2709 630 2765 detrimentum
652 2708 790 2780 patiatur,
810 2709 830 2764 J
831 2707 953 2763 ohannis
976 2708 1093 2762 comitis
1110 2707 1292 2773 Moretonii‚³
1309 2712 1339 2762 et
1356 2708 1436 2764 Wal-

382 2792 490 2848 “terii
513 2790 725 2864 archiepiscopi
749 2791 981 2863 Rotomageneis,
1001 2795 1032 2846 et
1056 2790 1182 2846 eliorum
1200 2791 1305 2862 quibus
1322 2796 1437 2847 constat

383 2876 404 2904 ‘⁴
421 2875 458 2931 de
476 2877 625 2932 voluntate
644 2874 756 2931 domini
779 2876 870 2948 regis,
888 2891 1012 2930 assensu
1038 2874 1186 2930 communi
1211 2876 1359 2948 provisum
1377 2881 1435 2942 est,

383 2961 402 2986 ‘⁶
422 2966 456 3016 ut
473 2960 568 3018 eidem
586 2960 715 3020 ecclesie
732 2959 788 3015 de⁴
805 2959 911 3015 idoneo
933 2965 1050 3032 pestere
1067 2959 1212 3015 maturius
1237 2959 1434 3030 providentur,

381 3045 400 3071 “
419 3050 449 3100 et
466 3044 559 3116 ipsius
577 3045 682 3106 electio
702 3043 766 3108 loco
784 3042 1017 3116 competentiori,
1034 3041 1067 3098 in
1084 3043 1206 3098 ecclesie
1221 3042 1360 3100 videlicet
1376 3062 1436 3100 me-

382 3130 401 3156 “
420 3130 636 3202 tropolitana,a
653 3129 723 3184 tiliis
742 3127 803 3184 suis
821 3127 879 3183 rite
897 3127 1069 3184 celebretur.
1106 3126 1149 3182 ns
1165 3134 1285 3201 propter
1302 3129 1436 3186 fraterni-

381 3215 400 3241 “
419 3215 475 3268 teti
504 3219 611 3269 vestre)
635 3211 816 3280 mandemus,
847 3212 995 3285 quatinus,
1023 3211 1070 3266 die
1096 3209 1188 3266 Lunae
1214 3212 1345 3284 proximo
1371 3219 1437 3288 post

379 3300 399 3327 “
418 3297 527 3354 festum
550 3297 651 3354 Sancti
677 3295 805 3352 Andreae
830 3295 965 3368 apostoli,
992 3295 1179 3368 presentiam
1202 3303 1332 3353 vestram
1358 3298 1437 3371 apud

381 3383 401 3410 “
421 3381 617 3448 (lentuariam,
637 3381 786 3436 occasione
811 3385 842 3436 ct
865 3381 1051 3436 excusatione
1075 3379 1266 3448 cessantibus,
1284 3381 1368 3440 nobis
1388 3401 1436 3438 ex·

380 3468 400 3494 “
419 3467 555 3532 hibeatis‚
576 3465 687 3521 ibidem
710 3483 763 3540 per
790 3465 845 3521 Dei
875 3465 1001 3536 gretiam
1026 3482 1093 3520 cum
1117 3463 1254 3522 trabibus
1284 3475 1315 3522 et
1340 3469 1436 3541 coepi-

381 3550 514 3623 “scopis
539 3549 645 3604 uostris
662 3550 700 3605 de
718 3549 859 3605 electione
884 3547 1103 3606 centuariensis
1127 3549 1336 3624 archiepiscopi
1359 3557 1435 3609 treo-

382 3638 401 3664 “
419 3636 521 3692 taturi.
557 3633 692 3690 Valete.”

212 3739 363 3859 mamm
425 3720 468 3784 In
489 3720 579 3787 hunc
600 3719 735 3785 modum
758 3717 832 3784 aliis
854 3678 987 3806 scripsit
1008 3719 1176 3808 episcopis.

211 3858 368 3902 mmm„
426 3823 661 3891 Convenerunt
695 3821 800 3909 igitur
828 3821 920 3909 apud
950 3821 1165 3890 Cantuariam
1193 3821 1250 3889 ille
1279 3823 1435 3891 Rotoma-

211 3907 343 4011 {laten
379 3931 497 4017 gens,
512 3927 715 4016 ngenium
739 3927 982 4005 saebonensis,
1003 3927 1105 4015 nugo
1132 3928 1322 4009 essens,
1346 3929 1434 3996 ene-

378 4033 492 4100 bertus
522 4031 694 4110 Roffensis,
724 4029 782 4097 sed
818 4029 906 4096 diem
936 4030 1155 4097 constitutum
1192 4039 1432 4119 praevenerunt,

378 4137 467 4203 unde
504 4156 603 4223 penes
632 4133 775 4222 priorem
805 4137 840 4200 et
872 4133 1048 4200 monachos
1079 4133 1333 4202 (lentuarienses
1362 4159 1433 4202 sus-

377 4239 464 4326 pioio
490 4243 563 4304 orta
586 4241 638 4303 est
659 4257 698 4304 ao
719 4235 747 4302 si
770 4233 915 4322 episcopi
937 4256 1005 4302 une
1030 4255 1106 4302 cum
1130 4237 1250 4304 comite
1270 4236 1432 4316 Johanue,

378 4341 437 4427 qui
460 4361 536 4408 oum
559 4338 687 4406 esuris
712 4338 837 4419 ederat,
859 4337 1007 4424 aliquam
1035 4337 1148 4405 subito
1176 4338 1322 4407 fecerent
1350 4340 1432 4407 elec-

377 4443 509 4510 tionem.
555 4441 628 4508 Nec
649 4440 778 4506 mnam.
817 4439 896 4505 Non
918 4440 1007 4506 enim
1029 4439 1141 4528 elapsa
1162 4446 1213 4507 est
1233 4463 1254 4507 a
1276 4442 1433 4509 memoria

411 4715 473 4783 ιοι]
487 4715 627 4766 οω.ΑΒ.
963 4711 1134 4782 ’Mmmsq
1149 4713 1294 4778 Meretonii,
1305 4717 1336 4770 B.

412 4795 687 4863 'pateJomssR
965 4792 1241 4861 metuente
