3666 5724
708 906 820 962 ornus
842 908 1032 963 msromm.
1322 888 1388 966 373
1452 972 1455 979 A

336 1104 353 1132 “
376 1103 478 1185 peter,
510 1100 735 1165 verecundum
769 1101 822 1179 sit,
854 1101 910 1166 ibe
942 1101 970 1164 si
998 1100 1106 1186 placet
1139 1099 1183 1164 Ml
1215 1098 1386 1164 dominum
1418 1123 1539 1172 *Ji-¹¹⁸⁷·

336 1206 353 1234 “
375 1207 525 1269 nostrum
547 1194 667 1290 regem,
681 1202 711 1267 si
733 1201 818 1267 forte
840 1208 956 1288 potero
973 1223 1056 1287 ques
1077 1200 1193 1288 petisti
1215 1199 1386 1267 hesternas
1400 1175 1514 1278 affl

336 1312 352 1336 “
374 1302 525 1370 inducias
540 1304 734 1391 reportare.”
781 1314 797 1340 “
809 1305 913 1382 Fiat?
929 1305 1041 1390 inquit
1062 1326 1130 1370 rex.
1177 1302 1294 1369 Comes
1309 1326 1386 1390 ergo
1398 1283 1513 1379 emir·
1534 1347 1548 1381 θ

335 1404 496 1471 Ricardue
529 1428 639 1493 regem
673 1407 822 1473 Franciae
851 1408 924 1492 jem
954 1411 1121 1473 armatum
1144 1385 1555 1491 ndiit,su0que1{'²ffl¹i¹.⁰¹¹

334 1505 441 1571 eidem
479 1507 590 1573 oblato
620 1507 739 1595 gladie,
771 1508 898 1573 nudato
936 1508 1037 1573 etism
1073 1507 1181 1592 capite
1219 1511 1254 1572 et
1291 1507 1387 1572 flexis

334 1607 481 1692 genibus,
504 1609 636 1696 rogavit
661 1609 833 1675 humiliter
862 1613 902 1675 ut
931 1609 1033 1675 enimi
1064 1608 1116 1673 sui
1146 1613 1273 1673 motum
1297 1608 1386 1673 miti-

334 1714 435 1795 garet,
459 1732 591 1796 sumque
625 1710 721 1778 bcnae
753 1711 831 1776 fidei
853 1710 926 1777 vice
959 1710 1064 1797 petris
1095 1710 1190 1776 deret
1219 1708 1388 1790 induciam

335 1831 416 1894 quus
438 1811 468 1875 si
489 1816 585 1898 puter
606 1834 686 1878 suus
711 1812 921 1897 aliquetenus
951 1812 1154 1898 infringeret,
1177 1811 1247 1898 ipse
1281 1832 1388 1877 comes

334 1932 451 1998 colpus
488 1914 657 2000 proprium
695 1913 839 1983 Perisius
876 1913 963 2000 regis
1001 1913 1212 1978 submitteret
1240 1914 1386 1979 arbitrio.

336 2012 409 2093 Quo
432 2014 555 2093 cudite,
578 2038 638 2081 rex
665 2014 822 2098 Franciae,
846 2037 922 2081 cum
944 2015 1014 2081 suis
1036 2014 1212 2081 comitibus
1235 2020 1270 2080 et
1291 2016 1385 2081 bero-

335 2114 433 2180 nibus
455 2139 554 2203 super
583 2117 647 2184 hoc
677 2117 803 2183 diutius
835 2138 980 2183 seorsum
1010 2117 1127 2183 habito
1150 2117 1294 2195 consilio,
1323 2119 1386 2183 sub

334 2223 520 2302 praetnxste
553 2219 689 2285 tandem
722 2219 910 2285 conditione
933 2241 1059 2285 morose
1082 2224 1196 2285 temen
1225 2221 1387 2286 concessit

335 2317 491 2384 inducias.
536 2320 649 2384 Armis
671 2318 776 2406 igitur
797 2320 964 2404 utrimque
987 2320 1194 2397 valedicitur,
1216 2325 1250 2385 et
1272 2322 1384 2407 singu-
1398 2351 1499 2397 mm

334 2420 376 2485 lis
407 2422 443 2485 in
477 2444 537 2486 sue
568 2444 642 2488 cum
672 2422 795 2509 gaudie
828 2422 1052 2500 redeuntibus,
1074 2422 1118 2487 ed
1150 2423 1385 2488 ostendendum
1396 2404 1534 2506 iiiam,

335 2521 462 2588 cunctis
484 2522 603 2588 initum
624 2522 829 2589 concordiem
852 2545 912 2588 rex
926 2522 1073 2589 Franciae
1096 2523 1249 2588 comitem
1272 2523 1385 2591 Ricur-
1398 2502 1492 2548 Μ’

335 2623 415 2687 dum
437 2622 474 2687 in
496 2644 575 2709 paee
597 2630 633 2688 et
653 2624 764 2710 metis
785 2645 895 2690 secum
918 2624 1018 2688 duxit
1039 2624 1076 2687 in
1099 2623 1251 2690 Gellium.
1604 2688 1610 2697 ,

379 2722 476 2789 ¹Rex
509 2730 622 2790 nutem
653 2725 836 2791 Bebiloniae
867 2724 1052 2803 Snledinus,
1074 2726 1128 2789 vir
1149 2746 1298 2812 pugenus
1327 2725 1491 2792 sedemus

1397 2789 1476 2833 msice
1484 2800 1499 2831 n

335 2825 429 2891 miles
463 2828 620 2913 egregius,
655 2848 730 2893 cnm
764 2826 903 2893 vidisset
934 2827 1022 2912 quod
1056 2825 1316 2893 Jercsolimiteni
1349 2833 1385 2893 et
1396 2838 1476 2934 m
1473 2837 1547 2934 ¹²:2⁶3

333 2928 474 3013 populus
509 2926 719 2993 Christianus
750 2949 924 2994 unacum
960 2926 1146 3014 patriarche
1178 2926 1314 2995 Erecleo
1345 2930 1491 2994 domnos

332 3028 481 3094 adventu
504 3029 642 3095 Henrici
674 3029 760 3117 regis
794 3028 987 3116 Anglorum,
1010 3031 1051 3095 de
1086 3051 1151 3116 quo
1184 3031 1222 3095 in
1253 3035 1385 3096 tentum
1565 3018 1572 3033 ⁸

332 3131 577 3215 praesumebent
600 3137 640 3195 ut
661 3131 693 3196 ei
714 3151 867 3197 coronam
898 3136 934 3195 et
955 3136 1084 3217 sceptra
1105 3131 1199 3218 regni
1221 3132 1386 3211 offerrent,

329 3230 399 3316 jem
422 3233 556 3318 penitus
586 3237 696 3297 essent
724 3231 896 3318 desperati,
919 3252 993 3297 cum
1024 3233 1142 3299 comite
1172 3232 1385 3319 Tripolim,

334 3330 525 3399 Christiano
555 3335 612 3400 sed
644 3334 778 3420 perfido,
807 3334 917 3399 foedus
946 3333 1081 3420 pepigit,
1120 3356 1158 3399 eo
1196 3335 1285 3419 quod
1316 3335 1386 3421 ipse

333 3455 440 3499 comes
462 3435 531 3520 regi
553 3434 821 3500 Jerosolimomm
852 3454 989 3519 regnum
1018 3433 1184 3499 invideret
1209 3439 1244 3499 et
1274 3435 1384 3521 conju·

333 3556 416 3621 gem.
477 3536 577 3601 Unde
614 3536 791 3602 Scindinus
828 3536 970 3601 securior
1007 3535 1151 3611 effectus,
1189 3543 1386 3622 congregato

334 3625 480 3690 exercitu
502 3624 633 3710 copioso
657 3649 724 3688 cnm
748 3632 824 3687 lxxx.
850 3631 970 3685 milibus
994 3631 1123 3686 militum
1148 3637 1178 3686 et
1201 3648 1235 3685 eo
1259 3632 1386 3703 emplius

333 3719 411 3779 ente
430 3724 538 3778 festum
559 3721 755 3794 speculorum
775 3719 855 3775 Petri
873 3724 903 3773 es
922 3718 1007 3774 Pauli
1028 3709 1270 3774 Jerosolimiteni
1292 3711 1385 3795 regni
1398 3726 1510 3773 neme

333 3814 442 3865 emm
464 3801 600 3878 news,
621 3816 652 3866 n
670 3800 708 3863 in
729 3798 824 3863 brevi
844 3804 1008 3869 estasim,
1028 3797 1064 3861 ie
1086 3801 1137 3861 esc
1159 3778 1506 3882 nyssensium

333 3890 513 3977 occupavit.
560 3888 645 3955 (ium
667 3893 780 3954 autem
804 3894 922 3949 domins
944 3892 1002 3949 leci
1026 3909 1057 3949 se
1076 3910 1143 3948 cum
1163 3895 1264 3965 psncis
1285 3895 1386 3951 militi·

332 3988 386 4042 bus
410 3986 571 4042 munitione
594 3991 765 4043 cestrorum
788 3978 946 4050 tueretur,
969 3981 1034 4053 regi
1060 3971 1328 4039 Jeroselimorum
1352 3980 1387 4039 et

333 4065 455 4150 populo
479 4091 543 4145 qum
566 4072 734 4130 acciderent
755 4071 890 4129 nuntiate
913 4075 987 4126 sunt.
1038 4068 1077 4126 m
1099 4086 1165 4125 cum
1190 4071 1256 4142 regi
1280 4064 1385 4128 consi-

333 4153 452 4218 liosum
467 4152 636 4218 videretur
656 4161 793 4217 civitates
808 4155 842 4216 et
862 4158 929 4213 loca
943 4148 1061 4215 bellico
1075 4155 1238 4236 apparatu
1259 4160 1385 4228 munire,

333 4259 421 4314 qnsm
439 4242 511 4297 adeo
529 4241 627 4297 subito
644 4258 675 4297 se
693 4236 858 4295 discrimini
876 4254 983 4309 pugnae
995 4238 1120 4304 obicere,
1135 4238 1253 4293 tandem
1272 4238 1308 4293 de
1319 4257 1385 4295 con·
1448 4273 1458 4293 .

334 4321 401 4377 silio
425 4321 542 4377 comitis
569 4318 753 4391 ibipolitnm,
775 4318 827 4391 qui
853 4310 954 4375 etiam
979 4333 1046 4372 cnm
1073 4318 1137 4388 ipso
1160 4333 1253 4388 nuper
1276 4317 1387 4374 ioedere

1056 4486 1142 4493 m·-

368 4593 443 4644 ¹'Ibc
455 4593 585 4658 following
596 4607 705 4658 passage
717 4592 739 4642 is
750 4593 834 4656 partly
882 4605 958 4656 pepe,
976 4588 1052 4654 given
1075 4587 1101 4638 in
1129 4588 1173 4638 the
1196 4588 1333 4640 Chronicle
1357 4589 1387 4640 of

334 4687 368 4723 un
379 4674 492 4723 abenner
508 4674 559 4722 sud
574 4673 685 4737 psrtlys
700 4669 837 4734 mmsiipt
884 4668 1018 4729 Benedict,
1029 4666 1080 4718 rol.
1092 4665 1118 4718 ii.
1131 4682 1172 4732 pp.
1186 4672 1225 4729 11,
1241 4672 1279 4719 ln

335 4751 366 4802 oi
378 4751 422 4803 the
441 4752 515 4803 letter
525 4750 556 4802 ci
564 4750 775 4804 meuemseto
793 4748 836 4800 the
