3588 5740
415 871 479 934 582
624 884 785 934 amusan
808 884 968 934 nossem
991 883 1264 936 οιιιιιιιιιιιιιειε

265 1063 319 1109 Ad)
327 1067 423 1109 11989
427 1066 601 1122 ‘communi
619 1068 740 1124 consilio
758 1070 881 1124 fratrum
899 1074 1067 1125 nostrorum
1093 1085 1146 1139 per
1170 1064 1330 1138 apostolica
1356 1059 1466 1129 scripte

248 1121 336 1221 pff
331 1118 377 1160 ²⁰
417 1149 435 1175 99
454 1150 636 1218 mandamus,
656 1159 686 1207 et
714 1152 746 1207 in
772 1152 882 1209 virtute
907 1150 1080 1208 obedientie
1105 1149 1237 1206 districte
1267 1144 1465 1220 precipimus,

247 1229 360 1273 99999999
417 1234 436 1258 99
455 1233 612 1303 quatinus,
627 1236 708 1290 omni
737 1235 975 1301 contradictione,
1001 1232 1184 1290 excusatione
1211 1240 1241 1288 ct
1270 1227 1466 1302 appellatione

415 1316 434 1340 “
454 1318 641 1383 cessantibus,
669 1316 747 1373 infra
776 1337 839 1374 xxx.
865 1318 929 1374 dies
955 1320 1022 1390 post
1050 1316 1246 1387 receptionem
1265 1312 1464 1387 presentium,

416 1398 435 1422 “
455 1397 596 1471 quicquid
614 1400 789 1457 aedificatum
806 1407 852 1457 est
879 1402 909 1455 iu
929 1399 1052 1456 ecclesia
1069 1405 1230 1454 memorata
1247 1395 1380 1469 expensis
1404 1393 1464 1449 tuis

414 1481 433 1506 “
452 1482 542 1538 facias
564 1484 680 1554 penitus
698 1484 840 1549 demoliri,
860 1502 894 1539 eo
912 1500 971 1538 non
993 1483 1125 1538 obstante
1143 1484 1170 1537 si
1190 1481 1279 1538 etiam
1300 1480 1405 1536 absens
1425 1478 1464 1533 ab

413 1566 431 1590 “
451 1567 575 1621 ecclesis
609 1570 675 1622 tua¹
706 1568 848 1635 extiteris,
879 1585 947 1624 cum
983 1569 1102 1622 cantum
1138 1567 1177 1621 sit
1209 1565 1297 1620 etiam
1328 1562 1634 1703 legitimalxlffix

409 1649 429 1675 “
449 1650 621 1717 sanctione,
638 1655 672 1707 ut
688 1651 713 1706 si
737 1651 763 1706 is
781 1651 830 1705 cui
856 1669 928 1722 opus
954 1666 1062 1704 novum
1087 1649 1177 1703 fuerit
1202 1649 1369 1703 nuntiatum
1393 1652 1461 1701 ante

409 1732 427 1757 99
447 1733 647 1788 remissionem
666 1733 862 1799 edificaverit,
881 1733 985 1789 deinde
1003 1749 1091 1803 agere
1109 1730 1239 1802 coeperit,
1255 1730 1305 1803 jus
1323 1730 1378 1785 sibi
1397 1716 1491 1786 esse*

409 1816 427 1840 “
447 1815 490 1870 ita
507 1815 681 1871 edificatum
701 1816 817 1882 habere,
836 1817 891 1873 sibi
915 1816 1019 1871 debeat
1043 1814 1118 1870 actio
1136 1814 1294 1885 denegari3
1320 1813 1461 1869 reducens

410 1901 429 1925 “
448 1916 567 1970 prorsus
586 1899 617 1953 in
635 1900 754 1955 irritum
773 1899 913 1971 quioquid
930 1899 966 1954 de
984 1898 1171 1954 instituendis
1188 1896 1297 1952 ibidem
1315 1897 1461 1953 canonicis

409 1982 428 2006 “
448 1988 478 2036 et
495 1981 561 2036 aliis
579 1981 728 2053 adipeam
746 1983 900 2039 ecclesiam
918 1981 1134 2054 pertinentibus
1152 1999 1170 2036 a
1187 1986 1216 2035 te
1233 1981 1282 2035 vel
1301 1981 1459 2052 predeces-

409 2067 428 2089 “
441 2060 512 2118 'sore
530 2070 581 2119 tuo
599 2067 785 2136 cognoscitur
803 2065 988 2132 ordinatum,
1009 2081 1109 2120 eorum
1135 2064 1278 2119 reditibus
1296 2064 1335 2119 ad
1352 2070 1460 2121 statum

408 2148 427 2173 “
447 2147 603 2217 pristinum
640 2148 793 2213 revocatis,
817 2166 890 2220 quos
923 2147 978 2204 ab³
1012 2148 1190 2219 obligatione
1222 2149 1347 2219 praestiti
1378 2150 1459 2222 jnra-

408 2230 539 2284 “menti
569 2246 622 2300 pro
651 2246 685 2285 ee
716 2230 794 2302 quod
823 2229 934 2287 ibidem
967 2231 1096 2287 instituti
1125 2230 1254 2297 luerunt,
1286 2233 1459 2289 auctoritate

408 2313 545 2367 “nostra
567 2330 620 2383 per
643 2319 674 2368 te
698 2314 863 2370 denuntiari
886 2315 1075 2386 precipimus
1098 2314 1263 2378 absolutos;
1289 2332 1356 2370 cum
1381 2316 1459 2372 enim

408 2398 426 2421 “
446 2394 549 2450 amodo
578 2412 638 2450 non
667 2402 768 2452 teneat
797 2397 967 2468 principale,
995 2396 1134 2468 quiequid
1160 2414 1196 2451 ex
1220 2414 1254 2451 eo
1277 2398 1325 2453 vel
1349 2398 1386 2453 ob
1410 2399 1459 2454 id⁴

407 2479 576 2533 “secutum
600 2483 654 2542 est,
680 2478 733 2534 snb
757 2481 908 2550 praemissa
931 2479 1112 2536 districtione
1135 2479 1318 2536 decrevimus
1341 2483 1457 2540 irritan-

405 2562 515 2617 “dum
553 2564 630 2618 sicut
667 2564 811 2619 sancitum
850 2570 895 2619 est
930 2562 1086 2619 traditione
1116 2564 1255 2619 canonica
1290 2573 1320 2620 ct
1355 2558 1570 2625 civil'u‘fflsut

406 2647 425 2672 “
445 2644 572 2701 clericos
589 2651 731 2717 praeterea
747 2648 799 2718 qui
817 2647 849 2702 in
866 2648 1004 2719 capella
995 2664 1061 2718 ipsa
1084 2654 1149 2718 post
1167 2647 1356 2705 inhibitiones
1372 2668 1455 2723 apos·
1469 2627 1578 2742 {gfff

406 2730 425 2755 ⁴‘
444 2728 546 2784 tolicas
564 2729 664 2786 diune
681 2731 775 2786 officia
798 2730 991 2795 celebrarunt,
1011 2730 1087 2786 sicut
1109 2747 1163 2786 nos
1189 2747 1241 2801 per
1265 2733 1323 2787 alia
1347 2736 1457 2808 scripta

407 2816 426 2840 “
444 2813 657 2880 mandarimus,
676 2821 737 2871 tam
755 2814 806 2869 diu
824 2813 930 2869 hebens
947 2831 1000 2884 pro
1018 2813 1172 2885 suspensis,
1193 2830 1342 2887 quousque
1369 2836 1456 2890 super

406 2898 423 2922 “
444 2896 519 2953 illud
536 2898 730 2953 satisfecerint
746 2903 954 2968 competenter,
974 2902 1004 2952 et
1020 2898 1156 2952 universa
1173 2915 1238 2968 quse
1256 2900 1288 2953 in
1305 2902 1456 2971 praedicto·

404 2982 422 3006 “
441 2998 507 3035 rum
525 2981 733 3037 monachorum
748 2987 815 3037 sunt
833 2986 978 3037 attentata
995 2998 1164 3052 gravamen,
1177 2984 1365 3039 exenniorum
1377 2986 1455 3043 vide·

405 3065 423 3091 “
444 3064 513 3119 licet
530 3071 560 3119 et
578 3065 765 3121 ecclesiarum
783 3072 813 3120 et
830 3065 956 3120 aliorum
976 3064 1132 3129 invasione,
1156 3082 1220 3134 qaas
1241 3072 1308 3121 ente
1329 3070 1455 3140 appella·

405 3150 424 3175 ‘⁴
442 3148 551 3203 tionem
576 3148 750 3212 habueruut,
779 3146 865 3203 dictis
889 3148 1039 3202 monachis
1062 3164 1119 3202 non
1145 3147 1263 3204 differas
1293 3151 1455 3223 resignare,

406 3232 423 3256 “
444 3247 477 3285 ac
500 3230 537 3285 de
561 3235 667 3286 oaetero
687 3230 764 3286 circa
787 3236 896 3285 statum
920 3231 1089 3285 monasterii
1106 3236 1207 3286 oontm
1230 3233 1456 3303 prohibitionem

406 3313 424 3338 “
444 3318 572 3367 rosham
597 3312 684 3385 hujus
708 3313 855 3369 occasione
879 3314 990 3385 negotii
1014 3331 1071 3369 non
1095 3331 1253 3385 presumas
1277 3319 1389 3391 aliquid
1411 3323 1455 3377 in-

404 3398 424 3422 “
444 3413 559 3452 novare.
599 3397 631 3453 Si
648 3415 727 3463 vcro,
747 3397 825 3469 quod
847 3414 906 3452 non
929 3398 1084 3464 credimus,
1105 3408 1282 3471 praeceptum
1306 3405 1456 3460 nostrum⁸

404 3481 424 3506 “
444 3480 520 3535 sicut
543 3481 726 3552 premissum
745 3488 797 3547 est,
818 3481 865 3537 vel
890 3481 1098 3552 contempseris
1122 3483 1169 3538 vel
1194 3483 1341 3541 distuleris
1365 3487 1455 3544 adim·

404 3566 423 3589 “
444 3563 572 3634 plere,e
598 3564 756 3635 pontificali
781 3564 874 3620 officio
898 3570 1003 3619 extunc
1030 3565 1144 3620 noveris
1169 3572 1199 3621 te
1226 3585 1408 3639 suspensum,
1426 3578 1455 3628 et

405 3647 424 3672 “
443 3664 496 3717 pro
522 3653 688 3718 contemptu
718 3647 848 3704 mandati
874 3648 1024 3724 apostolici
1049 3648 1086 3702 ad
1111 3655 1240 3705 nostram
1267 3658 1297 3706 te
1320 3653 1455 3711 volumus

405 3732 424 3757 ‘⁴
443 3729 543 3785 venire
575 3731 757 3801 praeseutiam
793 3748 1008 3804 responsmum.
1063 3731 1287 3790 venerabilibus
1322 3739 1456 3809 quoque⁷

404 3812 580 3868 “fratibus
598 3814 704 3869 nostris
729 3813 945 3870 Cantauriensis
968 3814 1098 3870 ecclesia
1122 3815 1311 3888 suffraganeis
1335 3819 1371 3873 de
1389 3837 1455 3876 con·

404 3897 422 3921 99
443 3895 510 3950 silio
540 3896 664 3951 fratrum
700 3904 865 3952 nostrorum
901 3899 932 3952 in
968 3898 1079 3953 virtute
1115 3899 1287 3956 obedientie
1322 3903 1454 3961 diehicte

404 3980 423 4004 “
443 3978 637 4050 precipimus,
674 3980 818 4051 quatinus,
844 3980 901 4036 nisi
936 3986 970 4036 tn
1005 3980 1083 4036 infra
1123 3983 1304 4053 premissum
1340 3992 1454 4060 tempus

404 4064 422 4087 “
443 4062 612 4118 mandatum
642 4069 773 4119 nostrum
804 4064 920 4120 duxeris
947 4064 984 4119 ad
1010 4064 1155 4131 effectum,
1184 4066 1238 4136 ipsi
1264 4069 1318 4123 tibi
1342 4071 1453 4126 nullam

404 4146 424 4170 99
443 4145 613 4216 impendant
644 4145 837 4201 obedientiam
868 4148 915 4203 vel
940 4147 1143 4211 reverentiam,
1174 4149 1244 4219 quia
1268 4151 1383 4222 justum
1408 4162 1453 4212 est

403 4230 421 4254 99
442 4234 475 4283 ut
504 4228 531 4283 ei
561 4245 620 4283 non
658 4229 809 4285 obediatur
845 4248 863 4285 a
899 4230 1022 4286 subditis
1057 4231 1108 4301 qui
1144 4249 1196 4287 suo
1232 4240 1454 4308 contempserit⁸

438 4485 446 4516 ¹
458 4483 490 4535 ab
502 4483 609 4534 ecclesia
621 4482 678 4548 tac]
692 4498 742 4533 om.
754 4483 784 4535 C.
984 4483 994 4514 9
1006 4483 1091 4551 civile]
1119 4485 1169 4537 See
1180 4487 1223 4538 the
1235 4488 1333 4556 Digest,
1344 4491 1386 4542 h'b.
1399 4499 1450 4555 503

436 4563 599 4629 2scnctione]
627 4563 675 4614 See
687 4562 787 4629 Digest,
800 4561 843 4612 lib.
856 4568 887 4612 39
898 4585 904 4623 3
951 4564 990 4614 tit.
1006 4568 1044 4624 17,
1056 4565 1072 4613 l.
1089 4570 1143 4614 129.

403 4641 440 4692 tit.
455 4647 478 4704 1,
488 4643 506 4692 l.
521 4648 543 4692 l.
984 4641 1149 4708 9ριαοφιιιιιι
1160 4648 1281 4714 nostram]
1295 4664 1345 4699 om
1358 4651 1388 4703 C.

434 4722 445 4753 9
456 4721 503 4788 ab]
517 4738 567 4771 om.
579 4721 615 4771 A,
626 4720 658 4771 B.
983 4719 1113 4789 ⁷qaoque]
1128 4738 1178 4774 orn.
1191 4726 1222 4775 B.

432 4802 442 4832 ⁴
455 4801 495 4867 id]
510 4816 560 4851 om.
573 4801 604 4851 Β.
985 4798 996 4831 9
1007 4804 1189 4870 contempserit]
1204 4809 1370 4872 contempnit,
1383 4809 1413 4862 C.
