3666 5724
419 833 484 897 316
621 847 783 897 oaavasn
807 846 968 897 uoracm
990 847 1264 900 carrulamnsm

268 1030 391 1142 w
417 1030 646 1116 expectabant.
692 1030 781 1096 Nam
818 1030 908 1097 solua
945 1031 1151 1098 discurrebat
1188 1033 1276 1099 inter
1313 1050 1375 1112 ees,
1413 1056 1475 1102 nec

249 1152 363 1208 raone«
417 1131 592 1216 quicquam
614 1152 658 1196 ox
680 1131 813 1198 secretio
835 1132 1000 1219 quispiam
1022 1132 1105 1199 scire
1127 1137 1258 1220 poterat
1280 1134 1346 1200 nioi
1369 1156 1474 1221 quan·

248 1205 386 1301 w
415 1236 489 1296 turn
519 1254 579 1297 rex
605 1233 748 1319 prolerre
774 1233 915 1299 volebat
961 1231 1144 1299 Nitebatur
1173 1234 1285 1313 enim,¹
1316 1232 1357 1301 ut
1385 1257 1471 1303 aare·

248 1304 405 1452 Q&
416 1333 518 1411 rebat,
549 1334 716 1421 episcopos
745 1335 900 1401 inducere
929 1335 974 1402 ad
1007 1335 1279 1402 consentiendum
1316 1359 1472 1425 personae,

248 1458 388 1511 canonae
410 1455 515 1520 ,quam
539 1435 630 1522 prior
652 1440 688 1502 et
711 1434 863 1502 monachi
886 1435 1152 1514 nominaverant,
1175 1437 1230 1504 cui
1256 1444 1292 1503 et
1317 1438 1387 1525 ipse
1413 1461 1473 1505 rex

246 1511 353 1554 ‘m‘
414 1557 512 1601 auum
537 1537 724 1622 praebuerat
749 1557 926 1603 mensum
971 1535 1170 1603 Ptemiaerat
1195 1538 1283 1604 enim
1310 1538 1412 1625 priori
1438 1545 1474 1606 et

413 1636 583 1703 monachia
612 1638 648 1702 in
677 1637 779 1704 verbo
808 1637 899 1724 regio
928 1657 1004 1703 eum
1033 1638 1224 1724 juramento
1256 1644 1334 1725 post
1365 1639 1473 1707 multa

414 1738 568 1816 convitia,
591 1738 680 1825 quod
701 1760 806 1804 unum
828 1760 872 1804 ex
893 1739 1074 1805 nominatio
1096 1740 1166 1805 auis
1190 1739 1338 1806 habituri
1362 1748 1472 1808 eaoent

412 1838 712 1927 arehiepiscopum
734 1839 938 1906 elaboratum
960 1845 1012 1906 eat
1036 1840 1181 1918 tandem,
1205 1840 1278 1928 ipoo
1302 1863 1378 1928 rege
1403 1863 1469 1908 me·

413 1941 536 2019 diante,
561 1948 602 2008 ut
627 1942 733 2008 eidem
758 1962 906 2028 perronae
935 1945 1104 2028 utcunque
1133 1941 1277 2030 episcopi
1307 1942 1469 2008 consenti-

413 2048 495 2109 rent
541 2042 593 2109 De
622 2031 762 2129 perbona
790 2042 895 2129 igitur
927 2041 1080 2130 eligenda
1116 2042 1251 2110 tandem
1290 2047 1469 2130 utcumque

246 2155 372 2210 emmor
412 2144 522 2230 eopita
542 2143 732 2230 quaeatione,
757 2144 797 2209 de
821 2144 980 2210 electione
1004 2143 1166 2222 facienda,
1190 2148 1226 2210 et
1248 2165 1389 2230 persona
1411 2167 1470 2211 no·

245 2206 385 2310 &affl
412 2244 578 2323 maana,
604 2251 695 2311 moa
721 2250 773 2311 ese
794 2244 1027 2311 controversa.
1084 2244 1250 2311 niteant
1280 2244 1368 2309 enim
1399 2246 1469 2333 epi-

411 2346 502 2432 scopi
523 2346 612 2433 quod
645 2366 742 2412 auum
777 2350 849 2410 erat
881 2344 1162 2432 arehiepiscopum
1195 2344 1468 2412 cantuariensem

412 2452 528 2534 utpote
550 2469 647 2513 auum
669 2447 960 2533 metropolitanum
981 2446 1110 2534 eligere,
1128 2451 1164 2512 et
1185 2446 1274 2532 qued
1296 2446 1468 2533 episcopus

412 2548 658 2627 londoniensis,
673 2548 820 2635 ejusdem
843 2547 968 2614 scilieet
982 2546 1230 2613 Oantuariensis
1245 2547 1389 2614 eecleaiae
1412 2548 1467 2614 de·

411 2672 522 2729 canus,
548 2671 720 2737 perronam
747 2648 866 2715 debeat
890 2647 1067 2714 nominare.
1112 2647 1244 2713 Retulit
1267 2647 1338 2715 haee
1364 2648 1467 2735 priori

411 2760 447 2818 et
468 2752 635 2819 monachis
657 2772 724 2818 rex.
770 2751 819 2815 At
840 2749 930 2836 prior
941 2773 949 2828 ;
971 2747 1104 2826 “Nom'’
1125 2748 1243 2835 inquit,
1260 2749 1345 2815 “fiet
1366 2749 1466 2817 istud.

244 2844 388 2941 m
413 2854 542 2919 “Ante
579 2852 695 2920 earebo
725 2851 872 2938 prioratu
911 2849 1153 2927 cantuariensi,
1183 2855 1261 2915 ante
1291 2851 1334 2917 de
1364 2851 1466 2918 eccle·

244 2945 314 2999 ⁹¹¹³·
411 2961 429 2989 “
450 2954 501 3020 aia
522 2954 628 3032 exibo,
647 2957 726 3019 ante
748 2951 784 3016 in
807 2958 896 3018 terra
915 2950 1025 3017 aliena
1047 2949 1196 3017 exulabo.
1235 2949 1313 3016 Non
1335 2950 1407 3018 haec
1429 2952 1465 3017 in

410 3055 567 3121 “diebus
597 3053 679 3119 meis
709 3051 941 3119 cantuariensi
971 3050 1114 3118 eoelesiae
1151 3050 1312 3116 inferetur
1348 3057 1465 3117 eontu-

411 3165 429 3193 “
451 3155 558 3233 melia,
580 3176 648 3221 non
669 3174 818 3241 perronae
848 3174 930 3218 meae
959 3151 1032 3220 haec
1063 3152 1341 3238 improperabitur
1377 3152 1463 3219 infa-

410 3256 525 3323 “mia
571 3255 680 3322 Debet
708 3255 797 3321 enim
826 3259 1008 3320 conventus
1039 3251 1287 3319 Oantuarienaia
1317 3252 1358 3318 de
1386 3253 1463 3339 jure

411 3368 427 3394 ‘⁴
450 3363 486 3424 et
499 3358 638 3444 antiqua
659 3355 895 3423 consuetudine
909 3376 1007 3421 auum
1029 3359 1193 3441 pastorem
1216 3358 1252 3419 et
1272 3354 1462 3440 pontificem

410 3470 427 3496 ‘⁴
450 3460 578 3547 eligere,
605 3463 641 3526 et
669 3458 728 3546 qui
757 3457 847 3544 prior
877 3461 928 3521 eet
957 3476 1130 3543 personam
1158 3454 1338 3521 nominare
1383 3455 1463 3521 Jus-

410 3570 427 3598 “
450 3568 566 3629 tumne
588 3566 640 3628 eat
661 3565 702 3626 ut
722 3558 866 3646 epiceopi
890 3557 1015 3643 absque
1041 3560 1207 3622 conventu
1233 3576 1462 3642 quemcunque

409 3671 428 3700 “
450 3663 619 3731 voluerint
640 3660 848 3729 Oantuaritis
874 3658 1014 3724 mittant
1039 3655 1348 3743 archiepiscopum?
1393 3656 1461 3723 Ne·

242 3785 661 3957 pendidit„
684 3756 1459 3946 tltbltlttttttffi

243 3960 382 4016 ΜΨ*
409 3976 427 4003 “
450 3964 689 4034 Londonienais
714 3963 822 4051 prima
850 3983 919 4027 vox
949 3966 983 4027 et
1012 3957 1222 4026 nominatio,'’
1268 3957 1359 4024 Dum
1388 3958 1461 4026 haec

408 4069 522 4156 itaquo
545 4067 673 4133 diutina
696 4085 801 4151 usque
825 4063 862 4128 in
886 4061 1148 4149 desperationem
1174 4059 1264 4146 pacis
1290 4059 1379 4126 inter
1404 4082 1460 4127 coe

407 4193 483 4258 rege
516 4169 684 4235 mediante
722 4164 974 4252 protenderetur
1010 4160 1192 4239 altercatio,
1226 4180 1286 4226 rex
1322 4162 1458 4227 tandem

407 4276 546 4338 moeetua
568 4270 619 4337 ait
648 4268 693 4335 ad
723 4266 884 4355 priorem:
912 4262 1021 4329 “Non
1053 4266 1172 4348 potest,
1197 4265 1237 4326 ut
1267 4260 1375 4339 video,
1406 4284 1459 4328 ree

407 4382 424 4409 “
447 4374 513 4440 iata
526 4372 590 4438 hoo
603 4368 701 4436 modo
715 4366 898 4455 procedere,
913 4365 993 4451 quia
1014 4385 1082 4430 non
1104 4361 1201 4429 valeo
1222 4361 1319 4428 vobio
1333 4362 1457 4449 epiaco

407 4483 424 4510 “
447 4496 515 4561 pos,
537 4472 593 4538 vel
613 4492 675 4537 voa
697 4467 858 4556 episcopia
881 4464 1099 4532 concordare:
1122 4462 1270 4529 medium
1299 4461 1459 4548 aliquod’

407 4586 424 4615 “
446 4578 618 4642 videamus
644 4593 710 4661 quo
736 4569 1039 4658 utriusquepartis
1065 4588 1133 4655 pax
1158 4572 1193 4634 et
1214 4565 1351 4652 justitia
1380 4587 1458 4634 eon·

440 4802 535 4870 rm]
550 4801 660 4868 quidm,
671 4800 702 4854 c,
977 4795 988 4830 ²
998 4793 1113 4863 aliquod]
1127 4792 1231 4860 aliquid,
1242 4794 1273 4847 (l.
