3544 5724
412 859 450 924 lii
856 875 1019 925 raasson.

412 1056 502 1123 hand
527 1055 741 1145 throughout.
788 1054 866 1119 Itis
883 1053 1023 1140 slightly
1037 1055 1225 1122 rubricatcd
1244 1057 1280 1122 in
1304 1059 1384 1138 red;
1406 1060 1466 1128 has

414 1181 459 1224 an
485 1157 666 1226 occasionsl
692 1155 853 1243 marginal
873 1157 1020 1223 abstract
1041 1157 1107 1223 and
1122 1178 1144 1222 a
1159 1157 1249 1224 table
1265 1159 1303 1225 of
1314 1167 1466 1227 contente

243 1242 376 1370 ffiffls
412 1260 448 1325 in
464 1259 521 1326 the
536 1280 626 1325 same
641 1258 733 1324 hand
747 1279 783 1323 as
799 1257 857 1323 the
872 1258 962 1343 body
977 1257 1016 1322 of
1031 1257 1088 1324 the
1104 1260 1209 1338 work,
1224 1261 1292 1325 and
1315 1263 1466 1349 occupies

378 1348 384 1361 ’
412 1361 470 1426 the
485 1361 559 1426 first
581 1360 683 1447 quire.
728 1358 936 1445 Arohbishop
952 1358 1078 1424 Parker
1098 1358 1158 1425 has
1179 1362 1293 1426 erased
1313 1361 1371 1428 the
1391 1363 1467 1428 title

412 1464 479 1528 and
499 1467 598 1547 entry
613 1460 651 1528 of
663 1459 828 1531 monastic
847 1458 1045 1546 authorship
1061 1481 1104 1527 on
1120 1460 1178 1526 the
1198 1462 1272 1527 first
1291 1485 1384 1550 page,
1399 1464 1467 1530 and

411 1563 472 1630 has
502 1563 648 1629 inserted
677 1561 807 1628 instead
844 1560 1051 1629 “Gervasius
1081 1560 1368 1629 Dorobernensis'’
1399 1565 1465 1631 and

413 1665 635 1732 “Matthaeus
662 1662 819 1730 Oantuar.
846 1661 960 1733 15742’
1018 1663 1051 1728 It
1077 1663 1194 1730 isone
1221 1665 1259 1731 of
1278 1665 1336 1731 the
1361 1667 1465 1733 books

413 1766 523 1835 which
546 1766 589 1833 he
614 1787 698 1854 gave
725 1771 760 1830 to
786 1764 844 1830 the
871 1763 1059 1849 university
1083 1764 1121 1828 in
1147 1765 1223 1831 that
1246 1787 1334 1851 year.
1381 1768 1465 1834 Itis

413 1870 584 1955 evidently
610 1891 631 1936 a
655 1867 864 1951 Cantarbury
888 1865 968 1944 MS„
998 1866 1065 1932 and
1095 1866 1155 1934 has
1185 1889 1229 1934 on
1251 1891 1273 1934 a
1295 1869 1428 1956 ily-leaf
1445 1893 1466 1936 a

412 1972 578 2059 fragment
599 1970 635 2036 oi
661 1971 719 2036 the
741 1969 902 2036 monastic
923 1968 1042 2055 origin,
1064 1991 1086 2035 a
1108 1975 1248 2056 century
1263 1973 1330 2037 and
1353 1995 1374 2037 a
1396 1972 1470 2037 half

413 2074 497 2139 later
520 2074 556 2137 in
578 2073 664 2149 date,
687 2071 749 2136 but
779 2069 971 2155 containing
1001 2075 1124 2135 matter
1153 2071 1191 2138 of
1217 2071 1382 2141 sufficient
1403 2075 1464 2139 im-

413 2179 569 2261 portasse
584 2179 620 2240 to
635 2173 677 2239 be
692 2172 867 2258 preserved
882 2171 918 2236 in
933 2170 1002 2235 this
1018 2172 1118 2258 place.

245 2316 367 2369 hoamen-
450 2304 590 2360 “Notum
617 2302 657 2359 sit
680 2301 815 2358 omnibus
841 2307 903 2357 tam
933 2301 1127 2374 presentibus
1157 2320 1246 2375 quam
1270 2304 1385 2372 futuris,
1412 2324 1465 2381 per

244 2370 400 2469 ffi‘ffl?
415 2387 434 2412 “
453 2385 634 2442 Willelmum
669 2384 947 2441 Malmisberiensem
977 2384 1052 2440 libro
1083 2385 1180 2451 tertio,
1205 2391 1235 2442 et
1270 2389 1465 2445 venerabilem

414 2470 433 2495 ‘⁸
454 2468 635 2526 Castrensem
652 2469 729 2524 libro
747 2466 871 2540 septimo
889 2467 1016 2539 capitulo
1040 2467 1136 2538 primo
1154 2476 1184 2523 et
1207 2471 1311 2526 ceteris
1328 2472 1464 2542 capitulis

415 2554 434 2579 “
454 2552 490 2607 de
503 2551 699 2624 pontificibus,
709 2568 820 2606 necnon
832 2566 883 2621 per
896 2548 985 2605 Gesta
996 2550 1152 2606 Lanfranci
1164 2551 1235 2607 olim
1248 2551 1465 2611 cantuariensis

414 2638 434 2663 ‘⁴
453 2634 672 2708 archiepiscopi,
687 2632 845 2704 multisque
863 2632 930 2688 aliis
948 2632 1019 2688 locis
1037 2638 1119 2705 patet
1133 2634 1282 2690 evidenter
1294 2636 1372 2707 quod
1388 2655 1464 2694 anno

415 2722 434 2746 “
453 2720 572 2774 Domini
590 2717 746 2774 millesimo
763 2715 977 2788 septuagesimo
995 2718 1131 2783 seeundo,
1146 2718 1319 2774 auctoritate
1337 2726 1368 2775 et
1385 2739 1465 2776 man·

414 2804 433 2830 “
452 2802 521 2857 dato
537 2819 620 2873 papae
638 2799 809 2856 Allexandri
827 2800 946 2855 secundi
965 2805 995 2854 et
1013 2800 1059 2856 sui
1081 2801 1266 2872 pontificatus
1284 2820 1463 2871 annonem,

413 2889 433 2914 “
452 2904 486 2941 ae
497 2891 628 2956 tempore
645 2883 789 2941 Willelmi
807 2882 1013 2952 conquestoris
1030 2883 1110 2954 regis
1122 2884 1241 2956 Anglise
1254 2903 1331 2942 anno
1350 2894 1464 2958 quarto,

414 2971 432 2995 “
452 2965 1093 3037 LanirauousGantuariensisarchiepiscopus
1101 2967 1464 3040 prelocutuspraesulatus

415 3051 433 3076 “
453 3050 499 3104 sui
511 3066 586 3104 anno
605 3049 707 3119 primo,
728 3046 861 3118 expetiit
879 3046 916 3102 de
933 3046 1044 3101 'I'homa
1062 3047 1237 3103 Eboracensi
1249 3050 1464 3124 archiepiscopo

414 3134 433 3159 ‘⁴
451 3133 588 3203 scriptam
607 3130 644 3186 de
662 3128 828 3185 obedientia
846 3147 898 3184 sua
915 3144 1028 3201 capam,
1047 3130 1266 3201 professionem,
1286 3151 1352 3189 cum
1370 3135 1463 3207 adjec-

414 3218 433 3242 ‘⁴
453 3216 532 3271 tione
540 3212 725 3286 jurejurandi
743 3217 774 3267 et
791 3212 912 3282 accepit.
956 3211 1001 3267 Ac
1014 3212 1103 3267 etiam
1115 3213 1272 3284 praedictus
1283 3216 1464 3276 Ianfranous

413 3298 685 3370 “archiepiscopus
716 3294 934 3351 cantuariensis
964 3295 1065 3351 eodem
1098 3302 1230 3369 tempore
1257 3300 1294 3356 ab
1323 3303 1464 3360 universis

414 3384 433 3407 ‘⁴
452 3380 570 3452 Anglioe
584 3378 733 3451 episcopis,
748 3377 798 3449 qai
811 3378 892 3450 prins
910 3378 947 3433 ab
965 3377 1031 3432 aliis
1043 3379 1149 3435 sacrati
1161 3380 1287 3448 fuerant,
1301 3400 1386 3455 capes
1398 3403 1463 3457 pro.

414 3466 432 3490 ‘⁴
452 3462 628 3527 fessionales,
642 3460 833 3533 professiones
845 3465 876 3515 et
887 3459 1082 3515 obedientiam
1094 3462 1179 3533 petiit
1190 3469 1221 3519 et
1231 3466 1352 3538 accepit.
1389 3467 1463 3538 Qua·

413 3548 433 3573 ‘⁴
453 3546 584 3602 mobrem
603 3561 701 3600 coram
719 3536 793 3614 rege
805 3543 956 3597 willelmo
974 3543 1078 3614 primo,
1098 3544 1215 3616 Anglioe
1236 3549 1410 3618 presulibus
1435 3557 1465 3607 et

413 3632 432 3656 “
452 3631 539 3695 clero,
554 3645 589 3683 ex
607 3625 745 3682 mandato
763 3642 845 3697 papas
863 3626 1026 3692 memorati,
1044 3627 1185 3685 ventilata
1212 3635 1257 3685 est
1283 3648 1371 3688 causa
1387 3634 1464 3706 apud

414 3715 432 3739 ‘⁸
452 3711 673 3768 Windeshoram
691 3713 722 3764 et
743 3708 774 3763 in
793 3707 909 3779 scriptis
925 3708 1053 3774 redacta,
1073 3714 1104 3764 et
1122 3709 1239 3768 decreta
1256 3714 1334 3784 quod
1360 3716 1465 3772 maluit

413 3798 433 3823 “
453 3795 585 3868 proauis
606 3791 819 3849 successoribus
842 3791 975 3847 laborare
999 3808 1087 3863 quam
1110 3793 1153 3849 eis
1171 3794 1202 3849 in
1220 3802 1370 3866 posterum
1388 3799 1463 3856 hanc

413 3882 432 3906 ‘⁴
450 3877 647 3950 calumpniam
671 3874 883 3930 discutiendam
901 3892 1059 3930 reservare.
1105 3877 1192 3933 Unde
1210 3880 1292 3951 regio
1310 3882 1406 3939 edicto
1429 3902 1463 3941 ac

412 3964 504 4033 “per
533 3978 616 4016 suam
646 3957 871 4031 prerogativam
897 3957 1132 4028 jurisdictionem
1161 3963 1302 4033 compulsi
1332 3965 1463 4035 fuerunt,

412 4047 431 4072 “
450 4044 649 4110 reddiderunt,
665 4043 807 4107 iecerunt,
820 4042 956 4113 legerunt
967 4047 998 4098 et
1015 4041 1166 4099 solverunt
1175 4067 1184 4110 ς
1203 4050 1233 4100 et
1250 4046 1345 4104 adhuc
1364 4065 1464 4107 omnes

412 4129 430 4155 ‘⁸
452 4145 553 4183 eorum
583 4142 760 4182 successores
790 4125 941 4181 solverunt
966 4142 1051 4197 capas
1080 4127 1304 4197 professionsles
1333 4133 1381 4188 val
1411 4151 1463 4206 pro

413 4212 431 4237 “
451 4210 559 4266 eisdem
577 4213 803 4280 composuerunt
827 4212 933 4279 praeter
950 4214 1073 4277 quatuor
1090 4211 1269 4267 venerabiles
1287 4220 1383 4285 patres
1410 4216 1463 4273 co.

412 4295 431 4321 “
450 4299 635 4349 ventrensem
666 4295 696 4346 et
725 4289 969 4346 Lichifeldensem
994 4289 1181 4346 ecclesiarum
1205 4294 1364 4366 episcopos,
1395 4299 1461 4365 vin,

412 4379 431 4402 “
452 4375 625 4439 Robertum,
657 4371 826 4439 Ricardum,
859 4371 1024 4427 Johannem
1060 4378 1090 4428 et
1120 4374 1301 4433 Johannam:
1340 4397 1463 4450 quorum

413 4461 432 4486 “
451 4458 595 4515 secundus
631 4456 662 4511 in
698 4455 820 4511 eeclesia
844 4453 1047 4511 cantuariensi
1078 4457 1211 4527 promisit
1241 4462 1358 4517 oraculo
1387 4465 1462 4521 rivas

412 4544 432 4571 “
450 4543 532 4600 vocis
570 4541 601 4595 in
635 4539 792 4611 praesentis
820 4536 1054 4594 reverendissimi
1083 4540 1175 4611 patris
1205 4547 1236 4596 et
1265 4543 1376 4600 domini
1406 4547 1461 4605 Dei

412 4629 431 4657 “
451 4625 554 4685 Gratia
571 4623 681 4682 domini
700 4622 819 4680 Thema
837 4619 970 4677 Arundel
987 4626 1058 4678 tuno
1077 4622 1461 4707 Oantuariensirtrchiepis·
