3588 5740
677 935 790 988 ornus
811 935 1004 986 meromca
1298 917 1363 982 539

312 1134 329 1162 ‘⁴
351 1126 505 1192 venirent
535 1125 687 1213 episcopi,
709 1146 855 1192 seorsum
889 1124 1022 1191 vocavit
1053 1144 1116 1200 eos,
1139 1123 1237 1188 etde
1264 1121 1526 1241 refer-somnae

294 1238 330 1266 ·¹‘
352 1231 473 1297 mando
504 1235 595 1297 statu
622 1231 766 1297 ecclesiae
788 1229 983 1318 Anglicanae
1016 1228 1144 1293 diutius
1178 1232 1213 1293 et
1244 1194 1413 1294 disertemh
1377 1245 1530 1340 ruffi

312 1339 330 1367 “
352 1333 556 1399 commonuit
578 1331 676 1399 etde
698 1331 788 1399 facili
811 1333 917 1398 traxit
939 1330 983 1397 ad
998 1351 1198 1397 consensum.
1244 1330 1428 1395 Assen-eon
1377 1347 1486 1443 &spicellis

312 1442 330 1471 “
352 1435 416 1500 tire
438 1435 640 1501 videbantur
674 1456 795 1512 omnes,
814 1440 855 1499 ut
880 1431 1036 1551 singuli
1026 1454 1062 1496 m
1085 1431 1275 1518 episcopatu
1297 1451 1366 1507 suo,
1378 1409 1487 1492 ”inerms
1486 1446 1519 1490 no

312 1545 329 1573 “
352 1536 419 1602 et
408 1558 478 1623 rpse
501 1535 763 1622 archiepiscopus
785 1541 825 1600 ut
847 1536 970 1622 primas
991 1555 1051 1620 per
1072 1538 1178 1599 totam
1201 1531 1446 1643 Anglilm’lae
1358 1482 1494 1592 insilioo
1494 1508 1535 1550 ⁶¹7

312 1646 330 1674 “
352 1637 439 1704 vitia
460 1638 674 1725 extirparent,
690 1639 833 1704 virtutes
855 1642 1016 1723 aptarent
1040 1642 1075 1701 et
1100 1635 1289 1700 resistentes
1311 1634 1367 1699 de·
1379 1648 1472 1702 liberti

313 1748 330 1776 “
352 1740 522 1818 bellarent,
556 1741 646 1807 omni
677 1734 812 1828 penitus
844 1739 991 1805 humano
1025 1739 1144 1804 timore
1175 1739 1300 1824 pariter
1333 1740 1368 1802 et

313 1850 331 1878 “
353 1865 464 1909 amore
486 1848 618 1909 semoto.
681 1841 767 1908 Cum
791 1842 894 1930 igitur
924 1846 1039 1908 tantus
1070 1841 1159 1906 inter
1189 1863 1244 1906 eos
1275 1840 1368 1905 vide-

314 1952 331 1980 “
353 1949 446 2013 retur
479 1965 549 2009 esse
580 1964 755 2010 consensus
790 1947 829 2008 ut
863 1942 933 2009 sols
961 1942 1097 2008 libertas
1134 1942 1277 2009 ecclesiae
1304 1941 1368 2007 Dei

315 2058 333 2086 “
356 2055 566 2136 quoereretur,
589 2050 647 2115 ot¹
670 2049 764 2135 quasi
794 2071 909 2114 murus
932 2048 1181 2135 inpenetrabilis
1205 2048 1368 2135 congluti-
1380 2063 1431 2107 οιιι
1402 2063 1522 2159 sopp-mo

315 2159 333 2187 “
355 2151 427 2216 nati
450 2151 651 2227 viderentur,
663 2173 750 2219 unus
773 2151 885 2216 exeis
909 2151 1016 2215 exivit
1038 2156 1073 2216 et
1087 2150 1179 2216 abiit
1213 2150 1368 2230 Quicum
1381 2165 1422 2209 ue
1408 2165 1492 2220 ιιιιιιι

316 2261 465 2340 “·regem
487 2274 632 2319 scorsum
655 2275 677 2320 a
698 2253 801 2320 latere
830 2259 974 2319 stantem
1004 2253 1180 2339 inspiceret
1206 2258 1242 2318 et
1262 2253 1369 2318 subri-

230 2408 233 2413 >
316 2357 437 2422 “dens
470 2356 586 2434 abiret,
619 2356 796 2443 perpendit
826 2377 887 2421 rex
918 2356 1116 2443 episcopum,
1144 2378 1242 2474 quem
1276 2356 1369 2421 intus

316 2466 334 2494 “
356 2459 496 2525 forsitan
518 2463 552 2524 et
579 2463 675 2524 extra
696 2463 844 2536 noverat,
866 2480 934 2523 non
956 2458 1027 2524 sine
1050 2480 1149 2525 causa
1170 2458 1288 2536 risisse,
1312 2456 1371 2523 et²

317 2560 543 2627 “astantibus
573 2560 630 2638 ait
664 2559 853 2626 ‘Revocatc
884 2560 1071 2647 episcopum
1105 2561 1218 2626 illum?
1265 2561 1371 2641 Quem
1384 2586 1491 2632 saeonv
1461 2599 1526 2630 mse

316 2662 512 2728 “secretius
534 2661 721 2748 alloquens;
745 2657 888 2743 ‘Quota’
911 2662 1061 2748 inquit,‘
1069 2684 1156 2729 novo
1179 2662 1261 2728 mihi
1282 2637 1525 2742 moreilffl‘l

317 2772 367 2800 “‘
382 2762 530 2830 risistil'
563 2762 628 2829 Oui
651 2765 842 2851 episcopus·
876 2763 1055 2841 ‘Vellesno
1078 2764 1218 2844 domine,
1240 2772 1281 2831 ut
1303 2767 1373 2852 plo-

319 2873 337 2901 “
361 2870 518 2931 ‘rareml
557 2864 828 2952 ‘N010,'inquit
858 2888 926 2945 rex,
960 2872 1026 2931 “ut
1056 2867 1173 2954 plores,
1204 2869 1262 2933 sed
1295 2891 1373 2956 rogo

319 2977 336 3005 “
359 2968 563 3056 ‘perfidem
586 2990 653 3055 qua
675 2968 776 3035 michi
798 2969 921 3035 teneris
943 2976 983 3035 ut
1000 2969 1105 3053 §michi
1131 2970 1273 3037 fidenter
1298 2993 1374 3038 cau·

319 3080 337 3108 “
360 3082 454 3138 ‘sam
468 3072 555 3137 risus
569 3072 733 3159 exponas?
778 3072 1011 3138 Dissimulavit
1025 3073 1203 3160 episcopus.
1250 3074 1295 3140 Et
1314 3097 1375 3140 rex

320 3182 338 3210 “
359 3175 465 3261 magis
497 3196 536 3241 ac
566 3174 673 3261 magis
702 3174 837 3253 institit,
868 3196 999 3241 causam
1032 3177 1118 3242 risus
1152 3178 1372 3264 expostulans

275 3300 277 3303 ’
320 3284 337 3312 “
360 3276 555 3342 Voluntarie
577 3276 714 3342 tandem
736 3277 846 3343 victus
868 3278 1038 3364 episcopus
1061 3279 1214 3366 exposuit
1234 3301 1375 3357 causam,

320 3386 338 3413 “
360 3383 395 3444 ot
432 3378 658 3465 episcoporum
696 3378 860 3444 revelavit
897 3384 1068 3456 secretum,
1105 3380 1193 3466 quod
1231 3381 1374 3447 ecclesiae

321 3488 337 3515 ‘⁴
360 3479 424 3545 Dei
454 3501 523 3544 una
553 3501 629 3546 cum
663 3480 905 3568 archiepiscopo
936 3503 997 3547 suo
1031 3488 1219 3548 constanter
1250 3483 1375 3548 vellent

321 3580 530 3648 “libertates
552 3582 707 3649 resarcire
729 3583 913 3669 dissipatas.
959 3582 1034 3649 Rex
1055 3584 1185 3650 autem
1191 3586 1285 3671 quasi
1299 3607 1374 3651 cum
1386 3568 1500 3691 Μιι

321 3684 482 3772 “gaudio
504 3684 653 3751 alludens
676 3685 742 3751 ait:
766 3685 939 3752 ‘Ehsei
914 3707 961 3753 src
982 3686 1067 3765 volo,
1089 3687 1137 3754 sic
1166 3687 1314 3754 desidero
1336 3693 1376 3753 ut
1386 3647 1536 3741 megum

321 3793 370 3822 “‘
362 3786 451 3852 ‘mei
473 3786 652 3873 loquentur
674 3787 835 3875 episcopi!
882 3788 1062 3876 Episcopus
1084 3789 1177 3868 sbiit
1201 3795 1236 3855 et
1250 3812 1317 3869 rex,
1333 3747 1535 3858 demd

321 3897 339 3924 “
361 3910 397 3954 se
426 3888 595 3968 sollicitus
617 3889 700 3956 alias
723 3891 812 3956 inter
845 3912 900 3956 eos
925 3889 1115 3957 innecters³
1101 3842 1487 3960 ³s0llieitudi'neeblni'0‘s

322 3990 560 4078 “procuravit
591 4013 634 4057 ne
663 3991 820 4058 videlicet
849 3992 993 4080 episcopi
1024 3994 1264 4060 communicato
1299 4017 1375 4062 con-

322 4102 340 4131 “
362 4093 436 4159 silio
458 4093 609 4180 exemplo
630 4093 722 4159 beati
745 4094 880 4162 Thomae
909 4096 1106 4182 martyris
1097 4119 1133 4161 m
1163 4119 1238 4162 eum
1269 4099 1376 4165 corius

322 4198 578 4285 “insurgerent
634 4197 709 4264 Rex
746 4198 851 4286 igitur
887 4200 961 4286 paci
998 4221 1066 4265 suae
1104 4201 1304 4287 prospiciens
1341 4208 1377 4268 et

322 4308 341 4336 “
362 4299 609 4386 tranquillitati,
632 4301 820 4367 convocatis
843 4302 1004 4388 episcopis
1026 4324 1095 4368 una
1117 4324 1192 4368 cum
1214 4303 1376 4391 archicpi-

324 4411 341 4438 “
363 4424 470 4488 scopo,
492 4403 593 4469 talem
621 4403 668 4468 eis
699 4404 871 4490 proposuit
893 4404 1067 4470 materiam
1089 4410 1129 4470 ut
1151 4405 1255 4471 solam
1277 4407 1377 4474 ecclc-

323 4513 340 4540 “
363 4505 421 4570 siae
458 4504 522 4571 Dei
556 4505 726 4571 videretur
770 4512 924 4593 expetere
969 4506 1165 4586 libertatem,
1203 4509 1376 4596 ipsumque

324 4679 370 4687 ρ...

359 4748 367 4812 l
380 4779 420 4847 et]
433 4794 485 4829 om.
496 4779 530 4828 A
542 4780 574 4830 B.
904 4780 1063 4850 mmmm]
1078 4783 1273 4846 innectens,B.;
1290 4787 1376 4840 innec-

359 4856 417 4926 ‘cr]
432 4872 482 4909 om.
494 4860 528 4909 A.
541 4859 573 4910 B.
871 4867 931 4924 tom,
944 4865 970 4914 A
