3662 5728
748 921 860 969 ornas
883 922 1073 971 ΗιετοιὶῐομΗ
1373 910 1438 977 139

387 1113 516 1173 nerunt.
562 1107 781 1173 Mandaverat
794 1112 906 1174 autem
922 1107 1074 1173 dominus
1089 1128 1176 1194 papa
1190 1107 1442 1194 archiepiscopo,
1475 1135 1598 1180 nonna

387 1216 428 1275 ut
449 1211 490 1275 de
513 1210 561 1275 eis
590 1209 691 1275 simul
713 1216 748 1274 et
770 1210 844 1275 aliis
875 1210 1021 1276 debitam
1052 1217 1218 1277 exerceret
1248 1211 1441 1276 vindictam.
1457 1199 1614 1294 ffiussffith,

388 1312 663 1399 Archiepiscopus
692 1313 804 1399 igitur,
826 1312 942 1379 habito
965 1313 1130 1379 eumenis
1153 1313 1296 1391 consilio,
1320 1313 1443 1379 Silves-
1456 1262 1599 1394 ῗζξῖξξέἕβ

388 1420 477 1480 trum
492 1415 634 1501 priorem
648 1414 692 1479 ab
706 1413 810 1481 officio
825 1415 990 1501 prioratus
1006 1415 1166 1500 deposuit,
1179 1414 1443 1482 etWillelmuml
1458 1401 1590 1495 mgni,

389 1518 600 1584 secretarium
622 1517 666 1582 ab
687 1517 829 1583 introitu
851 1517 942 1583 chori
964 1519 1146 1605 suspendit.
1192 1518 1370 1584 Decretum
1394 1522 1445 1582 est
1457 1501 1611 1605 ffifflffi‘s

390 1621 489 1686 etiam
513 1626 554 1686 ut
577 1625 672 1686 tanto
695 1621 852 1707 temporis
874 1621 982 1708 spatio
1005 1642 1027 1685 a
1053 1621 1176 1687 divinis
1199 1627 1363 1687 cessarent
1383 1603 1528 1687 wne).

389 1724 462 1800 teri,
486 1728 611 1809 quanto
633 1723 749 1790 illicite
772 1728 888 1789 contra
908 1729 1110 1810 praeceptum
1132 1723 1369 1810 archiepiscopi
1392 1744 1444 1788 ea-

390 1825 465 1890 dem
480 1824 627 1891 misteria
641 1824 894 1891 celebraverant.
940 1825 1088 1911 Dignum
1103 1846 1245 1911 namque
1259 1824 1445 1901 videbatur,

391 1933 430 1993 ut
452 1928 663 1994 cantantibus
686 1933 721 1993 et
742 1927 963 2015 gaudentibus
990 1928 1118 1993 eaeteris
1140 1926 1205 2014 ipsi
1228 1927 1364 1999 silerent
1387 1928 1445 2012 qui

391 2030 517 2096 caeteris
539 2030 726 2097 tacentibus
748 2030 985 2097 contumaciter
999 2036 1132 2096 cantare
1155 2034 1444 2117 praesumpserunt

392 2133 574 2223 Ooeperunt
596 2136 701 2222 igitur
721 2157 743 2201 a
765 2136 889 2202 divinis
911 2157 1044 2213 cessare,
1069 2141 1103 2201 et
1125 2156 1146 2201 a
1167 2135 1355 2222 pulsatione
1379 2136 1444 2223 sig·

391 2258 518 2314 norum,
544 2237 727 2303 ebdomada
752 2238 896 2304 secunda
919 2237 1195 2324 Quadragesimae,
1223 2244 1259 2304 et
1280 2238 1445 2304 siluerunt

391 2362 412 2405 a
434 2345 553 2427 quarto
575 2341 651 2405 idus
673 2339 787 2406 Martii
809 2340 975 2426 usquead
997 2339 1159 2405 kalendas
1182 2340 1337 2427 Augusti.
1385 2341 1443 2406 So·
1458 2371 1588 2432 pasqua„

391 2441 482 2507 lesa
511 2441 563 2507 aa
594 2441 710 2508 uacus
739 2442 855 2528 regua
877 2441 964 2528 regu
995 2440 1159 2528 stephani
1181 2442 1306 2507 cusam
1330 2441 1445 2509 enen
1456 2422 1608 2526 matu,

390 2544 573 2631 Augustini
602 2545 819 2631 frequentare,
842 2545 921 2631 quia
951 2565 1033 2630 opus
1063 2543 1104 2609 de
1132 2542 1333 2610 Faversham
1356 2545 1445 2631 quod

392 2646 465 2733 ipsa
479 2668 554 2713 cum
570 2647 704 2714 domino
727 2669 788 2712 suo
810 2669 886 2733 rege
909 2645 1079 2730 Stephano
1102 2667 1124 2711 a
1145 2646 1372 2712 fundamentis
1394 2647 1444 2711 in-

390 2754 521 2837 ceperat
529 2750 855 2837 perficerecupiebat,
868 2755 910 2826 et,
921 2749 1000 2835 quia
1008 2748 1263 2834 Augustinianis
1274 2748 1442 2814 silentium

392 2852 584 2939 impositum
599 2858 658 2931 est,
674 2852 849 2919 monachos
872 2851 1016 2917 ecclesiae
1031 2850 1160 2917 Christi
1172 2872 1289 2917 vocare
1311 2851 1444 2930 solebat,

391 2956 484 3021 utel
507 2955 597 3042 apud
620 2954 780 3045 Sanctum
803 2954 1029 3041 Augustinum
1053 2954 1168 3019 divina
1190 2953 1400 3020 celebrarent.

437 3057 535 3134 Nota,
559 3056 683 3134 Lector,
707 3057 795 3144 quod
817 3078 857 3121 ea
879 3077 953 3142 quae
975 3076 1076 3142 supra
1098 3055 1188 3122 dicta
1210 3061 1298 3134 sunt,
1321 3056 1606 3132 scilicetmnoutyot

394 3158 435 3224 de
458 3158 596 3224 concilio
619 3158 774 3224 Remensi
797 3158 833 3222 in
856 3157 965 3223 media
988 3156 1247 3243 Quadragesima
1273 3131 1614 3236 celebrataiiifiiii‘io'e

267 3277 270 3283 ’
393 3258 434 3324 de
456 3259 658 3346 relegatione
687 3259 924 3346 archiepiscopi
954 3264 1030 3345 post
1058 3259 1233 3325 concilium
1255 3264 1291 3325 et
1311 3266 1447 3347 propter
1457 3243 1530 3285 Μ’·

393 3361 567 3427 concilium
589 3361 686 3437 iacta,
702 3360 743 3425 de
758 3359 936 3425 interdicto
955 3365 1054 3444 ‘terrae
1077 3360 1183 3445 pridie
1206 3360 1281 3425 idus
1296 3359 1444 3447 Septem-

393 3463 462 3528 bris
483 3462 638 3529 inchoato
661 3463 793 3549 quando
816 3461 967 3528 monachi
985 3462 1099 3528 Sancti
1113 3463 1295 3550 Augustini
1318 3485 1444 3530 cessan-

393 3565 484 3630 tibus
506 3565 581 3631 aliis
596 3569 826 3641 cantaverunt,
844 3564 884 3629 de
899 3564 1072 3631 eoncordia
1087 3565 1189 3629 etiam
1211 3565 1445 3654 archiepiscopi

393 3668 437 3733 ad
459 3690 578 3755 regem,
601 3668 643 3734 de
672 3667 1011 3734 excommunicatione
1041 3667 1275 3733 monachorum
1305 3669 1348 3734 ob
1369 3690 1444 3734 oon-

392 3770 571 3836 tumaciam
594 3776 629 3835 et
650 3775 885 3856 contemptum,
905 3769 946 3833 de
968 3769 1147 3835 cessatione
1170 3771 1347 3837 eorundem
1370 3793 1444 3858 quae

392 3870 517 3958 incepit
548 3871 691 3938 secunda
720 3871 903 3938 ebdomada
936 3870 1203 3957 Quadragesimae
1234 3871 1319 3938 feria
1349 3879 1446 3939 sexta

392 3980 510 4060 quarto
532 3973 607 4039 idus
630 3974 763 4055 Martii3
783 3973 856 4040 haec
877 3972 989 4039 omnia
1010 3974 1152 4059 reperies
1175 3974 1296 4061 scripta
1317 3974 1355 4041 in
1375 3975 1445 4062 ple·
1495 4056 1498 4061 Ι

392 4076 501 4161 risque
531 4075 697 4142 codicibus
720 4075 782 4141 sub
805 4097 893 4142 anno
915 4092 1097 4154 nexuum,
1113 4098 1187 4162 quae
1211 4077 1323 4143 omnia
1344 4078 1445 4143 simul

392 4183 479 4244 stare
501 4199 569 4244 non
590 4183 750 4264 poterunt
771 4179 807 4244 in
830 4179 967 4246 cronicis
989 4178 1079 4244 illius
1100 4178 1245 4246 maxime
1259 4180 1318 4265 qui
1340 4202 1444 4246 annos

396 4280 513 4368 gratiae
540 4280 663 4368 incipit
683 4302 705 4347 a
726 4280 902 4348 Dominica
932 4281 1130 4361 Nativitate
1153 4282 1218 4348 nisi
1249 4282 1333 4348 velit
1362 4284 1444 4350 duas

394 4384 668 4470 Quadragesimas
683 4385 719 4449 in
733 4406 802 4451 uno
816 4406 904 4450 anno
925 4385 1133 4464 constituere,
1149 4391 1184 4452 et
1198 4387 1444 4473 suspensionem

394 4485 636 4565 monachorum,
648 4508 723 4573 quae
738 4491 815 4573 post
829 4486 1004 4553 canalium
1020 4488 1171 4574 sequenti
1187 4487 1446 4576 Quadragesima

393 4591 482 4658 faeta
497 4594 555 4667 est,
571 4589 654 4655 velit
675 4589 712 4654 in
734 4588 808 4676 ipsa
823 4588 1083 4677 Quadragesima
1096 4596 1306 4678 anteponere,
1321 4592 1445 4660 scilieet

667 4882 671 4889 ’
792 4865 977 4937 ¹Wu1um]
991 4884 1042 4922 om.
1054 4869 1085 4922 0.
