3628 5728
707 835 821 887 orans
843 836 1035 887 mammos.
1328 824 1394 889 433

340 1050 408 1095 sem
431 1033 466 1095 et
487 1028 583 1093 illum
606 1026 783 1113 Hugonem
807 1025 1022 1107 Oestrensem,
1041 1032 1081 1093 ut
1103 1027 1167 1115 ipsi
1190 1049 1265 1095 cum
1287 1028 1393 1097 arohi-
1424 1050 1547 1097 suarm.

339 1133 492 1218 episcopo
522 1128 781 1217 Rothomagensi
812 1150 923 1216 regem
955 1128 1103 1196 Franciae
1134 1129 1273 1223 adirent,
1296 1131 1393 1217 eique
1406 1102 1527 1215 qhffi.

340 1234 488 1320 quolibet
502 1234 731 1319 integumento
753 1253 813 1318 pro
827 1231 1036 1298 reformanda
1058 1253 1137 1317 pace
1159 1233 1392 1319 supplicarent.
1404 1220 1552 1323 ξῗέζξῃῖξξ

341 1335 614 1421 Archiepiscopus
645 1334 759 1420 itaque
782 1332 1040 1413 Cantuariensis,
1064 1333 1196 1401 diutina
1218 1335 1393 1402 induratus
1406 1321 1534 1417 iluffffloe

340 1437 477 1513 malitia,
501 1439 683 1502 conventus
707 1434 955 1501 Oantuariensis
981 1435 1161 1522 aerumpnis
1184 1456 1250 1501 non
1273 1437 1394 1504 condo·

340 1538 419 1615 lens,
442 1537 673 1605 transfretavit
694 1536 785 1623 apud
807 1536 1015 1604 Winchelese
1037 1537 1113 1602 xvi⁰
1135 1537 1295 1604 kalendas
1309 1538 1394 1605 Julii

340 1664 408 1709 una
430 1664 506 1708 cum
528 1642 625 1708 sociis
647 1641 716 1706 suis
738 1640 906 1726 praedictis
932 1640 1100 1727 episcopis.
1147 1640 1296 1722 Quorum
1318 1663 1394 1708 cnm

341 1766 401 1810 rex
424 1744 581 1821 Franoiae,
604 1748 644 1808 ut
672 1743 762 1809 fama
792 1741 866 1819 fuit,
889 1743 1022 1820 vitaret,
1045 1743 1147 1808 immo
1169 1748 1204 1809 et
1226 1745 1394 1831 vitupera·

339 1852 400 1924 ret,
422 1846 592 1931 colloquia,
615 1866 675 1911 rex
699 1845 891 1931 Anglorum
909 1844 980 1931 jam
1010 1867 1046 1911 se
1067 1866 1136 1932 prm
1162 1845 1213 1911 ira
1234 1867 1302 1913 non
1323 1867 1394 1914 sns-

339 1950 459 2027 tinens,
485 1953 618 2017 coactus
651 1954 703 2013 est
737 1949 795 2014 sed
826 1946 976 2013 invitus¹
1008 1948 1229 2016 transfretare.
1276 1949 1393 2016 Omnis
1406 1971 1520 2024 resine

339 2053 444 2141 igitar
458 2072 559 2118 moras
574 2051 760 2137 impatiens,
774 2051 858 2118 acsi
880 2051 1038 2117 continuo
1060 2051 1096 2116 in
1118 2052 1267 2117 adventu
1289 2052 1394 2139 ipsius
1405 2022 1504 2126 didit.

339 2177 406 2243 pax
438 2155 585 2241 undique
619 2153 788 2220 reformari
821 2154 998 2232 debuisset,
1020 2175 1111 2220 mere
1140 2156 1307 2242 ingressus
1337 2157 1395 2222 sed

339 2257 538 2343 aliquotiens
560 2255 720 2342 repulsus,
744 2257 803 2321 vix
826 2257 962 2322 tandem
985 2256 1049 2322 vito
1070 2258 1146 2323 idus
1167 2257 1253 2323 Julii
1276 2263 1395 2324 utcun-

340 2382 403 2446 que
434 2363 645 2425 transveetus
677 2363 736 2438 est,
772 2365 807 2426 et
838 2359 906 2425 fere
939 2359 1119 2448 nauitagus
1149 2361 1251 2447 juxta
1273 2360 1327 2427 On
1358 2363 1395 2427 in

339 2467 461 2530 terram
484 2462 657 2548 projeetus.
703 2460 793 2527 Dum
824 2463 913 2527 enim
944 2462 1118 2529 Dominica
1149 2464 1203 2530 die
1225 2464 1289 2529 vito
1317 2464 1394 2531 idus

278 2590 280 2595 ·
338 2563 424 2630 Julii
446 2584 603 2650 prospero
625 2564 709 2629 fletu
724 2563 868 2629 sulcaret
889 2565 1002 2641 marie,
1017 2565 1100 2630 hora
1122 2566 1298 2632 undecima
1320 2572 1393 2633 orta
1406 2586 1516 2634 sumat

340 2672 391 2733 est
412 2672 592 2753 tempestas
615 2666 821 2733 validissima
843 2670 937 2734 venti
963 2673 998 2734 et
1020 2669 1143 2755 pluviee
1166 2669 1392 2749 intolerabilis,
1405 2649 1450 2683 ω

340 2770 598 2838 choruscationis
628 2773 664 2836 et
693 2770 843 2847 tonitrui,
865 2771 1102 2858 grandinisque
1124 2771 1168 2837 ad
1190 2773 1393 2860 magnitudi-

338 2894 415 2939 nem
438 2874 493 2938 ovi
516 2871 704 2939 columbini.
750 2870 824 2938 Hae
846 2873 960 2957 itaque
991 2873 1173 2939 saevissima
1195 2879 1392 2961 tempestate
1406 2889 1526 2940 nauum

337 2980 411 3042 tota
432 2979 529 3041 nocte
544 2978 728 3061 quassatus,
744 2973 826 3040 feris
849 2976 992 3041 secunda
1014 2975 1197 3043 semivivus
1220 2978 1255 3042 in
1271 2982 1393 3043 terram
1405 2940 1505 2994 'mm‘

338 3078 503 3164 projectus
526 3080 583 3143 est.
632 3076 714 3142 Inde
745 3077 885 3141 festinus
915 3077 951 3141 in
976 3076 1218 3145 Normanniam
1248 3081 1393 3160 veniens,

338 3179 425 3267 regis
459 3179 661 3246 Francorum
695 3179 845 3244 animum
882 3186 1082 3246 commotum
1120 3182 1228 3248 missis
1265 3184 1394 3250 nuntiis
1406 3201 1527 3254 semera

339 3282 470 3349 studuit
492 3282 655 3367 mitigare.
701 3279 768 3346 Sed
791 3280 847 3346 ille
870 3279 1024 3348 frendens
1056 3290 1095 3348 ut
1118 3285 1179 3362 leo,
1202 3286 1314 3353 omnia
1343 3254 1557 3374 ipii'ii'ei'w

339 3384 408 3450 sins
431 3385 559 3470 sprevit
580 3381 762 3461 mendeta,²
784 3405 822 3450 eo
853 3385 943 3470 quod
972 3386 1126 3452 omnibus
1153 3388 1266 3454 dolum
1288 3391 1395 3477 euspi-

339 3490 470 3552 caretur
506 3486 620 3551 inesse.
682 3483 769 3551 Solis
807 3487 909 3552 armis
947 3510 1016 3553 rem
1061 3490 1216 3576 cupiebat
1260 3490 1394 3567 efficere,

339 3608 467 3675 semper
489 3587 597 3653 indies
620 3608 775 3664 crescens,
794 3594 913 3674 utpote
936 3591 994 3676 qui
1016 3590 1059 3659 de
1081 3592 1171 3658 facili
1194 3593 1395 3660 munitiones

339 3692 425 3779 regis
458 3689 644 3778 Anglorum
678 3691 869 3776 occupabat.
921 3692 1007 3758 Cum
1039 3694 1143 3781 igitur
1173 3718 1233 3762 rex
1262 3697 1394 3784 Anglise

338 3794 423 3881 regis
447 3792 649 3859 Francorum
679 3793 830 3858 animum
853 3795 953 3860 minis
975 3795 1029 3861 vel
1052 3796 1225 3863 blanditiis
1247 3820 1314 3864 non
1337 3821 1395 3867 va·

339 3896 422 3962 leret
445 3895 626 3982 effringere,
650 3896 808 3981 quaesivit
829 3897 873 3963 eb
896 3897 1139 3985 archiepiscopo
1163 3899 1395 3969 Cantuariensi

339 4003 374 4065 et
399 3997 659 4087 Rothomegensi
691 3997 831 4086 aliisque
865 4002 934 4066 suia
969 4001 1173 4084 consiliariis,
1196 4004 1276 4090 quid
1307 4004 1395 4072 facto
1408 4028 1510 4082 nonna

339 4123 422 4189 opus
456 4107 551 4180 esset,
585 4122 790 4187 conquerens
824 4104 865 4169 de
898 4104 994 4190 pueri
1026 4104 1117 4170 illius
1150 4106 1323 4195 inopinata
1361 4080 1520 4175 etis-ilii*

339 4203 532 4290 importune
554 4202 816 4292 impugnatione,
838 4210 873 4271 et
894 4205 1057 4292 juvenilis
1079 4208 1184 4273 animi
1213 4211 1397 4296 pertinacia

339 4304 531 4371 edomanda
579 4304 847 4394 contempnebat
876 4308 965 4374 enim
996 4310 1101 4395 ipsius
1131 4315 1264 4377 aetatem
1287 4314 1396 4399 pueri·

340 4408 414 4484 lem,
437 4429 476 4473 eo
499 4408 588 4493 quod
614 4408 762 4476 nondum
793 4418 879 4477 esset
909 4411 1017 4477 xxiiii.
1040 4433 1212 4479 annorum.
1259 4416 1397 4502 Accepit

297 4507 301 4513 ’
341 4511 455 4598 itaque
477 4532 538 4599 rex
559 4511 596 4577 in
619 4512 764 4579 consiliis
794 4519 834 4580 ut
863 4513 1037 4582 thesauros
1059 4515 1251 4597 effimderet,
1274 4518 1397 4584 milites

326 4768 332 4779 ¹
379 4761 502 4884 mem]
517 4761 680 4827 invisae.
869 4764 874 4832 ι
901 4733 1076 4835 'reatuum
1091 4769 1272 4832 manuviae.

1195 4866 1217 4913 re
1241 4867 1263 4916 u
