3588 5740
729 822 841 870 ornas
864 822 1053 871 ursroarca
1344 806 1411 878 577

357 1014 378 1036 ⁴⁸
397 1013 439 1068 cis
451 1012 593 1069 reditibus
612 1013 806 1084 assignandis,
826 1031 877 1084 per
898 1030 969 1083 quos
988 1019 1048 1067 tam
1067 1012 1148 1084 apud
1168 1013 1354 1084 apostolicam
1366 1030 1409 1068 se·
1441 1020 1497 1065 11).
1505 1026 1564 1067 naa

357 1098 377 1124 ‘⁸
397 1096 462 1152 dem
475 1115 560 1168 qnam
574 1097 650 1169 apud
662 1098 755 1152 curias
773 1097 914 1152 seculares
932 1114 984 1151 sua
995 1102 1114 1167 possent
1125 1096 1244 1166 negotia
1256 1096 1407 1167 expedir03
1423 1071 1552 1182 fflffiffl

358 1181 377 1204 “
396 1179 540 1235 laudabile
554 1179 730 1251 propositum
749 1179 837 1251 primi
858 1179 953 1234 obitus
972 1179 1135 1241 festinatus,
1158 1184 1189 1233 et
1206 1179 1326 1234 secundi
1344 1180 1406 1234 lon·
1422 1190 1489 1233 torroe
1497 1151 1540 1233 dam

355 1264 376 1290 ‘⁶
395 1280 465 1334 gum
478 1265 606 1328 exibam,
618 1262 779 1334 impedivit,
793 1262 868 1318 sicut
884 1263 917 1317 in
928 1263 1035 1318 litteris
1045 1261 1219 1317 venerabilis
1236 1262 1334 1318 fratris
1345 1281 1411 1319 nos·
1423 1239 1563 1381 ξὲἶξζῖἶῇθ

357 1347 375 1372 “
395 1347 435 1401 tri
446 1347 466 1401 J
467 1347 603 1402 ohannis¹
615 1345 761 1417 quondam
773 1345 975 1416 Lugdunensis
993 1345 1198 1417 archiepiscopi
1210 1345 1323 1416 plenius
1341 1363 1408 1402 con·
1422 1340 1544 1435 {affigi

355 1431 375 1456 “
393 1430 504 1485 tinetur
521 1447 694 1502 expressum,
713 1447 778 1499 quae
796 1429 827 1483 in
846 1434 990 1484 nostrast
1008 1430 1131 1483 fratrum
1148 1433 1313 1483 nostrorum
1332 1446 1406 1500 prae·
1537 1422 1543 1435 '

355 1515 374 1538 “
393 1514 486 1568 sentia
499 1514 615 1568 fuerunt
626 1513 762 1567 recitatae.
800 1513 856 1567 His
867 1513 950 1566 bonae
968 1512 1115 1566 memoriae
1128 1511 1309 1566 Baldewinus
1330 1512 1404 1568 Gan·

353 1598 372 1621 “
392 1597 545 1651 tuariensis
562 1596 792 1667 archiepiscopus
810 1596 852 1650 ita
869 1596 1016 1667 proposito
1032 1601 1066 1650 ut
1084 1596 1185 1659 officio,
1205 1595 1355 1650 voluntate
1371 1601 1406 1650 ut

354 1679 373 1704 “
392 1678 546 1749 dignitate,
565 1678 730 1741 succedens,
750 1695 840 1750 prope
853 1678 1024 1733 suburbium
1038 1678 1165 1733 civitatis
1183 1677 1403 1734 Cantuariensis

353 1762 371 1787 “
392 1762 473 1834 quasi
492 1779 544 1833 per
563 1762 658 1817 stadia
676 1761 734 1815 tria
745 1761 792 1816 vel
806 1766 939 1832 quatuor,
953 1762 991 1816 ad
1003 1763 1141 1817 honorem
1155 1763 1268 1833 proesati
1286 1762 1404 1833 protho-

353 1847 372 1870 “
391 1845 520 1900 martiris
532 1853 562 1901 et
574 1846 651 1901 beati
663 1845 781 1899 Thomas
799 1845 889 1915 coepit
900 1849 1067 1900 construere
1078 1845 1239 1910 ecclesiam,
1253 1854 1284 1900 et
1295 1846 1405 1902 etiam‘

354 1930 371 1953 ‘⁴
391 1929 485 1984 felicis
502 1928 712 1984 recordationis
730 1928 841 1983 Urbani
860 1945 943 1999 papae
967 1927 1187 1998 praedecessoris
1205 1932 1297 1983 nostri
1315 1947 1403 2001 super

353 2013 372 2037 “
391 2014 446 2068 boc
471 2013 659 2083 indulgentia
687 2012 825 2082 primitus
850 2011 1013 2082 impetrata,
1034 2009 1118 2082 cujus
1146 2013 1317 2068 auctoritate
1346 2013 1402 2069 sibi

354 2097 372 2120 “
391 2113 559 2151 concessum
572 2095 629 2151 fuit
640 2100 674 2150 ut
686 2095 717 2148 in
729 2094 867 2149 honorem
881 2095 1011 2164 ipsorum
1031 2099 1192 2165 martyrum
1218 2104 1248 2151 ot
1260 2095 1402 2152 aedificare

351 2180 487 2250 “posset
511 2180 671 2243 ecclesiam,
691 2185 721 2234 et
738 2177 775 2232 de
796 2178 927 2249 personis
945 2177 1056 2232 idoneis
1074 2177 1218 2244 ordinare,
1238 2180 1342 2250 quibus
1368 2180 1399 2235 in

353 2266 371 2288 ‘⁸
391 2263 593 2318 ecclesiasticis
616 2261 763 2317 beneficiis
782 2261 919 2316 canonice
940 2260 1115 2332 provideret,
1135 2262 1176 2316 sic
1200 2268 1300 2317 tamen
1322 2263 1398 2333 quod

350 2348 377 2401 ⁴⁴.
390 2347 519 2402 ecclesia
543 2345 649 2402 debitis
675 2345 819 2415 obsequiis
845 2351 875 2399 et
902 2345 1070 2399 necessariis
1095 2345 1250 2417 stipendiis
1277 2342 1398 2404 minime
1413 2340 1560 2438 ffiffih·

351 2433 370 2456 “
389 2431 599 2486 fraudarentur.
638 2430 676 2484 Et
694 2430 763 2484 licet
775 2427 853 2483 idem
866 2428 1003 2484 Urbanus
1017 2427 1156 2484 adversus
1167 2428 1280 2485 dictum
1292 2430 1397 2486 Bulde·
1415 2442 1517 2494 bnhop‘s

350 2515 368 2540 “
388 2516 496 2569 trinum
515 2513 755 2584 predecessorem
772 2516 857 2566 tuum
885 2529 972 2584 super
997 2512 1185 2567 demolitione
1210 2514 1306 2584 operis
1332 2532 1398 2569 suas
1413 2496 1555 2545 mmm·

347 2600 367 2621 “
386 2597 492 2669 saepius
511 2597 624 2651 litteras
642 2595 826 2660 destinasset,
847 2595 915 2667 quia
933 2596 964 2649 in
982 2596 1026 2650 eis
1048 2613 1107 2650 non
1126 2595 1252 2651 faciebat
1276 2596 1313 2651 de
1330 2614 1397 2652 con·

348 2681 366 2703 “
385 2696 466 2736 cessa
479 2682 542 2753 jam
561 2679 746 2749 indulgentia
765 2678 952 2743 mentionem,
972 2678 1000 2733 ei
1019 2678 1155 2733 dicebant
1179 2697 1233 2752 per
1257 2681 1398 2753 rescripta

345 2766 365 2787 ‘⁵
384 2765 537 2835 sequentia
553 2763 721 2820 nullatenus
739 2762 920 2833 derogatum,
941 2778 1005 2833 quaa
1030 2767 1173 2832 praterea
1197 2764 1398 2834 proponebant

346 2848 366 2872 ⁴‘
386 2852 416 2902 et
434 2865 486 2919 per
503 2846 569 2902 falsi
587 2845 809 2918 suggestionem
827 2851 857 2900 et
874 2844 1000 2899 veritate
1018 2844 1109 2901 tacita
1128 2847 1291 2917 impetrata,
1312 2853 1342 2903 et
1359 2850 1397 2905 ad

348 2931 367 2954 “
386 2930 478 3002 ipsius
496 2930 705 3003 archiepiscopi
722 2928 858 2983 notitiam
876 2928 998 2983 minime
1018 2928 1187 2995 devenisse;
1208 2929 1294 2996 unde,
1308 2934 1334 2987 si
1352 2934 1395 2990 eis

345 3015 366 3040 “
384 3031 443 3070 non
460 3019 605 3086 paruerat,
625 3013 744 3085 dejure
761 3029 820 3067 uon
844 3016 959 3082 poterat
985 3012 1169 3084 reprehendi.
1208 3013 1396 3087 Rescriptum

345 3099 366 3122 “
387 3114 500 3171 quoque
524 3102 632 3153 sauctae
658 3095 868 3152 recordationis
899 3094 1035 3166 Gregorii
1065 3111 1147 3166 papae
1177 3095 1397 3168 predecessoris

348 3183 365 3206 “
385 3183 478 3237 nostri
502 3182 613 3253 pariter
636 3178 842 3252 producebant,
875 3179 927 3249 qui
954 3195 1021 3233 cum
1051 3196 1103 3250 per
1132 3179 1246 3236 litteras
1271 3181 1396 3240 indulsit

347 3268 365 3290 ‘⁶
385 3267 546 3337 generales,
565 3270 600 3321 ut
617 3264 758 3335 rescripta
776 3280 841 3334 ques
860 3280 878 3317 a
899 3262 994 3317 tribus
1011 3262 1160 3318 mensibus
1188 3270 1255 3320 aute
1284 3265 1395 3322 obitum

345 3353 365 3376 ‘⁴
384 3349 516 3421 praedicti
533 3348 646 3403 Urbani
664 3346 883 3418 predecessoris
900 3345 946 3401 sui
965 3346 1081 3401 fuerant
1098 3346 1255 3419 impetrata
1272 3349 1395 3406 eandem

347 3431 551 3487 “firmitatem
575 3430 724 3493 haberent,
743 3445 802 3483 non
827 3428 961 3483 obstante
988 3429 1070 3484 obitu
1098 3429 1285 3494 mandatoris,
1306 3450 1394 3503 quam

344 3516 515 3571 “obtinere
545 3512 712 3568 debuissent
741 3511 766 3566 si
796 3517 865 3565 tunc
895 3511 1015 3577 viveret,
1048 3513 1167 3584 negotia
1201 3531 1266 3584 quae
1296 3515 1393 3586 ipsum

344 3602 363 3626 “
384 3597 630 3668 archiepiscopum
649 3602 679 3650 et
701 3595 765 3665 ejus
784 3593 904 3649 clericos
931 3593 1139 3666 contingebant
1165 3596 1218 3652 sub
1244 3598 1394 3668 praemissa

343 3684 363 3706 “
382 3680 477 3736 noluit
493 3677 683 3751 generalitate
701 3675 852 3741 concludi;
872 3693 924 3747 per
942 3675 1020 3747 quod
1051 3677 1192 3733 nimirum
1216 3680 1392 3753 rescriptum

344 3769 363 3791 ⁴‘
382 3761 603 3836 praedecessoris
621 3760 667 3817 sui
684 3760 821 3815 dicebant
837 3759 944 3814 litteris
963 3758 1148 3831 derogatum,
1163 3779 1234 3833 quas
1252 3764 1390 3821 adversus

343 3852 363 3874 ‘⁴
382 3847 632 3918 archiepiscopum
650 3845 795 3899 direxerat
812 3843 849 3898 sd
874 3843 1042 3898 instantiam
1069 3846 1285 3901 monachorum.
1323 3847 1391 3917 Qui-

342 3933 364 3958 “
382 3932 436 3987 bus
464 3930 606 4002 siquidem
633 3927 741 3982 litteris
768 3933 799 3982 et
825 3927 915 3981 etiam
940 3926 1035 3981 felicis
1059 3928 1207 3983 memoriae
1233 3929 1392 3986 Clementis

344 4014 554 4069 “successoris
575 4011 629 4075 sui,
649 4009 700 4082 qui
727 4008 790 4081 ejus
817 4009 848 4063 in
873 4010 927 4064 hac
953 4015 1035 4081 parte
1057 4010 1154 4066 fuerat
1179 4012 1320 4078 imitator,
1339 4008 1394 4085 per

341 4099 360 4124 ‘¹
380 4097 486 4152 factam
503 4102 573 4151 tuuc
591 4093 729 4165 temporis
748 4091 931 4148 amicabilem
950 4094 1189 4165 compositionem
1209 4095 1245 4150 de
1263 4096 1391 4167 partium

342 4184 359 4207 ‘⁶
381 4181 530 4235 voluntate
548 4180 625 4234 iuter
643 4177 895 4250 archiepiscopum
914 4183 944 4232 et
961 4178 1120 4233 monachos
1145 4191 1320 4235 memoratos
1338 4197 1392 4251 per

340 4265 361 4289 “
380 4263 567 4319 karissimum
585 4262 617 4317 in
635 4261 753 4317 Christo
771 4261 863 4316 filium
891 4266 1023 4317 nostrum
1050 4261 1207 4317 Ricardum
1225 4264 1390 4334 Anglorum

341 4349 360 4372 “
380 4364 481 4418 regem
499 4345 653 4408 illustrem,
668 4349 698 4399 et
715 4344 913 4400 venerabilem
932 4345 1053 4399 fratrem
1071 4350 1205 4399 nostrum
1216 4345 1390 4403 Walterium

372 4581 531 4648 ¹Joluauis]
546 4581 616 4632 John
637 4580 671 4633 of
686 4580 856 4644 Canterbury,
877 4579 970 4643 blsbop
989 4577 1019 4629 of
1035 4579 1157 4630 Poictiers
1174 4583 1225 4631 aud
1242 4582 1386 4634 adunardi

262 4676 265 4681 ·
337 4660 430 4726 bisbop
440 4659 471 4711 ol'
479 4660 575 4725 Lycus,
590 4663 748 4710 1181-1195.

371 4738 415 4789 ²et
426 4738 514 4805 ctiam]
528 4754 579 4790 om.
592 4740 624 4789 B.

427 4818 494 4861 Μ’·
1194 4835 1253 4884 oo
