3666 5724
446 918 512 984 324
647 932 810 982 onavssn
831 932 991 983 nossem
1014 931 1288 984 omwsamssm

295 1130 352 1175 sn
359 1134 417 1177 nse
447 1114 528 1180 dens
549 1121 662 1183 autem
689 1116 830 1234 priorem
863 1116 1024 1182 laboriose
1054 1116 1244 1203 spirantem,
1267 1115 1382 1181 timuit
1403 1134 1455 1191 ne,
1470 1111 1500 1177 si

374 1194 571 1284 ber‘ibidem
593 1219 816 1296 moreretur,⁸
807 1240 877 1306 ipse
900 1219 1058 1284 innocens
1089 1217 1287 1304 proditionis
1318 1220 1499 1283 notaretur.

277 1308 393 1411 &322⁸ss
447 1318 622 1385 Postulans
644 1324 757 1385 autem
788 1320 1014 1406 aquomst
1005 1341 1042 1384 ιιι
1063 1319 1180 1386 faciem
1215 1319 1333 1405 prioris
1363 1317 1499 1405 jaciens,

447 1419 648 1486 exclamavit
679 1421 834 1499 dicens,‘
836 1420 1055 1497 ‘Confertare
1087 1420 1219 1487 domine
1252 1420 1350 1506 prior,
1374 1417 1499 1487 confor-

447 1526 566 1600 “tare,
590 1523 708 1588 ludens
730 1524 860 1589 locutus
882 1544 974 1601 sum3
996 1521 1085 1607 quod
1102 1521 1246 1587 volueris
1268 1520 1395 1599 faciam,
1410 1518 1499 1607 quod

447 1623 623 1709 “promisi
646 1624 752 1692 dicam
775 1624 980 1710 etamplius,
1004 1622 1187 1690 confortare
1209 1626 1343 1689 tantum
1364 1627 1401 1688 et
1430 1626 1500 1687 esto

449 1733 464 1759 “
483 1724 674 1810 jocundus.''
715 1726 810 1791 Prior
826 1731 946 1802 autem,
969 1725 1120 1811 passione
1139 1729 1316 1802 transacta,
1331 1727 1500 1810 resumpto

448 1825 569 1911 spiritu
590 1826 720 1892 resedit
767 1825 831 1893 (lui
853 1848 914 1892 rex
946 1825 1130 1912 superiores
1153 1846 1249 1892 voces
1282 1825 1500 1912 ingeminans,

448 1925 577 2005 “Eia''
600 1927 721 2013 inquit,
744 1936 915 2013 “agamus
939 1927 1028 2013 quod
1049 1927 1152 1993 verbo
1174 1932 1273 1994 tenus
1303 1927 1502 2014 promissum

279 2023 467 2118 thpgsmtu
490 2033 548 2105 est,
572 2049 669 2114 opere
691 2027 939 2144 compleamus?
986 2027 1194 2116 Oongregato
1224 2028 1329 2115 igitur
1358 2028 1445 2095 clero
1468 2037 1503 2093 et

280 2124 337 2275 *ἒξ
336 2130 386 2218 {3¹
380 2128 571 2214 n'populo
604 2129 758 2195 multo
748 2151 785 2194 ιιι
822 2130 967 2217 capitulo
1001 2129 1297 2208 westmonasterii,
1334 2129 1394 2195 ubi
1430 2127 1503 2194 hoec

280 2236 415 2318 ¹⁸*
392 2230 1504 2419 :twstttttttadttttttsstdttssotf

280 2424 371 2519 ἓξὲξ]
449 2432 587 2499 “aliter
622 2455 722 2520 quam
760 2434 924 2500 debuit
914 2455 951 2499 m
988 2433 1218 2521 praejudicium
1252 2432 1502 2500 Oantnariensis

450 2543 467 2569 “
490 2534 634 2602 ecclesiae
656 2535 745 2605 facta
767 2540 835 2601 est:
869 2535 945 2600 nolo
976 2540 1089 2601 autem
1123 2541 1163 2601 ut
1195 2535 1336 2621 praefata
1368 2535 1504 2602 ecclesia

449 2644 466 2670 “
490 2636 739 2703 Oantuariensis
776 2636 989 2724 aliquatenus
1028 2637 1105 2723 jure
1143 2657 1202 2703 suo
1246 2637 1405 2723 privetur,
1443 2636 1501 2701 sed

449 2746 465 2772 “
489 2739 576 2824 quod
600 2760 698 2804 suum
721 2760 790 2804 esse
814 2738 997 2805 dinoscitur
1030 2738 1137 2803 eidem
1169 2743 1361 2824 permaneat
1391 2737 1501 2803 illiba-

448 2846 466 2874 “
489 2845 571 2906 tum.
617 2840 701 2911 Volo
723 2840 828 2927 igitur
849 2845 885 2905 et
913 2839 1078 2926 praecipio,
1100 2838 1199 2904 utin
1228 2840 1406 2926 praesentis
1427 2862 1500 2905 ves·

452 2949 469 2976 “
491 2947 546 3008 tra
577 2942 694 3009 electio
725 2941 974 3009 cantuariensis
1004 2940 1241 3028 archiepiscopi
1274 2942 1402 3008 meliori
1433 2941 1500 3007 fine

176 3130 178 3134 ι
452 3042 693 3109 c“ls.'’udatur
738 3042 919 3129 Episcopus
953 3063 1031 3109 vero
1054 3042 1292 3130 Wigorniensis
1324 3044 1501 3130 subjunxit

282 3161 388 3206 soom
451 3143 582 3209 dicens:
613 3144 796 3230 “Episcopi
817 3144 959 3231 Angliae,
981 3143 1100 3213 statues
1121 3146 1194 3224 mei,
1218 3167 1271 3210 me
1292 3145 1499 3222 renitentem,

280 3212 468 3356 latiali«
451 3249 531 3311 “ut
552 3245 652 3324 scitis,
676 3245 866 3332 elegerunt3
887 3244 946 3312 sed
980 3246 1062 3324 dixi,
1096 3246 1185 3332 quod
1218 3251 1253 3311 et
1273 3243 1383 3312 adhuc
1416 3246 1498 3324 dieo,

280 3362 468 3505 bpepou
280 3316 467 3458 ’ωἶοξῖιῖιι
490 3348 578 3435 quod
580 3349 786 3518 ncppdvolo,
808 3370 869 3417 nec
899 3349 1002 3415 debeo
1032 3349 1181 3465 regimen
1212 3349 1322 3516 spbire
1353 3347 1499 3516 Captus-

280 3473 325 3505 ven
450 3450 607 3517 “riensis
711 3450 797 3529 esiae,
831 3451 896 3515 nisi
934 3472 993 3537 per
1029 3450 1172 3537 priorem
1203 3471 1222 3516 e
1272 3471 1400 3518 conven
1416 3473 1472 3517 um

450 3553 523 3635 Quo
557 3553 655 3631 dicto,
689 3552 821 3638 prolata
852 3557 931 3617 sunt
963 3551 1000 3616 in
1032 3551 1179 3617 medium
1212 3552 1389 3670 privilegia
1414 3552 1500 3619 (lan-

448 3656 626 3723 tuariensis
642 3654 784 3722 ecclesie
803 3653 964 3720 delibera
986 3653 1153 3731 electione,
1169 3658 1204 3719 et
1226 3654 1267 3720 ds
1288 3655 1397 3740 prima
1410 3675 1499 3721 voce.

450 3758 653 3840 Quibusin
684 3756 858 3824 audientia
893 3756 995 3834 lectis,
1026 3756 1124 3842 prior,
1162 3761 1203 3822 ut
1239 3757 1360 3844 potuit,
1395 3757 1499 3822 dixit:

451 3858 641 3936 “Audistis
665 3858 723 3944 qui
753 3856 886 3934 adestis,
909 3878 976 3943 qua
1004 3856 1132 3944 fulgeat
1161 3857 1326 3945 dignitate
1352 3856 1500 3924 Cantus.-

449 3970 466 3997 “
489 3960 606 4026 aiensis
636 3958 810 4025 ecclesia
800 3980 837 4023 ιιι
866 3958 919 4023 sni
956 3958 1123 4045 pontificis
1152 3958 1318 4026 electione.
1364 3960 1498 4028 Clarum

449 4071 465 4097 “
489 4063 624 4149 quidem
645 4059 807 4146 estquod
830 4060 946 4127 electio
966 4061 1202 4147 episcoporum,
1224 4083 1324 4147 quam
1346 4061 1383 4127 in
1397 4063 1499 4149 impe·

450 4173 465 4200 “
489 4170 527 4229 tu
557 4184 618 4230 suo
641 4163 797 4239 fecerunt,
821 4161 916 4248 quasi
938 4161 1033 4228 milla
1054 4167 1114 4240 est,
1137 4162 1216 4248 qnia
1229 4168 1499 4249 prosumptuosa,

302 4327 330 4361 eo
448 4276 465 4301 “
489 4271 524 4332 et
560 4265 694 4352 penitus
724 4263 889 4329 cassanda
935 4262 1007 4328 Nos
1030 4285 1107 4351 ergo
1137 4264 1174 4328 in
1205 4266 1339 4332 nomine
1369 4265 1500 4333 sancte

448 4365 663 4432 “Trinitatis
707 4363 862 4452 eligimus
907 4364 1019 4430 virum
1063 4365 1285 4432 venerabilem
1330 4366 1500 4434 dominum

449 4477 466 4503 “
489 4467 718 4533 Baldewinum
746 4464 1009 4552 Wigorniensem
1040 4466 1230 4553 episcopum
1257 4467 1294 4532 in
1315 4472 1444 4554 patrem
1466 4474 1501 4534 et

449 4574 653 4657 “pastorem
687 4566 935 4633 cantuariensis
967 4566 1143 4647 eeclesiae'f
1181 4568 1226 4633 Et
1247 4573 1418 4657 surgentes
1449 4571 1500 4634 in·

448 4668 670 4737 trodirxerunt
691 4688 816 4733 novum
839 4667 980 4733 electum
1011 4668 1048 4732 in
1070 4668 1248 4748 ecclesiam,
1271 4675 1443 4737 anantes
1465 4675 1500 4735 et

448 4772 558 4838 Deum
589 4768 771 4849 laudantes,
802 4768 997 4837 sonantibus
1028 4769 1132 4858 signis
1162 4791 1231 4839 non
1262 4771 1369 4839 solum
1390 4770 1499 4838 West-
