3628 5728
419 857 501 923 498-
617 870 780 922 suavssu
803 870 964 923 nossem
986 869 1269 924 curruumuusrs

267 1071 391 1118 suun
420 1056 476 1122 et¹
497 1056 535 1120 in
555 1057 707 1143 proximo
728 1057 907 1145 praedictus
929 1057 1143 1126 muschedus
1166 1064 1202 1125 et
1222 1079 1331 1126 comes
1352 1058 1476 1142 iterum

252 1134 401 1239 fflfflrii
419 1158 582 1225 discordes
613 1158 808 1226 efficiuntur.
870 1160 1097 1226 Mediantibus
1127 1165 1243 1227 tamen
1278 1161 1476 1249 primoribus

419 1259 551 1346 Angliae
577 1261 713 1326 tandem
733 1254 1099 1349 utcumque'pacifieati
1120 1268 1207 1340 sunt,
1230 1268 1273 1340 et,
1286 1284 1329 1329 ne
1355 1263 1477 1328 iterum

420 1362 560 1430 levitate
574 1384 635 1429 sua
649 1363 798 1430 redirent
811 1364 849 1428 in
863 1363 898 1429 id
919 1364 1038 1455 ipsum,
1052 1364 1247 1452 alienigenae
1269 1364 1478 1452 stipendiarii

422 1465 467 1531 ed
488 1487 582 1531 suam
604 1467 753 1553 patriam¹
770 1467 859 1533 unde
882 1474 1044 1533 venerant
1064 1473 1287 1534 revertuntur.

252 1579 387 1676 {imi
469 1566 654 1633 Oelestinus
677 1589 771 1655 papa,
786 1572 898 1635 mente
919 1569 1093 1636 revolvens
1115 1570 1230 1636 sedula
1252 1575 1378 1655 quanta
1399 1568 1478 1634 Bal·

253 1682 395 1777 3333„
423 1670 574 1736 dewiuus
599 1669 861 1756 archiepiscopus
884 1671 1064 1737 conventui
1090 1670 1324 1738 Cantuariensi
1345 1671 1476 1736 intulis-

253 1783 412 1878 fflffit,
423 1777 475 1837 set
488 1772 683 1859 gravamina
696 1771 865 1872 occasione
879 1772 1013 1859 capella
1036 1794 1136 1859 quam
1158 1774 1195 1838 in
1215 1773 1373 1838 suburbio
1395 1772 1477 1839 civi-

254 1884 350 1930 numa
423 1874 505 1940 tatis
536 1873 786 1940 Cautuariensis
816 1879 975 1953 erexerat,
1001 1876 1212 1962 ipsorumque
1242 1874 1476 1941 monachorum

422 1977 582 2064 pressuris
612 1970 824 2063 compatiens,
855 1977 1085 2043 executoribus
1123 1978 1231 2043 tribus
1259 1977 1342 2042 viris
1371 1977 1477 2043 fideli·

422 2079 485 2145 bus
503 2084 538 2145 et
560 2078 713 2146 discretis
731 2101 791 2166 pro
813 2084 981 2146 conventu
1004 2079 1236 2147 Cautuariensi
1258 2081 1477 2166 subscriptam

422 2182 548 2248 direxit
569 2182 743 2269 epistolam
758 2207 812 2248 :-

254 2292 381 2402 affl
425 2369 445 2397 u
461 2283 1477 2441 {immisisset-{ststudiositati

254 2406 412 2554 ἓξὲξ
424 2453 445 2567 Σ
463 2458 494 2550 st
516 2452 553 2508 de
576 2451 734 2549 Waltham·
748 2452 920 2549 abbatibus,
932 2455 1059 2510 salutem
1077 2461 1107 2510 st
1130 2454 1319 2526 apostolicam
1342 2453 1476 2552 benedic·

253 2559 412 2713 tgrQ
426 2621 445 2648 ««
462 2536 1391 2610 um

253 2711 406 2756 succussus
426 2707 445 2734 “
464 2722 565 2778 passus
595 2709 649 2771 cst,
680 2702 884 2760 discretionem
913 2706 1041 2758 vestram
1069 2721 1130 2760 non
1158 2704 1302 2760 oredimus
1330 2705 1475 2776 ignorare.

253 2760 392 2857 &duffii
423 2790 442 2819 “
461 2789 604 2859 Quoniam
621 2787 714 2859 igitur
727 2788 790 2860 jam
808 2786 904 2842 dictus
922 2786 1164 2859 archiepiscopus,
1184 2787 1317 2858 quamvis
1334 2787 1371 2843 de
1387 2788 1477 2843 refor-

253 2863 318 2905 ”fflh
425 2875 445 2900 ‘⁶
462 2873 570 2929 mando
588 2875 667 2928 stetu
684 2872 809 2926 hotrum
826 2870 958 2941 ipsorum
975 2871 1008 2925 in
1024 2870 1174 2943 integrum
1191 2870 1363 2927 mandatum
1380 2872 1476 2927 felicis

425 2959 444 2986 ‘¹
462 2956 669 3013 recordationis
682 2951 816 3011 Urbani⁸
828 2960 858 3010 et
876 2953 1035 3010 Clementis
1052 2955 1294 3027 predecessorum
1311 2960 1476 3011 nostrorum

425 3043 444 3068 ‘⁶
463 3040 648 3112 suscepisset,
667 3036 796 3093 nondum
814 3055 882 3092 cum
899 3037 957 3092 iter
976 3038 1220 3110 peregrinationis
1244 3039 1371 3111 arripuit
1386 3040 1475 3094 refor-

425 3126 443 3152 “
461 3129 557 3180 marat
583 3122 621 3178 ad
645 3122 776 3193 plenum,
801 3139 855 3194 per
878 3122 1037 3193 apostolica
1060 3122 1143 3179 vobis
1170 3123 1280 3196 scripta
1303 3123 1476 3179 mandamus

424 3208 444 3233 ‘⁶
462 3212 551 3279 atque
575 3205 773 3278 precipimus,
802 3205 939 3276 quatinus
966 3205 1047 3260 omni
1073 3204 1222 3272 diletione,
1248 3205 1475 3262 contradictione

425 3291 444 3316 “
463 3296 497 3346 et
506 3289 702 3363 appellatione
719 3294 859 3355 cessante,
873 3288 1010 3346 ecclesias
1027 3306 1095 3345 eum
1112 3289 1255 3346 fructibus
1273 3289 1341 3359 iudo
1358 3307 1475 3362 pereep-

425 3376 445 3405 “
462 3374 512 3439 tis,
532 3379 562 3429 et
579 3373 638 3428 alia
655 3390 720 3444 quae
737 3372 909 3445 sepedictus
933 3371 1165 3445 archiepiscopus
1181 3372 1254 3444 ipsis
1271 3373 1380 3444 absque
1398 3373 1477 3444 juris

425 3461 445 3485 “
464 3458 566 3515 ordine
583 3457 715 3523 abstulit,
728 3461 828 3513 nostra
844 3456 915 3512 freti
931 3455 1104 3512 auctoritate
1121 3473 1190 3512 cum
1206 3457 1376 3528 integritate
1392 3457 1476 3512 resti·

425 3542 508 3598 “tui
525 3541 650 3609 faciatis,
669 3546 816 3597 eteorum
833 3539 1008 3606 detentores,
1027 3539 1053 3595 si
1070 3557 1141 3613 opus
1159 3539 1258 3606 fuerit,
1281 3557 1401 3596 censura
1417 3556 1477 3595 non

423 3628 443 3654 “
462 3625 606 3682 differatis
630 3624 825 3681 ecclesiastica
847 3639 990 3690 coercere,
1012 3622 1107 3679 modis
1131 3624 1266 3680 omnibus
1290 3624 1476 3680 observantes

424 3712 443 3739 “
460 3729 499 3766 ne
519 3711 552 3766 in
571 3710 636 3765 loeo
656 3726 743 3782 quem
768 3708 926 3781 apostolica
948 3708 1173 3780 condempnavit
1195 3707 1352 3765 auctoritas
1376 3707 1476 3765 divina

424 3796 444 3821 “
463 3795 500 3850 de
518 3799 623 3850 caetero
640 3793 833 3859 celebrentur,
852 3790 903 3848 sed
921 3792 1019 3864 potius
1037 3791 1150 3864 capella
1165 3792 1286 3860 ibidem,
1305 3797 1340 3848 ut
1357 3766 1473 3859 dicitnr,

424 3878 443 3905 “
463 3882 560 3934 erecta
577 3877 710 3933 funditus
727 3876 904 3941 destruatur,
924 3881 954 3931 et
971 3874 1048 3931 sicut
1065 3892 1084 3930 e
1096 3876 1233 3957 patribus
1251 3876 1360 3932 nostn's
1376 3876 1474 3932 decre·

422 3962 527 4019 “tum
547 3978 610 4019 esso
633 3960 803 4026 dinoscitur,
823 3959 1029 4015 canonicorum
1052 3958 1284 4016 institutionem⁴
1306 3967 1475 4016 revocantes

423 4047 494 4102 “in
513 4046 642 4111 irritum,
661 4062 710 4101 eos
735 4043 914 4099 denuntietis
932 4047 963 4099 et
978 4043 1102 4099 teneatis
1119 4060 1274 4116 suspensos
1293 4043 1345 4115 qui
1361 4043 1393 4099 iu
1409 4044 1475 4099 loco

421 4132 442 4159 “
459 4130 525 4203 ipsc
550 4134 620 4203 post
646 4127 876 4207 prohibitionem
900 4119 1091 4200 apostolicam
1120 4126 1221 4183 divina
1240 4127 1371 4184 scienter
1399 4144 1473 4200 pra·

422 4214 647 4286 “sumpserunt
672 4209 766 4267 officie
792 4210 948 4277 celebrare,
973 4209 1065 4266 donec
1090 4210 1128 4265 ad
1157 4210 1256 4266 mdem
1285 4199 1473 4284 apostolicam

421 4300 442 4327 ‘⁸
459 4298 581 4356 veniant
598 4293 778 4352 absolvendi.
813 4293 886 4351 illos
903 4310 1018 4367 quoque
1036 4292 1088 4365 qui
1105 4294 1282 4351 sententiam
1303 4294 1361 4367 pise
1378 4311 1473 4350 recou-

422 4381 443 4411 “
460 4381 585 4437 dationis
602 4396 686 4453 papas
704 4376 863 4433 Clementis
880 4372 1036 4432 inom'risse
1053 4383 1212 4432 noscuntur
1229 4376 1342 4433 cautius
1359 4377 1472 4434 facietis

420 4465 442 4492 “
460 4464 497 4521 ab
521 4462 657 4520 omnibus
677 4461 790 4527 evitari,
808 4459 900 4517 donee
922 4459 1052 4517 ecclesia
1076 4458 1273 4517 satisfactione
1296 4460 1473 4534 competenti

453 4646 514 4715 ¹01]
530 4648 583 4711 scd,
595 4647 626 4700 0.
1003 4645 1015 4680 ⁸
1029 4643 1144 4713 Urbani]
1158 4661 1242 4711 papa,
1251 4645 1301 4698 ius.
1311 4645 1341 4699 (i.

453 4726 634 4796 ’atacem
647 4726 842 4793 ,Scelipistola
850 4726 922 4781 osn-
1003 4724 1220 4795 masam]
1235 4725 1473 4790 restitutionem&

419 4807 558 4860 mrisusss
576 4807 626 4860 No.
637 4805 759 4869 ccclviii,
769 4823 795 4873 p.
806 4808 865 4859 837.
1431 4808 1434 4813 '
