3646 5720
653 944 658 951 ⁴
731 970 844 1020 orans
866 934 1057 1022 nisronror.
1349 958 1413 1023 295

407 1156 486 1221 Non
525 1155 631 1220 multo
672 1159 747 1241 post
785 1156 896 1242 elapso
929 1162 1076 1241 temporo
1109 1155 1412 1223 Christianissimus
1442 1176 1565 1222 enum.

362 1280 422 1323 rex
451 1256 653 1323 Francorum
686 1257 871 1324 Lodovicus
900 1258 985 1323 obiit
1020 1257 1095 1322 xvt0
1131 1258 1292 1324 kalendas
1314 1239 1584 1343 Oetaffll‘gsssselssm

363 1361 441 1437 bris,
465 1381 553 1424 anno
582 1359 675 1445 regni
705 1360 757 1424 sui
781 1359 909 1436 xl0iiii⁰‚
935 1361 1103 1425 enutritus
1133 1360 1170 1424 in
1193 1361 1281 1425 bona
1304 1340 1543 1434 senec-iffi„

363 1467 444 1526 tute.
502 1460 607 1547 Cujus
637 1482 754 1546 corpus
785 1461 953 1547 sepultum
980 1467 1031 1526 cst
1058 1462 1148 1547 apud
1179 1461 1348 1527 Barbellas
1378 1441 1554 1526 inausum

366 1564 565 1629 monasterio
590 1584 650 1628 suo
674 1564 762 1649 quod
792 1563 863 1649 ipse
887 1562 1094 1628 fundaverat.
1141 1563 1235 1629 Obiit
1258 1564 1415 1629 Warinus
1426 1582 1507 1627 wara
1519 1583 1583 1634 ruer

363 1666 453 1752 prior
486 1664 650 1743 Dovoriae,
681 1665 734 1730 cui
775 1665 931 1730 successit
965 1665 1001 1729 in
1031 1665 1216 1751 prioratum
1246 1633 1573 1779 Johannesffloun

364 1766 539 1832 celerarius
566 1764 764 1843 Cantuariae,
779 1767 988 1853 suscepitque
1003 1766 1187 1853 prioratum
1209 1768 1247 1831 in
1269 1768 1416 1854 capitulo

366 1868 564 1945 Cantuariae,
588 1868 785 1953 praesidente
809 1873 844 1933 et
867 1868 1078 1955 praecipiente
1105 1869 1247 1935 Ricardo
1270 1869 1416 1936 Cantus-

364 1970 465 2034 riensi
495 1968 737 2055 archiepiscopo
774 1975 809 2034 ct
838 1971 1038 2035 assentiente
1069 1976 1244 2037 conventu.
1290 1972 1333 2036 In
1362 1972 1556 2038 dieNewwin·

364 2071 560 2137 festivitatis
591 2070 706 2136 Sancti
732 2071 870 2136 Msrtini
900 2093 988 2137 nova
1019 2079 1154 2139 moneta
1183 2074 1341 2139 instituta
1366 2033 1585 2139 ast-geroam
1640 2146 1643 2153 ⁴

365 2175 401 2237 in
422 2172 553 2259 Anglia,
569 2178 603 2238 et
627 2174 663 2237 in
690 2173 897 2238 ordinatione
922 2173 1037 2240 Sancti
1063 2176 1185 2262 AElfegi
1210 2182 1417 2243 consecratus
1429 2187 1545 2249 &tritos

366 2280 417 2340 cst
447 2274 632 2340 Seinfridus
657 2272 869 2340 Oioestrensis
895 2274 1075 2373 episcopus,
1099 2277 1180 2342 data
1208 2238 1576 2384 professionsgiffiiiid

366 2377 456 2462 apud
486 2375 710 2454 Cantuariam,
740 2377 861 2443 domno
890 2376 1032 2445 Ricardo
1062 2378 1305 2468 archiepiscopo
1330 2401 1418 2467 epus·

367 2480 442 2547 dom
466 2478 620 2547 civitatis.

737 2726 1060 2795 MOLXXXL—IV.

414 2879 534 2945 Mulier
567 2878 718 2964 quaedam
756 2878 964 2966 prophetissa
996 2880 1054 2945 sed
1085 2884 1119 2945 et
1149 2878 1346 2967 prodigiosa,
1378 2878 1419 2943 de
1449 2896 1572 2941 anun.

370 2981 554 3048 Gasoonia¹
577 2981 717 3047 Romam
739 2982 885 3059 veniens,
906 2982 1098 3048 Alexandro
1124 3002 1219 3069 papae
1249 2982 1378 3047 litteras
1399 2961 1569 3057 almi?

308 3068 311 3077 ’
370 3084 442 3149 Deo
471 3083 534 3148 sibi
564 3083 681 3147 missas
710 3082 868 3167 porrexit,
897 3082 934 3146 in
972 3083 1093 3169 quibus
1123 3083 1276 3168 quaedam
1306 3081 1421 3148 futura
1432 3063 1513 3108 m

370 3185 521 3272 prodigia
543 3184 747 3270 legebantur.
793 3184 875 3250 Haec
904 3205 980 3251 oum
1009 3185 1095 3249 mira
1117 3185 1249 3264 diceret,
1274 3183 1422 3270 praelatis

260 3362 268 3371 ¹
347 3285 515 3371 ,ecclesiae
545 3285 702 3349 festinum
733 3284 904 3351 imminere
935 3285 1066 3351 dicebat
1087 3285 1279 3371 periculum
1338 3284 1422 3350 Haec

371 3389 408 3451 in
438 3387 540 3453 oculis
566 3386 692 3451 domini
718 3408 813 3472 papae
842 3392 878 3453 et
906 3387 1006 3452 curiae
1037 3385 1195 3451 Romanae
1224 3387 1261 3450 in
1290 3391 1423 3452 tantum

373 3491 489 3556 extitit
512 3488 724 3569 admirabilis,
740 3493 780 3552 ut
803 3489 839 3552 in
865 3508 960 3573 papae
984 3488 1109 3572 palatio
1134 3487 1322 3553 recumbere
1337 3487 1423 3553 dioe-

372 3598 473 3659 retur.
519 3591 609 3656 Nam
633 3611 655 3654 a
678 3594 797 3675 quarta
822 3588 907 3654 feria
930 3609 1034 3673 usque
1064 3589 1101 3652 in
1130 3588 1306 3654 sabbatum
1332 3587 1423 3654 omni
1435 3593 1591 3690 ffirm-

373 3694 556 3762 ebdomada
592 3692 816 3759 indesinenter
843 3691 1039 3756 dormiebat.
1102 3690 1314 3776 Loquebatur
1351 3690 1426 3755 dor·

374 3797 480 3862 miens
504 3794 633 3879 aliquid
656 3793 829 3879 spirituale
856 3793 953 3858 labiis
978 3792 1177 3878 compressis.
1223 3792 1266 3856 In
1288 3797 1425 3879 gutture
1445 3801 1450 3809 '

375 3898 498 3985 quippe
524 3917 591 3960 vox
617 3915 772 3960 resonans
795 3895 839 3960 ad
859 3894 1067 3960 audientium
1091 3893 1246 3980 pervenit
1259 3894 1423 3959 notitiem.

376 3998 565 4065 Profluebat
591 3997 718 4061 interea
744 3997 879 4083 sanguis
904 4018 947 4062 cx
973 3996 1078 4083 ipsius
1102 4018 1167 4074 ore,
1197 3995 1300 4061 oculis
1325 3995 1425 4060 simul

375 4107 411 4166 et
435 4099 579 4175 naribus,
604 4094 702 4183 quein
726 4098 863 4163 sabbato
894 4100 981 4164 circa
1005 4118 1128 4165 nonam
1158 4098 1321 4185 evigilans
1350 4119 1425 4184 pro·

375 4203 456 4290 priis
483 4199 622 4266 extersit
647 4199 808 4264 manibus.
854 4200 899 4263 Et
926 4200 1013 4285 quod
1040 4200 1232 4265 incredibile
1257 4205 1317 4277 est,
1346 4218 1593 4265 nus-serenator
1640 4262 1644 4273 ,

376 4323 476 4389 quam
501 4300 619 4365 derna
644 4300 681 4363 in
718 4320 758 4363 a
787 4299 957 4384 unguas
988 4300 1127 4386 eaquae
1151 4301 1294 4387 vestigia
1323 4270 1556 4388 appam·

375 4408 523 4469 ruerunt.
584 4400 667 4466 Haec
696 4399 797 4465 michi
823 4401 895 4465 viro
925 4401 1050 4467 dicenti
1076 4402 1137 4466 vix
1162 4402 1292 4467 credere
1321 4403 1425 4488 potui,

376 4506 480 4571 donec
514 4501 615 4568 miehi
650 4507 799 4567 constare
833 4502 956 4568 faceret
988 4502 1061 4570 haec
1090 4504 1231 4591 propriis
1258 4504 1360 4570 oculis
1390 4504 1427 4567 in

376 4628 472 4693 papae
494 4604 619 4691 palatio
641 4603 764 4668 vidisse
786 4609 820 4667 ct
842 4603 980 4668 audisse.

710 4827 719 4859 ¹
734 4826 874 4893 Gereonio]
890 4821 1030 4890 Vasconis,
1043 4830 1073 4880 C.
