3588 5740
426 871 490 935 512
625 884 787 935 caavasn
810 886 970 936 nossem
994 887 1267 938 cmmsamusm

272 1080 394 1175 effla
425 1074 441 1103 “
465 1068 537 1134 dico
560 1069 655 1135 vobis
686 1075 797 1135 mente
830 1069 957 1134 munda
986 1070 1029 1135 ab
1061 1070 1151 1135 omni
1185 1070 1339 1158 contagio
1368 1070 1473 1135 ambi·

253 1196 394 1299 wa
423 1176 440 1203 “
462 1170 573 1248 tionis,
598 1171 687 1256 quod
709 1172 739 1235 si
760 1170 912 1236 electioni
932 1192 1001 1236 suae
1021 1176 1109 1236 stare
1127 1172 1293 1238 voluerint
1312 1171 1473 1250 monachi,

252 1298 410 1344 meamne.
424 1278 440 1305 “
462 1272 583 1337 anxius
617 1273 744 1338 invitus
766 1273 942 1350 consentio,
969 1274 1100 1339 sivero
1131 1275 1338 1361 resipuerint,
1358 1280 1472 1362 gratu·

421 1381 439 1408 “
460 1374 625 1440 labundus
647 1375 734 1441 oedo.
780 1374 1047 1460 Verumptamen,
1062 1374 1142 1461 qu'ia
1156 1377 1371 1443 contumelias
1393 1397 1473 1461 quo-

420 1483 438 1509 “
460 1476 601 1542 rundam
616 1481 651 1542 et
669 1476 777 1541 minas
791 1476 991 1554 audivimus,
1006 1475 1218 1563 prohibemus
1233 1500 1276 1543 ex
1298 1482 1393 1564 parte
1408 1477 1472 1542 Dei

419 1584 437 1612 “
460 1585 495 1643 et
526 1579 722 1645 auctoritate
750 1576 998 1644 cantuariensis
1024 1578 1121 1644 electi
1152 1579 1215 1644 sub
1250 1578 1472 1666 appellatione

419 1681 546 1746 “sedis
577 1680 764 1767 apostolieae
798 1685 832 1745 et
863 1679 1085 1745 anathematis
1119 1680 1397 1758 interminatione,
1428 1701 1472 1745 ne

418 1788 435 1815 “
459 1781 692 1848 cantuariensi
720 1781 864 1848 eeclesiae
886 1781 941 1847 vel
964 1782 1180 1848 Bathoniensi
1202 1782 1316 1868 aliqua
1345 1804 1471 1870 praesu·

418 1891 436 1919 “
460 1886 559 1950 matis
589 1885 712 1950 inferre
741 1884 961 1972 gravamina.'’
1008 1885 1082 1965 Quo
1106 1892 1236 1952 tacente
1263 1886 1352 1951 dixit
1380 1886 1472 1972 prior

249 2003 370 2099 Rapsa
420 1984 675 2063 Oantuaricnsis,
706 1994 723 2021 “
733 1985 787 2050 Ab
810 1986 969 2052 electione
992 2008 1092 2073 quam
1114 1993 1185 2053 tam
1211 1988 1303 2073 juste
1325 1994 1360 2053 et
1389 1987 1469 2074 legi-

250 2056 352 2160 ·pffl
419 2097 437 2124 “
458 2090 540 2155 time
561 2089 697 2155 fecimus
719 2109 786 2153 non
808 2089 1037 2175 resipiscimus,
1058 2090 1116 2155 sed
1139 2090 1289 2155 unanimi
1310 2110 1470 2157 consensu

419 2199 436 2228 “
458 2192 598 2258 firmiter
628 2197 763 2270 stamus,
786 2197 829 2269 et,
851 2213 894 2256 ne
917 2191 1066 2277 quolibet
1089 2191 1259 2258 molimine
1288 2190 1471 2278 praepedia·

419 2302 437 2329 “
459 2299 523 2371 tur,
566 2293 676 2358 sedem
717 2292 931 2380 apostolicam
969 2293 1200 2380 appellamua''
1259 2293 1353 2359 Missi
1390 2298 1470 2359 sunt

417 2396 529 2462 illicol
552 2396 667 2461 nuncii
688 2396 732 2460 ad
766 2395 939 2461 dominum
972 2416 1093 2482 papam
1118 2417 1179 2483 pro
1201 2395 1366 2483 pollicet
1388 2397 1470 2463 satis

249 2509 359 2605 ssppffi
417 2499 559 2585 benigne
573 2497 765 2565 confirmata
785 2503 836 2563 est
855 2498 979 2564 electio.
1026 2498 1159 2565 Electus
1177 2504 1292 2564 autem
1310 2503 1470 2586 aegrotare

249 2573 345 2708 {aaa
357 2573 387 2616 ⁰⁹
417 2602 527 2688 coepit,
543 2606 577 2665 et
598 2600 721 2667 decidit
741 2601 777 2664 in
800 2597 945 2666 lectum8
962 2601 999 2665 in
1017 2600 1099 2667 villa
1120 2623 1182 2666 sua
1201 2600 1242 2666 de
1257 2599 1470 2688 Dogemeres·

298 2694 304 2707 '
417 2703 492 2781 feld,
508 2708 544 2769 et
563 2702 724 2770 cucullam
738 2702 879 2769 induens
894 2702 957 2768 sub
976 2703 1077 2770 titulo
1098 2702 1346 2769 Gantuariensis
1369 2702 1471 2770 eecle-

416 2807 483 2885 siae,
506 2804 594 2872 vii0³
615 2804 775 2872 kalendas
797 2804 958 2884 Januarii,
982 2805 1112 2892 quievit
1132 2806 1169 2871 in
1191 2826 1279 2892 paee.

799 3107 1089 3176 Maxula-xv.

264 3294 387 3341 anun
461 3272 563 3339 Venit
587 3273 623 3338 in
646 3271 802 3359 Angliam
825 3271 963 3337 Alianor
988 3271 1111 3357 regina,
1131 3277 1167 3336 et
1192 3270 1361 3337 monachis
1381 3269 1467 3337 Oan-

247 3359 377 3465 ffl‘ffi
416 3375 638 3442 tuariensibus
659 3379 730 3439 erat
751 3373 905 3461 praesidio
924 3395 966 3438 ne
988 3372 1215 3459 ajustitiariis
1232 3374 1331 3460 regiis
1357 3372 1468 3459 aliqua

416 3478 618 3544 sustinerent
639 3476 833 3564 gravamina
855 3496 915 3562 pro
935 3474 1093 3540 electione
1113 3496 1213 3561 quam
1234 3474 1384 3540 fecerant
1405 3474 1469 3540 de⁴

247 3604 373 3650 meones·
415 3580 639 3647 Bathoniensi.
693 3578 862 3644 Mediente
893 3599 1004 3643 mense
1034 3576 1156 3645 Martio
1186 3576 1468 3664 applicuitapud

245 3657 368 3752 alitia
416 3684 596 3749 novaram
622 3681 809 3747 uiuamus
834 3679 1002 3745 nonense
1033 3679 1205 3766 epscopus
1229 3680 1317 3766 aga
1342 3677 1468 3745 aner-

246 3759 395 3858 i’nffllunl'rl
415 3786 517 3852 larius
548 3791 583 3851 et
619 3784 807 3871 apostoliea
838 3781 925 3847 sedis
954 3781 1102 3868 legatus;
1131 3780 1189 3846 sed
1222 3780 1381 3847 citissime
1409 3803 1469 3868 per

246 3857 334 3902 Μ
414 3887 543 3954 litteras
573 3887 696 3974 reginae
718 3886 759 3950 de
784 3883 878 3969 cujus
903 3881 1039 3948 oonsilio
1070 3887 1209 3946 venerat
1231 3882 1268 3946 in
1300 3880 1467 3969 Angliam,

414 3994 455 4055 ut
475 3991 567 4056 fama
591 3988 666 4065 fuit,
689 3985 875 4074 prohibitus
898 3987 949 4049 est
973 4004 1016 4048 ne
1037 3982 1227 4069 procederet
1249 3982 1307 4048 sed
1336 3983 1467 4061 rediret,

413 4091 451 4156 in
488 4091 626 4157 instanti
661 4110 811 4155 reversus
854 4085 928 4153 est⁶
966 4085 1157 4172 episcopatu
1201 4105 1261 4151 suo
1297 4084 1466 4171 spoliatus

245 4211 360 4266 melina
415 4194 489 4260 Rex
510 4199 624 4260 autem
642 4192 791 4258 Franeiae
810 4190 854 4255 ab
879 4190 1009 4255 Accone
1032 4187 1186 4253 recedens
1211 4187 1256 4253 ad
1278 4188 1467 4274 proximum

244 4262 365 4359 lnldffioe
416 4295 542 4363 Pascha
572 4295 674 4362 rediit
703 4295 740 4359 in
766 4292 948 4371 Franciam,
973 4296 1008 4356 et
1041 4288 1130 4377 quod
1164 4288 1224 4354 din
1257 4290 1467 4377 concupierat

447 4570 456 4604 ι
470 4569 550 4638 511500]
564 4569 592 4620 in
603 4570 668 4629 1000,
679 4568 714 4620 Δ,
725 4567 758 4618 B.
833 4556 836 4563 ’
959 4550 1026 4603 elect
1036 4548 1096 4601 died
1104 4547 1197 4615 during
1204 4548 1247 4600 the
1254 4546 1328 4617 night
1335 4548 1466 4615 sodomus

446 4672 605 4740 'inlectanj
619 4690 670 4726 om.
682 4675 714 4727 C.
957 4626 1169 4774 ὠῖἑῗοῖῗ
1181 4626 1431 4694 ΒωΡΜΒΜῦ’

444 4779 527 4847 ⁸aic'0]
550 4778 614 4843 riii‘,
626 4781 667 4841 0„
689 4778 745 4831 'l'he
760 4774 913 4840 archbiahop
989 4787 1062 4854 ἀί]
1076 4787 1119 4850 ab,
1129 4785 1178 4838 ins.
1189 4784 1221 4838 0.
