3588 5740
709 882 820 932 ornus
842 881 1034 934 nrsrorucn
1331 867 1395 934 549

344 1074 542 1137 “tenentur
577 1071 734 1138 honorem
772 1076 808 1138 et
846 1071 1099 1139 indemnitatem
1145 1070 1394 1138 Cantuarieneis
1423 1087 1546 1185 sgnum.

344 1181 362 1208 “
384 1174 527 1241 ecclesiae
549 1175 715 1241 custodire
745 1174 832 1241 sicut
861 1179 896 1240 et
926 1195 993 1240 nos.
1040 1174 1193 1260 Ipsorum
1214 1175 1328 1260 itaque
1358 1178 1393 1238 et
1458 1146 1536 1190 Μ’

344 1283 361 1309 “
383 1275 523 1341 aliorum
555 1275 733 1363 proborum
755 1276 903 1341 virorum
934 1297 1033 1362 super
1066 1275 1128 1342 hoc
1158 1277 1273 1341 audire
1300 1276 1394 1342 decet
1522 1334 1527 1340 .

343 1384 360 1411 ‘⁴
383 1378 566 1455 consilium,
580 1384 616 1444 et
629 1379 766 1444 tandem
789 1378 877 1465 quod
892 1378 983 1444 Deus
1005 1376 1134 1443 dederit
1155 1378 1199 1443 ad
1221 1378 1393 1443 dominum

343 1486 361 1513 ‘⁴
383 1486 533 1546 nostrum
555 1480 835 1568 archiepiscopum
857 1478 1061 1546 referemus''

388 1583 453 1649 His
474 1584 598 1650 auditis
620 1589 824 1651 recesserimt
845 1583 1001 1662 abbates3
1022 1587 1057 1649 et
1071 1583 1138 1648 dno
1160 1581 1312 1647 monachi
1334 1603 1393 1668 per
1405 1603 1550 1649 reomau

342 1684 498 1773 Angliam
530 1686 622 1751 missi
656 1691 744 1764 sunt,
766 1691 807 1750 ut
837 1685 932 1772 quasi
954 1683 1019 1750 de1
1042 1683 1177 1751 consilio
1199 1688 1392 1770 magnatum
1403 1655 1544 1750 r'ii'itiiowl'

343 1788 437 1855 fieret
459 1790 548 1875 quod
569 1789 662 1876 prius
692 1793 764 1854 erat
788 1786 1062 1875 praecogitatum²
1107 1787 1193 1855 Cum
1215 1793 1328 1852 autem
1359 1757 1543 1853 etiefflii

342 1891 479 1958 abbates
500 1892 664 1958 vidissent
694 1897 729 1957 ot
761 1891 932 1956 audissent
963 1892 1176 1956 enormitates
1209 1896 1244 1955 et
1274 1856 1536 1976 graveliiim‘

341 1993 433 2059 mina
464 2016 538 2080 quae
568 1993 800 2060 (lantuariensi
829 1997 964 2079 possent
993 1992 1165 2058 imminere
1191 1991 1333 2057 ecclesiae
1363 1992 1392 2057 si

342 2095 383 2161 de
406 2117 566 2163 consensu
588 2101 771 2163 conventus
793 2117 876 2181 opus
898 2095 1088 2181 procederet
1110 2094 1322 2173 inchoatum
1351 2093 1393 2159 de

341 2218 501 2263 consensu
533 2198 687 2264 faciendo
719 2219 787 2263 non
821 2197 988 2263 audebant
1020 2196 1098 2263 dare
1129 2196 1312 2273 consilium,
1335 2195 1393 2260 sed

342 2299 488 2367 diversas
521 2321 589 2366 non
622 2301 777 2366 adversas
810 2299 1021 2386 proferebant
1051 2299 1203 2365 rationes.
1260 2299 1393 2363 Assera-

341 2401 424 2468 bant
446 2424 559 2469 omnes
581 2403 730 2468 animum
752 2401 988 2489 archiepiscopi
1010 2401 1306 2488 supplicationibus
1336 2399 1392 2465 de-

341 2505 553 2570 mulcendum
575 2511 710 2592 propter
724 2504 938 2570 reverendam
959 2504 1063 2590 ipsius
1085 2504 1393 2590 magnanimitatem

341 2612 377 2672 et
397 2608 523 2694 regiam
553 2628 653 2693 quam
682 2605 828 2672 habebat
856 2610 1062 2692 potestatem
1109 2605 1161 2671 De
1187 2626 1284 2692 opere
1314 2626 1393 2671 vero

342 2709 397 2774 vel
418 2709 557 2775 canonia
578 2709 627 2773 nil
657 2709 791 2795 praecise
821 2708 1063 2775 concedendum
1086 2714 1207 2795 praeter
1228 2708 1394 2775 eonscien-
1406 2731 1492 2779 seue

341 2811 426 2877 tiam
449 2812 548 2878 curiae
570 2811 739 2892 Romanae,
762 2831 837 2896 quae
859 2809 953 2876 litem
976 2815 1195 2876 contestatam
1211 2814 1247 2875 et
1261 2830 1393 2875 eausam
1405 2783 1481 2836 even.

341 2914 494 2980 audierat
516 2912 702 2990 diffinitam,
724 2912 866 2998 datoque
892 2912 1020 2996 judicio
1049 2933 1132 2999 opus
1161 2917 1196 2977 et
1221 2911 1393 2977 canoniam

342 3017 442 3081 semel
464 3021 499 3081 et
521 3015 663 3081 secundo
693 3014 858 3100 tertioque
881 3014 1083 3100 dampnavit
1106 3018 1254 3101 tempore
1276 3013 1393 3079 videli-

341 3125 394 3186 cet
423 3119 526 3184 trium
555 3117 809 3204 apostolicorum
831 3117 986 3181 virorum.
1032 3116 1115 3182 Haec
1144 3122 1217 3182 erat
1246 3119 1548 3202 omniumoneennop

341 3226 462 3307 praeter
484 3220 584 3285 unius
606 3219 750 3306 episcopi
773 3218 946 3296 sententia,
970 3239 1008 3283 eo
1035 3219 1123 3304 quod
1145 3218 1287 3285 vicinior
1309 3204 1553 3287 οεειθὺὶἷοῗῖωομ

342 3327 377 3388 et
402 3322 570 3409 alligatior
592 3320 833 3397 Cantuariensi,
857 3320 916 3406 qni
946 3321 982 3384 in
1012 3320 1165 3386 omnibus
1188 3326 1223 3385 et
1244 3343 1303 3408 per
1324 3343 1394 3387 om-

341 3424 399 3487 nia
433 3423 559 3487 domini
592 3422 827 3509 archiepiscopi
860 3422 1073 3507 quaerendum
1106 3444 1175 3487 esse
1197 3422 1395 3510 suggerebat

341 3524 526 3590 arbitrium.
582 3523 667 3588 VII⁰
700 3523 776 3588 idus
813 3523 1004 3589 Decembris
1041 3529 1268 3589 convenerunt
1304 3525 1395 3611 apud
1444 3547 1526 3596 neo-⁷.

343 3623 628 3693 Oxenefordiam⁸
658 3625 723 3691 ad⁴
753 3624 1033 3712 archiepiscopum
1065 3626 1208 3712 episcopi
1241 3611 1549 3714 Angliaefflissfflssi*

342 3736 377 3795 et
398 3728 545 3804 abbates,
567 3727 704 3793 comites
734 3747 872 3813 quoque,
896 3727 1043 3804 barones,
1066 3732 1101 3793 et
1130 3727 1282 3793 monachi
1307 3712 1499 3795 (lan-⁰²¹⁰*

342 3831 486 3923 tuariam
508 3828 633 3895 reversi
655 3832 745 3894 sunt.
791 3828 984 3895 Conventus
1013 3833 1126 3894 autem
1149 3829 1290 3895 assiduis
1320 3851 1394 3918 pre-

341 3926 435 4001 cibus
457 3932 567 3999 Deum
590 3939 625 3997 et
647 3937 777 3997 sanctos
800 3931 943 3998 ecclesiae
965 3936 1121 4018 patronos
1144 3933 1326 3999 exorabant
1354 3939 1394 3999 ut

341 4059 396 4103 eos
419 4037 583 4122 eriperent
603 4036 647 4101 ab
668 4035 818 4101 inimicis.

344 4228 577 4237 m*

384 4336 392 4369 ¹
405 4335 449 4403 dc]
464 4350 513 4387 om.
525 4337 560 4387 A.
572 4338 603 4386 B.
928 4334 939 4367 ³
953 4335 1142 4403 Oseahrdinm]
1158 4352 1207 4388 om.
1219 4338 1253 4388 A.
1265 4339 1297 4388 B.

377 4415 389 4449 ²
396 4416 598 4482 praeoptatam]
613 4413 847 4481 praecognitum.
926 4414 997 4482 ⁴ch
1012 4432 1063 4467 om.
1075 4417 1110 4466 A.
1123 4418 1153 4466 Β.
