3572 5744
365 873 408 938 94
572 887 734 937 osnvssn
757 887 919 939 nossem
941 887 1215 940 canrossrsssrs

211 1085 333 1129 alanus.
363 1069 479 1141 regium
491 1069 651 1127 Oedomum
669 1064 862 1144 deportatum
885 1066 944 1139 est,
968 1070 1018 1125 ubi
1036 1070 1088 1126 diu
1105 1071 1137 1126 in
1153 1070 1274 1127 ecelesia
1290 1071 1418 1143 positum
1431 1077 1465 1127 H.
1478 1079 1559 1129 Huat.

364 1150 397 1205 in
414 1166 472 1221 qua
494 1157 577 1222 pater
594 1149 657 1221 ejus
680 1152 810 1223 sepultus
829 1156 900 1217 erat,
921 1151 1053 1222 quamvis
1077 1152 1172 1206 multo
1196 1153 1255 1206 sale
1272 1153 1417 1223 repletum
1430 1145 1474 1194 lib·
1487 1146 1539 1195 Vffi·

363 1240 441 1289 esset
458 1238 489 1289 et
514 1232 615 1288 multis
642 1233 729 1289 soriis
754 1234 945 1301 reconditum,
964 1240 1065 1290 tamen
1088 1234 1225 1289 continue
1243 1234 1279 1290 de
1297 1224 1417 1308 corpore
1430 1212 1463 1259 ὼ·
1476 1217 1523 1263 221
1537 1214 1563 1261 b.

365 1317 451 1387 niger
468 1317 576 1371 humor
592 1321 622 1372 et
639 1317 787 1372 horribilis
804 1318 884 1373 coria
900 1318 1096 1390 pertransiens
1113 1318 1283 1374 decurrebat
1295 1324 1326 1373 et
1337 1320 1416 1375 vasis

194 1412 233 1455 Ha
241 1411 261 1454 is
269 1411 352 1472 banau
364 1399 521 1471 subpositis
533 1399 719 1456 abiciebatur.
749 1401 880 1457 Tandem
890 1402 1022 1472 reliquiae
1039 1402 1148 1472 regalis
1159 1402 1306 1458 cadaveris
1319 1403 1416 1459 allata

193 1467 218 1505 at
228 1463 339 1515 &aaran
364 1487 433 1539 sunt
459 1483 491 1537 in
515 1481 656 1554 Angliom
682 1488 713 1538 et
737 1486 860 1556 sepultas
886 1485 963 1556 apud
989 1484 1167 1557 Radingom.
1204 1486 1280 1542 Vide
1310 1486 1415 1558 igitur,

365 1565 531 1638 quicunque
559 1566 644 1638 legis,
675 1567 820 1638 quomodo
854 1568 933 1639 regis
962 1568 1158 1639 potentissimi
1182 1586 1296 1641 corpus,
1327 1570 1413 1642 cujus

364 1659 461 1715 cervix
479 1673 598 1717 corona
613 1672 706 1716 aurea
723 1665 753 1715 et
770 1660 896 1732 gemmis
914 1660 1095 1716 electissimis
1119 1661 1201 1732 quasi
1226 1656 1299 1717 Dei¹
1317 1663 1417 1734 splen.

363 1752 434 1809 dore
450 1759 630 1821 vernaverat,
650 1753 733 1824 cujus
750 1770 854 1809 manus
871 1753 992 1824 sceptris
1015 1753 1248 1825 praeradiaverat,
1268 1753 1352 1826 cujus
1369 1772 1413 1810 re·

362 1837 444 1909 liqna
468 1837 634 1909 superficies
658 1853 729 1892 auro
758 1837 852 1892 textili
876 1841 939 1893 tota
963 1837 1148 1903 rutilaverat,
1179 1839 1262 1909 eujus
1289 1856 1321 1894 os
1353 1843 1416 1893 tam

362 1920 588 1978 deliciosissimis
605 1920 678 1976 cibis
695 1920 774 1992 pasci
798 1920 919 1985 solebat,
939 1920 987 1975 cui
1011 1938 1111 1976 omnes
1136 1939 1296 1994 assurgere,
1316 1940 1415 1978 omnes

191 2028 320 2074 naaman
363 2012 566 2086 congaudere,⁹
589 2027 687 2090 quem
712 2030 811 2069 omnes
830 2030 1027 2086 expavescere,
1047 2031 1147 2070 omnes
1173 2014 1312 2071 admirari
1339 2016 1411 2073 sole·

191 2082 309 2177 beoffffi
360 2101 449 2170 bant;
468 2102 545 2168 vide,
564 2103 693 2174 inquam,
706 2103 787 2158 vide⁸
804 2120 861 2174 qno
875 2120 979 2174 corpus
996 2103 1070 2158 illud
1088 2103 1248 2171 devenerit,
1262 2118 1415 2181 quamque

190 2182 246 2226 ‘¹²¹2
361 2194 566 2250 miserabiliter
590 2194 680 2249 fuerit
706 2194 868 2265 abjectum
899 2194 967 2250 vide
992 2211 1092 2250 rerum
1118 2200 1264 2261 eventum,
1293 2214 1328 2253 ex
1356 2215 1413 2268 quo

361 2296 476 2351 semper
501 2277 609 2350 pendet
630 2277 784 2350 judicium,
814 2283 844 2332 et
870 2276 949 2333 disce
976 2284 1180 2352 contempnere
1205 2279 1344 2351 quicquid
1370 2281 1413 2337 sic

360 2363 580 2427 exterminatur,
600 2362 740 2434 quicquid
757 2361 799 2416 sic
817 2361 1022 2418 adnichilatur.

189 2470 298 2523 sassa,
406 2448 496 2512 Dum
518 2447 623 2534 igitur
644 2447 784 2512 cadaver
799 2446 934 2512 Hemici
958 2447 1043 2533 regis
1058 2446 1121 2512 hoc
1147 2447 1244 2513 modo
1267 2449 1303 2512 in
1325 2448 1411 2514 Nor·
1425 2456 1459 2507 H.
1470 2460 1552 2510 Hans

189 2525 308 2617 {oppane
361 2551 496 2616 mannia
511 2550 707 2626 condiretur,
728 2550 764 2613 in
777 2548 934 2636 Angliam
958 2549 1230 2628 transferendum,
1248 2557 1411 2630 Stephanus
1424 2524 1458 2575 fo.
1471 2524 1554 2577 ²2¹³·

189 2623 236 2666 ’Μ
266 2625 541 2717 emin’Theodbaldi
563 2650 745 2717 ΒΙθεθῐιθίΒ4
767 2658 882 2713 comitis
912 2657 1011 2725 frater,
1033 2658 1134 2729 junior
1157 2677 1200 2725 eo,
1226 2661 1272 2715 vir
1295 2680 1412 2734 magnae

362 2748 543 2805 strenuitatis
573 2755 603 2804 et
638 2748 775 2814 audacia,
808 2740 893 2825 regis
926 2738 1063 2805 Henrici
1086 2762 1129 2805 ex
1155 2762 1263 2806 sorore
1300 2764 1409 2828 nepos,

358 2864 465 2909 comes
488 2865 567 2908 vero
590 2842 737 2908 Boloniae
761 2847 795 2906 et
829 2841 1006 2919 Meritonii,
1030 2841 1127 2907 celeri
1160 2843 1295 2929 navigio
1318 2849 1411 2910 trans

357 2967 447 3010 mare
479 2951 603 3022 vectus,
626 2967 646 3010 a
669 2942 895 3009 Dourensibus
917 2942 1074 3029 repulsus,
1098 2950 1133 3008 et
1155 2966 1176 3009 a
1199 2943 1411 3010 Cantuarinis

120 3068 122 3079 ’
187 3056 320 3102 naseam
358 3046 518 3124 exclusus,
548 3068 569 3111 a
599 3044 882 3111 Londoniensibus
914 3048 949 3110 et
983 3044 1180 3129 quibusdam
1212 3046 1411 3131 primoribus

186 3107 329 3209 hilline,
357 3147 489 3234 Angliae
511 3170 586 3213 cum
609 3147 731 3212 honore
754 3153 924 3232 susceptus
947 3151 1005 3210 est.
1044 3145 1129 3211 Cum
1152 3152 1263 3210 autem
1286 3147 1410 3213 ibidem

359 3250 447 3314 inter
469 3250 578 3335 ipsum
594 3248 800 3336 Stephanum
823 3254 857 3313 et
880 3248 1085 3313 sublimiores
1100 3249 1231 3335 Angliao
1253 3272 1410 3336 proceres,

186 3367 291 3422 meas
357 3358 520 3438 praesente
542 3351 709 3415 Willelmo
732 3350 970 3429 Cantuariensi¹
987 3350 1236 3437 archiepiscopo,
1269 3352 1308 3416 de
1338 3374 1410 3418 suc-

205 3472 250 3522 'a
263 3434 290 3464 ⁸³
358 3455 502 3520 cessione
534 3454 627 3540 regni
650 3475 755 3518 sermo
789 3453 874 3518 citus
906 3460 941 3518 et
972 3452 1088 3518 efficax
1121 3460 1351 3532 consereretur,
1376 3461 1410 3520 et

187 3571 307 3639 assaph-
357 3556 545 3622 Willelmus
595 3555 842 3622 Cantuariensis
891 3554 1153 3640 archiepiscopus
1199 3561 1234 3620 et
1287 3556 1410 3642 primas

185 3622 330 3766 hfflffithnb
357 3659 498 3745 Angliae,
514 3664 648 3745 propter
668 3657 899 3744 jusjurandum
914 3656 992 3722 filiae
1014 3656 1100 3743 regis
1116 3656 1253 3722 Henriei
1275 3658 1409 3735 factum,

186 3722 306 3767 overruled
330 3736 346 3776 y
383 3762 390 3776 ,

186 3772 239 3866 3131
236 3776 311 3868 ᾖξε
358 3762 512 3828 diadenm
544 3761 638 3847 regni
672 3761 825 3845 cuiquam
862 3760 1031 3845 imponere
1067 3758 1267 3837 formidaret,
1300 3762 1410 3827 astitit

185 3873 331 3969 gffiffl
357 3865 493 3950 quidam
515 3886 558 3929 ex
589 3862 826 3949 potentissimis
856 3860 997 3947 Angliae,
1026 3861 1142 3946 jurans
1174 3867 1209 3927 et
1240 3863 1351 3929 dicens
1374 3886 1409 3929 se

184 3975 314 4070 ffabjoeh'n
356 3972 551 4054 praesentem
575 3967 706 4031 affuisse
729 3965 788 4029 ubi
809 3987 870 4029 rex
885 3964 1051 4029 Henricus
1073 3964 1161 4029 idem
1180 3965 1407 4049 juramentum

183 4032 293 4172 &stiffi
356 4070 392 4134 in
415 4070 502 4135 bona
524 4068 589 4133 fide
611 4073 728 4154 sponte
750 4066 939 4132 relaxasset.
986 4066 1060 4147 Quo
1083 4066 1205 4143 audito,
1229 4068 1406 4157 praedictus

356 4171 545 4258 Stephanus
568 4192 588 4235 a
610 4170 736 4235 cunctis
758 4169 826 4234 fere
848 4168 885 4232 in
907 4188 1018 4254 regem
1041 4166 1163 4232 electus
1186 4174 1244 4245 est,
1268 4173 1303 4233 et
1325 4170 1371 4234 sic
1386 4192 1407 4235 a

353 4274 519 4340 Willclmo
535 4272 766 4339 Cantuariensi
781 4270 1022 4356 archiepiscopo
1036 4276 1210 4336 coronatus
1233 4271 1405 4337 undecimo

353 4377 513 4442 kalendas
543 4374 696 4441 Januarii
727 4373 817 4459 apud
850 4372 1185 4437 westmonasterium.
1242 4371 1284 4436 In
1310 4373 1403 4458 cujus

354 4478 564 4546 coronatione
607 4477 695 4542 inter
732 4476 905 4540 missarum
943 4473 1091 4539 solennia
1128 4473 1226 4539 triste
1262 4473 1402 4560 contigit

386 4755 473 4821 ποεῖ]
488 4754 628 4813 sesan.
825 4737 831 4749 '
934 4748 1089 4815 ³vids]0m
1103 4750 1133 4802 c.

384 4834 574 4900 'eonpaadaeJ
588 4832 707 4900 podere,
718 4830 747 4883 G.
934 4828 945 4861 ⁴
956 4827 1099 4895 Bleseaats]
1114 4828 1276 4881 Boloniensis
1294 4830 1362 4883 ss.
