3662 5728
749 833 861 883 ornas
883 834 1074 884 msromcs.
1367 819 1432 889 127

382 1021 526 1090 ecclesiae
559 1023 771 1101 scinderetur,
801 1027 837 1089 et
866 1022 986 1089 caritas
1014 1023 1051 1087 in
1090 1022 1201 1089 odium
1242 1027 1432 1089 verteretur.
1463 1024 1584 1071 &¹21¹ss-

383 1123 496 1212 Ooepit
525 1125 638 1211 itaque
669 1146 782 1190 eorum
818 1124 950 1190 dilectio
969 1124 1070 1211 justis
1093 1125 1147 1190 vel
1169 1124 1304 1211 injustis
1327 1126 1433 1192 causis
1445 1089 1595 1202 {iffi

382 1226 547 1312 paulatim
570 1226 762 1303 decrescere,
785 1231 820 1291 et
842 1226 1047 1292 incentivum
1070 1226 1207 1292 malitiae
1228 1226 1310 1295 adeo
1333 1227 1433 1294 desae·
1446 1192 1571 1333 lffilddnlu,

381 1329 462 1406 vire,
478 1332 518 1393 ut
532 1328 679 1414 ejusdem
702 1327 820 1415 prioris
835 1327 997 1414 depositio
1011 1328 1199 1393 immineret
1208 1352 1217 1407 ;
1240 1328 1328 1393 unde
1345 1328 1435 1415 prior
1446 1304 1588 1387 loiffen.

382 1432 601 1517 praemunitus
634 1437 766 1499 coactus
789 1437 840 1497 est
861 1431 972 1497 sedem
995 1429 1230 1518 apostolicam¹
1261 1431 1434 1518 appellare.

381 1532 656 1620 Archiepiscopus
697 1531 820 1621 autem]
851 1532 937 1599 sicut
976 1538 1048 1598 erat
1088 1533 1293 1620 impetuosus
1322 1534 1434 1620 appel-

382 1632 523 1700 lationi²
545 1656 613 1700 non
644 1634 802 1714 deferens,
825 1657 902 1701 eum
927 1635 1060 1721 penitus
1084 1635 1211 1700 amovit
1230 1643 1261 1700 a'
1276 1635 1433 1721 prioratu,

382 1736 551 1823 aliumque
581 1737 759 1803 substituit
780 1738 914 1803 nomine
944 1736 1149 1803 Walterium.
1194 1737 1355 1803 Jeremias
1376 1761 1434 1805 au·

384 1845 452 1905 tem
468 1839 639 1904 dominum
663 1861 784 1927 papam
811 1839 1043 1906 Innocentium
1067 1840 1173 1925 petiit,
1189 1843 1224 1904 et
1240 1840 1282 1905 de
1301 1840 1434 1906 restitu-
1447 1846 1563 1942 'corath

382 1943 474 2007 tione
497 1963 558 2007 sua
579 1941 709 2007 litteras
732 1946 887 2028 urgentes
910 1942 1110 2028 impetravit.
1156 1941 1301 2006 Mdiens
1323 1909 1577 2042 imqueffiffi

386 2043 608 2122 Cantuariam,
633 2065 693 2131 per
717 2043 940 2109 venerabilem
967 2043 1149 2109 Henricum
1174 2042 1434 2109 Wintoniensem
1446 2048 1603 2144 ffiffilff

384 2146 572 2233 episcopum
612 2152 647 2212 et
675 2146 865 2232 apostolicae
895 2145 982 2211 sedis
1012 2146 1166 2232 legatum,
1197 2167 1240 2210 ex
1276 2147 1434 2213 mandato

382 2248 562 2335 apostolico
577 2248 614 2317 in
632 2247 811 2334 pristinum
835 2248 976 2335 gradum
999 2248 1174 2314 restitutus
1194 2254 1251 2325 est
1268 2247 1434 2328 Walterio,

383 2350 440 2436 qui
464 2350 495 2415 ei
512 2350 549 2414 in
563 2350 747 2436 prioratum
770 2354 976 2426 successerat,
991 2350 1081 2435 apud
1099 2348 1278 2414 Dovoriam
1301 2350 1435 2415 interim

382 2473 507 2517 moram
529 2452 688 2517 faciente:
712 2452 799 2517 unde
822 2451 1052 2516 Theodbaldus
1072 2449 1332 2538 archiepiscopus
1348 2450 1435 2518 Oan-

382 2555 558 2620 tuariensis
596 2555 701 2619 nimia
740 2553 920 2620 acerbitate
955 2558 1145 2630 commotus,
1175 2554 1433 2620 benivolentiam
1447 2573 1564 2620 rimare

383 2677 476 2722 suam
502 2657 627 2721 avertit
649 2679 671 2722 a
694 2661 869 2732 conventu,
888 2652 1029 2741 jurans8
1058 2676 1092 2720 se
1116 2655 1220 2720 nichil
1237 2656 1273 2719 in
1300 2656 1434 2722 ecclesia
1446 2625 1594 2722 illailla

382 2757 617 2825 sacramentale
647 2757 821 2834 facturum,
852 2756 1011 2842 quamdiu
1050 2756 1210 2822 Jeremias
1249 2758 1294 2821 in·
1320 2758 1435 2823 eadem
1447 2729 1552 2771 convene.
1634 2784 1637 2789 ⁴

382 2860 575 2926 subsisteret
599 2858 740 2926 ecclesia.
786 2858 911 2924 Videns
935 2864 1048 2925 autem
1072 2860 1162 2946 prior
1185 2859 1237 2925 sui
1252 2881 1349 2925 causa
1372 2861 1435 2925 toti

273 2982 277 2989 ·
383 2961 565 3047 periculum
588 2961 760 3026 imminere
784 2961 972 3038 conventui,
995 2961 1114 3026 timens
1134 2983 1176 3026 ne
1203 2966 1238 3026 et
1263 2962 1333 3049 ipse
1359 2982 1435 3027 con-

382 3069 502 3129 ventus
526 3063 577 3128 sui
611 3063 873 3150 indignationem
898 3063 1086 3141 incurreret,
1116 3063 1146 3128 si
1175 3050 1435 3150 ipsius'intuitu

382 3165 426 3229 ab
451 3164 694 3251 archiepiscopo
718 3165 831 3251 aliqua
851 3165 1045 3252 gravamina
1069 3166 1254 3243 sustineret,
1278 3167 1566 3252 prudentissimis

382 3273 417 3333 et
445 3268 627 3333 necessario
657 3272 754 3332 utens
793 3266 928 3332 consilio
957 3266 1118 3354 prioratui
1157 3269 1263 3345 cessit,
1291 3270 1435 3355 acceptis
1446 3241 1584 3341 idiffi'telm

381 3374 515 3435 centum
545 3369 663 3435 marcis
693 3390 753 3456 pro
780 3369 901 3434 debitis
931 3369 1103 3435 solvendis.
1157 3369 1302 3456 Accepta
1331 3371 1435 3457 igitur
1474 3385 1479 3395 '

381 3476 563 3537 conventus
587 3471 730 3548 licentia,
746 3471 853 3549 cessit,
869 3476 909 3536 ut
935 3472 1129 3557 praedictum
1156 3477 1214 3549 cst,
1236 3477 1271 3536 et
1293 3474 1433 3553 recessit,

382 3577 416 3637 et
441 3573 478 3638 in
503 3572 653 3639 coenobio
682 3571 797 3638 Sancti
811 3572 992 3659 Augustini
1022 3573 1233 3659 quoadusque
1259 3574 1348 3639 vixit
1361 3596 1434 3661 per-

382 3675 564 3752 endinavit,
584 3674 668 3740 obiit
694 3679 729 3739 et
754 3674 903 3760 sepultus
928 3661 988 3739 est

426 3776 525 3854 Nota,
541 3776 650 3853 lector,
668 3776 758 3861 quod
773 3797 820 3853 ea,
836 3797 911 3861 quae
926 3776 1076 3862 superius
1091 3776 1132 3841 de
1146 3776 1169 3841 J
1170 3777 1290 3842 cremia
1312 3778 1434 3864 scripta
1445 3807 1586 3869 pessum

381 3884 466 3958 sunt,
494 3900 560 3944 non
584 3879 621 3943 in
645 3878 744 3943 unius
771 3878 852 3943 anni
874 3878 1081 3944 revolutione
1105 3879 1334 3964 contigerunt3
1366 3879 1433 3967 sed,
1445 3860 1595 3954 2¹¹,an

381 3982 459 4067 quia
479 4002 593 4047 omnes
619 3980 755 4046 termini
785 3981 866 4047 vitae
891 3979 981 4046 illius
1006 3986 1041 4046 et
1066 3981 1184 4058 obitus,
1199 3982 1434 4068 persecutionis
1445 3959 1582 4054 letale.

380 4087 415 4149 et
444 4083 665 4149 restitutionis
691 4089 841 4169 tempora
864 4081 966 4148 michi
991 4084 1117 4149 incerta
1146 4089 1241 4148 erant
1264 4089 1299 4149 et
1324 4084 1433 4162 dubia,
1445 4063 1502 4104 ω’·

379 4187 416 4250 in
442 4185 505 4252 hoc
523 4207 612 4251 anno
635 4185 785 4249 breviter
799 4185 911 4251 omnia
924 4185 1028 4271 posui,
1042 4185 1198 4251 videlicet
1212 4193 1291 4253 ante
1305 4187 1433 4252 obitum
1548 4202 1550 4206 ’

381 4287 567 4355 Innocentii
597 4309 701 4375 papae,
732 4287 791 4372 qui
828 4286 860 4352 ei
898 4287 1047 4353 restituit
1076 4288 1266 4374 prioratum,
1295 4294 1331 4354 et
1359 4296 1435 4375 post

380 4390 555 4468 modicum,
571 4389 633 4456 hoc
657 4389 783 4455 scilicet
807 4410 905 4466 anno,
920 4389 1026 4455 vitam
1048 4389 1179 4457 finivit:
1201 4392 1255 4457 cui
1279 4392 1434 4457 successit

415 4657 424 4691 ¹
435 4657 607 4724 apostolicam]
622 4673 672 4708 om.
685 4656 715 4709 C.
965 4656 976 4689 ³
980 4659 1088 4729 jurans]
1103 4660 1229 4726 adjurans,
1241 4661 1270 4715 O.

416 4735 618 4803 ‘appellatienfl
632 4734 837 4801 appellationem,
846 4734 877 4787 C.
