3646 5720
755 874 867 923 cauas
889 874 1082 924 maronica
1380 859 1446 923 291

440 1058 530 1113 tionis
547 1058 721 1115 mutentiam
738 1061 888 1132 proferant
910 1061 943 1116 in
961 1059 1103 1126 subditos,
1122 1058 1183 1115 nisi
1206 1058 1275 1116 talis
1298 1058 1339 1116 sit
1361 1060 1448 1131 culpa
1476 1080 1598 1126 mnes

439 1159 504 1212 qua
530 1141 596 1214 ipso
622 1161 729 1214 genere
754 1161 807 1201 suo
833 1144 1140 1201 excommunicationis
1165 1161 1283 1215 poenam
1307 1143 1445 1200 inducat:
1493 1130 1582 1176 Μ

438 1241 493 1279 nec
511 1224 623 1280 subditi
634 1232 736 1282 contra
747 1226 974 1283 ecclesiasticam
992 1227 1179 1300 disciplinam
1196 1232 1266 1284 ante
1281 1225 1447 1299 ingressum

400 1307 420 1333 “
438 1324 533 1363 eausae
558 1307 590 1363 in
616 1326 717 1365 vocem
742 1310 946 1382 appellationis
973 1316 1136 1383 erumpant.
1173 1309 1208 1366 Si
1231 1327 1300 1366 vem
1327 1310 1577 1382 quidamnulestor

398 1390 491 1459 “pro
513 1389 689 1447 necessitato
711 1407 765 1446 sua
787 1391 907 1447 credent
931 1391 1147 1464 appellandum,
1166 1398 1334 1463 competens
1358 1391 1386 1449 ei
1409 1372 1588 1447 ad⁸⁹⁹⁶⁸¹¹¹²⁶

400 1473 419 1500 ‘⁸
437 1473 668 1544 prosequendam
680 1475 905 1546 appellationem
923 1476 1065 1532 terminus
1080 1475 1259 1547 praefigatur,
1271 1475 1349 1530 infra
1360 1493 1447 1546 quem

399 1557 419 1581 “
438 1556 464 1611 si
481 1556 710 1629 forteproseqni
728 1557 896 1629 neglexerit,
907 1558 1000 1613 libere
1017 1563 1088 1614 tunc
1105 1556 1260 1630 episcopua
1275 1558 1449 1614 auctoritate

398 1642 419 1666 “
437 1657 491 1695 sua
507 1646 616 1696 utatur.
653 1640 687 1697 Si
710 1659 780 1697 vere
804 1641 836 1696 in
854 1656 1027 1713 quocunque
1049 1643 1168 1712 negotio
1188 1641 1296 1713 aliquis
1319 1642 1448 1713 appella-

399 1724 418 1749 “
437 1722 521 1789 verit,
541 1728 580 1789 et,
601 1741 636 1780 ec
654 1724 710 1796 qui
730 1724 892 1796 appellatus
909 1723 1000 1780 fuerit
1019 1724 1165 1791 veniente,
1184 1725 1236 1796 qui
1255 1723 1449 1796 appellaverit

399 1807 537 1861 “venire
566 1806 737 1877 neglexerit,
767 1806 792 1861 si
815 1806 969 1879 proprium
997 1806 1144 1875 habuerit,
1169 1813 1385 1880 competentem
1419 1806 1447 1862 ei
1458 1812 1612 1867 Merena

398 1890 416 1917 “
437 1888 525 1944 iaciat
541 1889 839 1961 recompensationem
859 1907 1061 1962 expensarum,
1080 1896 1123 1955 ut,
1142 1891 1197 1947 hcc
1215 1891 1320 1948 saltem
1343 1886 1448 1946 timore
1458 1867 1578 1911 'mn‘

399 1973 418 2000 ‘⁴
437 1972 616 2042 perterritus,
637 1973 670 2027 in
693 1989 852 2043 gravamen
876 1973 999 2029 alterius
1024 1990 1085 2030 uon
1101 1973 1189 2029 facile
1213 1974 1278 2046 quic
1309 1973 1446 2045 appellet.

399 2056 418 2081 “
438 2055 588 2126 Proecipue
605 2072 676 2111 uero
697 2055 729 2110 in
747 2055 820 2112 locis
838 2055 987 2128 religiosis
1006 2058 1063 2113 hcc
1082 2056 1215 2112 volumus
1233 2056 1392 2122 observari,
1410 2072 1448 2112 ne

399 2140 421 2165 “
437 2138 572 2193 monachi
598 2139 661 2195 sive
681 2139 847 2211 quicunque
865 2140 1010 2212 religiosi,
1036 2158 1105 2197 cum
1128 2158 1182 2212 pro
1207 2141 1305 2212 aliquo
1331 2157 1448 2196 exesam

399 2221 419 2247 “
439 2219 550 2275 fuerint
567 2221 743 2292 corrigendi,
761 2226 864 2277 contra
881 2223 1048 2293 regularem
1069 2223 1184 2293 praelati
1205 2222 1252 2278 sui
1272 2228 1303 2278 et
1325 2221 1448 2294 capituli

400 2304 419 2330 ‘⁸
438 2302 622 2374 disciplinam
646 2304 794 2375 appellare
817 2310 1005 2375 maeeumant,
1031 2304 1083 2360 sed
1108 2305 1259 2361 humiliter
1286 2322 1320 2361 ac
1344 2306 1448 2361 devota

399 2390 420 2416 “
439 2384 600 2456 suscipiant
617 2386 694 2457 quod
711 2403 764 2458 pro
782 2387 876 2442 salute
893 2404 946 2442 sua
962 2387 1006 2442 eis
1023 2387 1114 2442 fuerit
1130 2386 1306 2459 injunctum.

231 2539 236 2550 ι
436 2470 455 2494 “
473 2467 588 2525 XXIV.
607 2466 715 2523 Clerici
738 2467 771 2522 in
796 2468 885 2525 sacris
909 2468 1060 2524 ordinibus
1079 2469 1241 2535 constituti,
1260 2469 1312 2541 qui
1329 2468 1447 2524 mulier·
1460 2469 1608 2565 w}

309 2577 316 2590 ·
400 2555 419 2580 “
438 2552 520 2608 culae
538 2551 570 2605 iu
586 2549 721 2607 domibus
738 2551 799 2607 suis
817 2551 872 2607 sub
892 2550 1113 2608 incontinentia
1130 2557 1201 2607 nota
1216 2550 1378 2618 tenuerint,
1397 2555 1449 2606 aut
1460 2531 1503 2565 ⁰⁰¹¹

400 2638 420 2662 “
439 2634 566 2691 abiciant
583 2651 632 2690 ees
649 2638 680 2690 et
697 2634 881 2690 continenter
899 2635 1011 2701 vivant,
1026 2638 1078 2691 aut
1094 2633 1243 2690 ab‘officio
1260 2638 1292 2689 et
1308 2633 1449 2689 beneflcio

403 2720 421 2744 ‘⁴
441 2717 640 2774 ecclesiastico
657 2717 730 2772 fiant
746 2716 843 2772 alieni.
880 2715 1052 2790 Quicunque
1070 2734 1140 2774 vero
1163 2718 1195 2772 in
1217 2715 1448 2773 incontinentia¹

400 2798 1448 2873 “inaquaeonrranaturamest,propterquamiraneivenitin

399 2885 420 2910 “
437 2883 514 2940 lilios
538 2882 718 2949 diffidentie,
736 2888 767 2939 et
790 2881 864 2939 duas
888 2883 1021 2939 mvitates
1044 2885 1113 2955 igne
1137 2882 1325 2955 consumpsit,
1346 2882 1448 2953 depre-

401 2967 420 2992 “
439 2966 524 3021 hensi
541 2966 653 3021 fuerint
669 2965 811 3032 laborare,
827 2966 971 3022 eiciantur
988 2983 1007 3021 a
1023 2967 1111 3033 clerc,
1124 2967 1173 3023 vel
1189 2965 1228 3022 ad
1244 2964 1449 3037 peanitentiam

400 3051 419 3076 “
439 3048 582 3120 agendam
600 3050 632 3104 in
649 3049 830 3105 monasteriis
852 3049 1051 3107 retrudantm.
1089 3049 1123 3105 si
1147 3048 1226 3115 laici,
1253 3048 1448 3105 exeommuni-

399 3135 420 3159 “
440 3131 549 3186 cationi
566 3131 738 3198 subdantur,
757 3136 788 3187 et
814 3147 833 3185 a
852 3138 931 3188 coetu
951 3131 1083 3188 fidelium
1107 3132 1180 3187 fiant
1203 3132 1322 3203 penitus
1348 3128 1446 3186 alieni.

400 3217 419 3240 “
437 3214 586 3270 Preterea
607 3214 786 3270 monasteria
808 3215 1074 3271 sanctimonialium
1098 3214 1124 3270 si
1149 3215 1215 3286 quis
1239 3212 1362 3270 clericus
1386 3212 1448 3269 sine

399 3299 418 3323 ‘⁶
438 3297 595 3369 manifesta
611 3314 698 3352 causa
714 3301 745 3352 et
761 3299 925 3354 necessaria
941 3299 1127 3368 frequentare
1144 3296 1377 3369 presumpserit,
1394 3313 1448 3369 per

399 3382 604 3453 “episcopum
629 3385 771 3447 arceatur,
791 3386 832 3446 et,
858 3382 884 3436 si
900 3398 959 3437 non
981 3381 1139 3447 destiterit,
1158 3398 1177 3437 a
1194 3380 1335 3436 beneficio
1356 3380 1447 3436 eccle'·

399 3466 418 3491 “
437 3464 554 3521 siasticc
570 3462 711 3521 reddetur
727 3464 874 3520 immunis.

318 3594 325 3607 .
435 3551 454 3576 “
472 3548 569 3607 XXV.
588 3547 665 3604 cnm
683 3547 830 3619 apostolus
847 3565 879 3604 sc
896 3552 949 3604 aut
966 3564 1032 3604 suos
1049 3547 1175 3619 propriis
1198 3547 1331 3604 manibus
1349 3546 1447 3602 decre·
1460 3551 1599 3596 mortim

230 3622 246 3672 ⁹·
309 3660 316 3673 ·
400 3636 419 3661 “
437 3634 515 3689 verit
535 3631 721 3699 exhibendos,
743 3635 779 3686 ut
799 3631 895 3686 locum
919 3629 1099 3702 praedicendi
1120 3631 1248 3685 auferret
1269 3613 1574 3702 pseudoamffif.

400 3718 420 3743 “
438 3716 530 3781 stolis,
558 3719 588 3770 et
617 3714 678 3770 illis
708 3714 812 3785 quibus
841 3713 1019 3786 predicebat
1047 3729 1108 3768 uon
1135 3712 1273 3768 existeret
1298 3702 1552 3778 onerosus,biddblL

399 3800 420 3826 ‘⁴
437 3816 528 3871 grave
550 3798 640 3853 nimis
660 3803 691 3853 et
714 3796 917 3853 emendatione
938 3797 1063 3867 dignum
1087 3812 1149 3853 esce
1173 3793 1343 3859 dinoscitur,
1368 3794 1447 3866 quod
1509 3853 1516 3867 ,

398 3885 418 3910 “
438 3883 557 3955 quidam
578 3882 703 3936 fratrum
723 3888 754 3937 et
774 3881 1009 3953 coepiscoporum
1029 3884 1196 3936 nostrorum
1219 3878 1263 3933 ita
1285 3895 1390 3950 mres
1412 3879 1445 3933 in

398 3964 690 4039 “procurationibus
719 3963 842 4020 subditis
868 3965 928 4020 suis
958 3963 1097 4029 existunt,
1127 3966 1163 4017 ut
1194 3978 1248 4034 pro
1279 3959 1446 4033 hujusmodi

397 4052 417 4078 ‘⁴
436 4067 523 4107 causa
539 4047 690 4105 interdum
705 4048 771 4120 ipse
791 4046 988 4104 ecclesiastica
1004 4051 1176 4102 ornamenta
1195 4044 1305 4101 subditi
1321 4045 1447 4115 compel-

398 4136 417 4160 “
435 4133 535 4188 lantur
551 4147 703 4203 exponere,
725 4136 756 4186 et
772 4130 853 4202 longi
870 4129 1010 4202 temporis
1029 4129 1141 4184 victum
1164 4125 1261 4184 brevis
1284 4128 1356 4183 hora
1378 4143 1445 4181 con·
1458 4142 1607 4191 asumma

397 4218 416 4245 “
435 4221 541 4273 sumat.
587 4214 728 4286 Quocirca
756 4213 912 4270 statuimus
944 4211 1022 4284 quod
1052 4210 1262 4283 archiepiscopi
1293 4193 1562 4283 pimeniam

397 4302 416 4328 ‘⁴
436 4300 598 4366 visitantes,
620 4314 673 4370 pro
701 4296 871 4353 diversitate
891 4295 1107 4368 provinciarum
1131 4301 1162 4350 et
1186 4292 1373 4349 facultatibus
1399 4308 1445 4347 cc·

398 4385 417 4413 “
436 4385 592 4440 clesiarum
619 4384 659 4437 xl.
689 4381 746 4437 vel.
776 4380 797 4435 l.
829 4380 1008 4436 evectionis¹
1037 4375 1204 4444 numerum,
1238 4376 1365 4449 episcopi
1399 4394 1446 4431 xx.

396 4468 481 4525 “vel
497 4487 574 4533 xxx„
598 4465 761 4523 cardinales
778 4482 848 4520 vero
865 4482 912 4519 xx.
930 4465 978 4520 vel
1005 4482 1069 4519 xxv.
1087 4479 1270 4535 nequaquam
1294 4461 1445 4517 excedant.

397 4554 415 4580 ‘⁴
434 4551 642 4609 Archidiaccni
659 4566 728 4607 vero
744 4549 871 4621 quinque
889 4554 942 4604 aut
958 4553 1081 4620 septem,
1100 4546 1202 4603 decani
1220 4544 1373 4637 opustituti
1390 4544 1446 4602 snb

429 4759 640 4825 Umentes]
655 4754 819 4821 continentia,
829 4757 862 4807 B.
922 4754 929 4822 Ι
974 4754 1143 4821 ’ecaerimaJ
1159 4753 1348 4815 eversicuia,C.

1250 4836 1313 4898 Η
