<?xml version="1.0" encoding="UTF-8"?>
<!DOCTYPE html PUBLIC "-//W3C//DTD XHTML 1.0 Transitional//EN"
    "http://www.w3.org/TR/xhtml1/DTD/xhtml1-transitional.dtd">
<html xmlns="http://www.w3.org/1999/xhtml" xml:lang="en" lang="en">
 <head>
  <title>
</title>
<meta http-equiv="Content-Type" content="text/html;charset=utf-8" />
  <meta name='ocr-system' content='tesseract 3.04.00' />
  <meta name='ocr-capabilities' content='ocr_page ocr_carea ocr_par ocr_line ocrx_word'/>
</head>
<body>
  <div class='ocr_page' id='page_1' title='image "./historicalworks00offigoog_0356.png"; bbox 0 0 3646 5720; ppageno 0'>
   <div class='ocr_carea' id='block_1_1' title="bbox 394 925 1235 990">
    <p class='ocr_par' dir='ltr' id='par_1_1' title="bbox 394 925 1235 990">
     <span class='ocr_line' id='line_1_1' title="bbox 394 925 1235 990; baseline -0.005 -2"><span class='ocrx_word' id='word_1_1' title='bbox 394 925 458 990; x_wconf 78' lang='lat'><strong>292</strong></span> <span class='ocrx_word' id='word_1_2' title='bbox 594 940 755 989; x_wconf 77' lang='lat' dir='ltr'><strong>ensvasn</strong></span> <span class='ocrx_word' id='word_1_3' title='bbox 779 941 939 989; x_wconf 78' lang='lat' dir='ltr'><strong>nonaum</strong></span> <span class='ocrx_word' id='word_1_4' title='bbox 962 938 1235 989; x_wconf 77' lang='lat' dir='ltr'><strong>csnruamnnsrs</strong></span> 
     </span>
    </p>
   </div>
   <div class='ocr_carea' id='block_1_2' title="bbox 242 1127 418 1228">
    <p class='ocr_par' dir='ltr' id='par_1_2' title="bbox 242 1127 418 1228">
     <span class='ocr_line' id='line_1_2' title="bbox 242 1127 418 1179; baseline 0.011 -2"><span class='ocrx_word' id='word_1_5' title='bbox 242 1134 366 1179; x_wconf 68' lang='lat' dir='ltr'><strong>annun.</strong></span> <span class='ocrx_word' id='word_1_6' title='bbox 398 1127 418 1153; x_wconf 83' lang='lat'><strong>‘⁴</strong></span> 
     </span>
     <span class='ocr_line' id='line_1_3' title="bbox 264 1184 342 1228; baseline 0 0"><span class='ocrx_word' id='word_1_7' title='bbox 264 1184 342 1228; x_wconf 65' lang='lat' dir='ltr'><strong>namn</strong></span> 
     </span>
    </p>
   </div>
   <div class='ocr_carea' id='block_1_3' title="bbox 227 1216 417 1501">
    <p class='ocr_par' dir='ltr' id='par_1_3' title="bbox 227 1216 417 1501">
     <span class='ocr_line' id='line_1_4' title="bbox 228 1216 351 1294; baseline -0.008 -2"><span class='ocrx_word' id='word_1_8' title='bbox 228 1216 351 1294; x_wconf 41' lang='lat' dir='ltr'><strong>Euieiur·</strong></span> 
     </span>
     <span class='ocr_line' id='line_1_5' title="bbox 228 1296 416 1352; baseline 0.005 -10"><span class='ocrx_word' id='word_1_9' title='bbox 228 1299 379 1352; x_wconf 75' lang='lat' dir='ltr'><strong>limitingtbe</strong></span> <span class='ocrx_word' id='word_1_10' title='bbox 398 1296 416 1319; x_wconf 84' lang='lat'><strong>⁴⁴</strong></span> 
     </span>
     <span class='ocr_line' id='line_1_6' title="bbox 227 1351 417 1443; baseline -0.011 -40"><span class='ocrx_word' id='word_1_11' title='bbox 227 1351 368 1443; x_wconf 45' lang='lat' dir='ltr'><strong>mmm</strong></span> <span class='ocrx_word' id='word_1_12' title='bbox 398 1378 417 1403; x_wconf 79' lang='lat' dir='ltr'><em>u</em></span> 
     </span>
     <span class='ocr_line' id='line_1_7' title="bbox 228 1450 416 1501; baseline 0 -10"><span class='ocrx_word' id='word_1_13' title='bbox 228 1450 368 1501; x_wconf 73' lang='lat' dir='ltr'><strong>urusoisoc</strong></span> <span class='ocrx_word' id='word_1_14' title='bbox 398 1460 416 1483; x_wconf 72' lang='grc' dir='ltr'><em>υ</em></span> 
     </span>
    </p>
   </div>
   <div class='ocr_carea' id='block_1_4' title="bbox 227 1498 417 1592">
    <p class='ocr_par' dir='ltr' id='par_1_4' title="bbox 227 1498 417 1592">
     <span class='ocr_line' id='line_1_8' title="bbox 227 1498 417 1592; baseline 0 -26"><span class='ocrx_word' id='word_1_15' title='bbox 227 1498 339 1592; x_wconf 56' lang='lat' dir='ltr'><strong>fflngm</strong></span> <span class='ocrx_word' id='word_1_16' title='bbox 398 1544 417 1566; x_wconf 64' lang='lat' dir='ltr'><strong>u</strong></span> 
     </span>
    </p>
   </div>
   <div class='ocr_carea' id='block_1_5' title="bbox 437 1117 1445 1197">
    <p class='ocr_par' dir='ltr' id='par_1_5' title="bbox 437 1117 1445 1197">
     <span class='ocr_line' id='line_1_9' title="bbox 437 1117 1445 1197; baseline -0.011 -16"><span class='ocrx_word' id='word_1_17' title='bbox 437 1125 578 1197; x_wconf 89' lang='lat' dir='ltr'><strong>episeopis</strong></span> <span class='ocrx_word' id='word_1_18' title='bbox 597 1126 708 1180; x_wconf 88' lang='lat' dir='ltr'><strong>dnobus</strong></span> <span class='ocrx_word' id='word_1_19' title='bbox 728 1126 808 1196; x_wconf 86' lang='lat' dir='ltr'><strong>equis</strong></span> <span class='ocrx_word' id='word_1_20' title='bbox 826 1123 974 1180; x_wconf 84' lang='lat' dir='ltr'><strong>coutenti¹</strong></span> <span class='ocrx_word' id='word_1_21' title='bbox 988 1124 1122 1179; x_wconf 75' lang='lat' dir='ltr'><strong>existant.</strong></span> <span class='ocrx_word' id='word_1_22' title='bbox 1158 1122 1221 1177; x_wconf 86' lang='lat' dir='ltr'><strong>Nec</strong></span> <span class='ocrx_word' id='word_1_23' title='bbox 1239 1138 1307 1176; x_wconf 89' lang='lat' dir='ltr'><strong>cum</strong></span> <span class='ocrx_word' id='word_1_24' title='bbox 1325 1117 1445 1173; x_wconf 89' lang='lat' dir='ltr'><strong>canibus</strong></span> 
     </span>
    </p>
   </div>
   <div class='ocr_carea' id='block_1_6' title="bbox 399 1202 1445 1278">
    <p class='ocr_par' dir='ltr' id='par_1_6' title="bbox 399 1202 1445 1278">
     <span class='ocr_line' id='line_1_10' title="bbox 399 1202 1445 1278; baseline -0.011 -14"><span class='ocrx_word' id='word_1_25' title='bbox 399 1211 417 1235; x_wconf 75' lang='lat'><strong>‘⁴</strong></span> <span class='ocrx_word' id='word_1_26' title='bbox 437 1208 595 1264; x_wconf 76' lang='lat' dir='ltr'>venatoriis</span> <span class='ocrx_word' id='word_1_27' title='bbox 613 1214 665 1263; x_wconf 89' lang='lat' dir='ltr'><strong>aut</strong></span> <span class='ocrx_word' id='word_1_28' title='bbox 682 1207 784 1263; x_wconf 87' lang='lat' dir='ltr'><strong>avibus</strong></span> <span class='ocrx_word' id='word_1_29' title='bbox 806 1206 1035 1278; x_wconf 75' lang='lat' dir='ltr'><strong>pmficisoautur,</strong></span> <span class='ocrx_word' id='word_1_30' title='bbox 1056 1205 1107 1261; x_wconf 82' lang='lat' dir='ltr'><strong>sed</strong></span> <span class='ocrx_word' id='word_1_31' title='bbox 1127 1211 1206 1260; x_wconf 87' lang='lat' dir='ltr'><strong>recte</strong></span> <span class='ocrx_word' id='word_1_32' title='bbox 1226 1202 1392 1275; x_wconf 84' lang='lat' dir='ltr'><strong>procedant,</strong></span> <span class='ocrx_word' id='word_1_33' title='bbox 1411 1205 1445 1253; x_wconf 91' lang='lat' dir='ltr'><strong>nt</strong></span> 
     </span>
    </p>
   </div>
   <div class='ocr_carea' id='block_1_7' title="bbox 436 1284 1446 1609">
    <p class='ocr_par' dir='ltr' id='par_1_7' title="bbox 436 1284 1446 1609">
     <span class='ocr_line' id='line_1_11' title="bbox 437 1284 1443 1362; baseline -0.012 -15"><span class='ocrx_word' id='word_1_34' title='bbox 437 1310 495 1347; x_wconf 91' lang='lat' dir='ltr'><strong>non</strong></span> <span class='ocrx_word' id='word_1_35' title='bbox 515 1309 579 1362; x_wconf 82' lang='lat' dir='ltr'><strong>quae</strong></span> <span class='ocrx_word' id='word_1_36' title='bbox 597 1310 650 1347; x_wconf 86' lang='lat' dir='ltr'><strong>suu</strong></span> <span class='ocrx_word' id='word_1_37' title='bbox 668 1289 805 1347; x_wconf 87' lang='lat' dir='ltr'><strong>suntsed</strong></span> <span class='ocrx_word' id='word_1_38' title='bbox 824 1308 889 1361; x_wconf 72' lang='lat' dir='ltr'><strong>quus</strong></span> <span class='ocrx_word' id='word_1_39' title='bbox 910 1290 980 1345; x_wconf 86' lang='lat' dir='ltr'><strong>Jasu</strong></span> <span class='ocrx_word' id='word_1_40' title='bbox 1002 1288 1261 1359; x_wconf 79' lang='lat' dir='ltr'><strong>christi·quaerere</strong></span> <span class='ocrx_word' id='word_1_41' title='bbox 1280 1284 1443 1342; x_wconf 85' lang='lat' dir='ltr'><strong>videantur.</strong></span> 
     </span>
     <span class='ocr_line' id='line_1_12' title="bbox 437 1366 1445 1429; baseline -0.01 0"><span class='ocrx_word' id='word_1_42' title='bbox 437 1374 629 1429; x_wconf 88' lang='lat' dir='ltr'><strong>Prohibemus</strong></span> <span class='ocrx_word' id='word_1_43' title='bbox 655 1373 744 1428; x_wconf 83' lang='lat' dir='ltr'><strong>etism</strong></span> <span class='ocrx_word' id='word_1_44' title='bbox 771 1390 808 1427; x_wconf 92' lang='lat' dir='ltr'><strong>ne</strong></span> <span class='ocrx_word' id='word_1_45' title='bbox 833 1372 964 1427; x_wconf 91' lang='lat' dir='ltr'><strong>subditos</strong></span> <span class='ocrx_word' id='word_1_46' title='bbox 988 1390 1055 1427; x_wconf 90' lang='lat' dir='ltr'><strong>suos</strong></span> <span class='ocrx_word' id='word_1_47' title='bbox 1077 1371 1170 1425; x_wconf 87' lang='lat' dir='ltr'><strong>talliis</strong></span> <span class='ocrx_word' id='word_1_48' title='bbox 1194 1374 1224 1424; x_wconf 90' lang='lat' dir='ltr'><strong>et</strong></span> <span class='ocrx_word' id='word_1_49' title='bbox 1248 1366 1445 1423; x_wconf 71' lang='lat' dir='ltr'>exactionibus</span> 
     </span>
     <span class='ocr_line' id='line_1_13' title="bbox 436 1449 1445 1528; baseline -0.009 -17"><span class='ocrx_word' id='word_1_50' title='bbox 436 1456 562 1528; x_wconf 73' lang='lat' dir='ltr'><strong>episcopi</strong></span> <span class='ocrx_word' id='word_1_51' title='bbox 577 1473 700 1527; x_wconf 63' lang='lat' dir='ltr'><strong>meare</strong></span> <span class='ocrx_word' id='word_1_52' title='bbox 718 1462 904 1525; x_wconf 82' lang='lat' dir='ltr'><strong>praesumant.</strong></span> <span class='ocrx_word' id='word_1_53' title='bbox 942 1454 1125 1511; x_wconf 67' lang='lat' dir='ltr'><strong>sustinemus</strong></span> <span class='ocrx_word' id='word_1_54' title='bbox 1141 1451 1259 1507; x_wconf 85' lang='lat' dir='ltr'><strong>autem¹</strong></span> <span class='ocrx_word' id='word_1_55' title='bbox 1275 1468 1327 1523; x_wconf 89' lang='lat' dir='ltr'><strong>pro</strong></span> <span class='ocrx_word' id='word_1_56' title='bbox 1341 1449 1445 1505; x_wconf 88' lang='lat' dir='ltr'><strong>multis</strong></span> 
     </span>
     <span class='ocr_line' id='line_1_14' title="bbox 436 1532 1446 1609; baseline -0.007 -17"><span class='ocrx_word' id='word_1_57' title='bbox 436 1538 656 1594; x_wconf 89' lang='lat' dir='ltr'><strong>necessitatibus</strong></span> <span class='ocrx_word' id='word_1_58' title='bbox 677 1556 742 1609; x_wconf 72' lang='lat' dir='ltr'><strong>quas</strong></span> <span class='ocrx_word' id='word_1_59' title='bbox 763 1537 937 1609; x_wconf 74' lang='lat' dir='ltr'><strong>aliquotiens</strong></span> <span class='ocrx_word' id='word_1_60' title='bbox 958 1535 1176 1609; x_wconf 88' lang='lat' dir='ltr'><strong>superveniunt,</strong></span> <span class='ocrx_word' id='word_1_61' title='bbox 1190 1542 1235 1599; x_wconf 91' lang='lat' dir='ltr'><strong>nt,</strong></span> <span class='ocrx_word' id='word_1_62' title='bbox 1247 1535 1272 1588; x_wconf 92' lang='lat' dir='ltr'><strong>si</strong></span> <span class='ocrx_word' id='word_1_63' title='bbox 1292 1532 1446 1588; x_wconf 80' lang='lat' dir='ltr'><strong>manifesta</strong></span> 
     </span>
    </p>
   </div>
   <div class='ocr_carea' id='block_1_8' title="bbox 398 1614 1443 1684">
    <p class='ocr_par' dir='ltr' id='par_1_8' title="bbox 398 1614 1443 1684">
     <span class='ocr_line' id='line_1_15' title="bbox 398 1614 1443 1684; baseline -0.008 -9"><span class='ocrx_word' id='word_1_64' title='bbox 398 1622 416 1647; x_wconf 82' lang='lat'><strong>‘¹</strong></span> <span class='ocrx_word' id='word_1_65' title='bbox 435 1625 466 1675; x_wconf 90' lang='lat' dir='ltr'><strong>et</strong></span> <span class='ocrx_word' id='word_1_66' title='bbox 484 1619 666 1675; x_wconf 80' lang='lat' dir='ltr'><strong>rationabilis</strong></span> <span class='ocrx_word' id='word_1_67' title='bbox 690 1637 777 1675; x_wconf 83' lang='lat' dir='ltr'><strong>cause</strong></span> <span class='ocrx_word' id='word_1_68' title='bbox 799 1619 939 1684; x_wconf 84' lang='lat' dir='ltr'><strong>extiterit,</strong></span> <span class='ocrx_word' id='word_1_69' title='bbox 965 1637 1032 1674; x_wconf 88' lang='lat' dir='ltr'><strong>cum</strong></span> <span class='ocrx_word' id='word_1_70' title='bbox 1055 1618 1177 1673; x_wconf 68' lang='lat' dir='ltr'><strong>cerimte</strong></span> <span class='ocrx_word' id='word_1_71' title='bbox 1201 1615 1383 1671; x_wconf 85' lang='lat' dir='ltr'><strong>moderatum</strong></span> <span class='ocrx_word' id='word_1_72' title='bbox 1407 1614 1443 1668; x_wconf 89' lang='lat' dir='ltr'><strong>ab</strong></span> 
     </span>
    </p>
   </div>
   <div class='ocr_carea' id='block_1_9' title="bbox 395 1698 1612 2356">
    <p class='ocr_par' dir='ltr' id='par_1_9' title="bbox 395 1698 1612 2356">
     <span class='ocr_line' id='line_1_16' title="bbox 397 1698 1443 1773; baseline -0.007 -15"><span class='ocrx_word' id='word_1_73' title='bbox 397 1705 417 1731; x_wconf 78' lang='lat'><strong>‘⁸</strong></span> <span class='ocrx_word' id='word_1_74' title='bbox 436 1703 479 1758; x_wconf 88' lang='lat' dir='ltr'><strong>eis</strong></span> <span class='ocrx_word' id='word_1_75' title='bbox 496 1703 612 1758; x_wconf 87' lang='lat' dir='ltr'><strong>valeant</strong></span> <span class='ocrx_word' id='word_1_76' title='bbox 630 1702 770 1758; x_wconf 85' lang='lat' dir='ltr'><strong>auxilium</strong></span> <span class='ocrx_word' id='word_1_77' title='bbox 797 1703 955 1773; x_wconf 87' lang='lat' dir='ltr'><strong>postulare.</strong></span> <span class='ocrx_word' id='word_1_78' title='bbox 993 1700 1067 1758; x_wconf 78' lang='lat' dir='ltr'><strong>Cum</strong></span> <span class='ocrx_word' id='word_1_79' title='bbox 1085 1700 1164 1755; x_wconf 91' lang='lat' dir='ltr'><strong>enim</strong></span> <span class='ocrx_word' id='word_1_80' title='bbox 1183 1700 1262 1755; x_wconf 85' lang='lat' dir='ltr'><strong>dicat</strong></span> <span class='ocrx_word' id='word_1_81' title='bbox 1286 1698 1443 1770; x_wconf 88' lang='lat' dir='ltr'><strong>apostolus.</strong></span> 
     </span>
     <span class='ocr_line' id='line_1_17' title="bbox 395 1780 1612 1855; baseline -0.006 -14"><span class='ocrx_word' id='word_1_82' title='bbox 395 1787 416 1812; x_wconf 85' lang='lat'><em>“</em></span> <span class='ocrx_word' id='word_1_83' title='bbox 438 1785 526 1840; x_wconf 87' lang='lat' dir='ltr'><strong>‘Non</strong></span> <span class='ocrx_word' id='word_1_84' title='bbox 544 1784 652 1841; x_wconf 89' lang='lat' dir='ltr'><strong>debent</strong></span> <span class='ocrx_word' id='word_1_85' title='bbox 667 1785 720 1840; x_wconf 90' lang='lat' dir='ltr'><strong>filii</strong></span> <span class='ocrx_word' id='word_1_86' title='bbox 736 1784 931 1840; x_wconf 78' lang='lat' dir='ltr'><strong>thesaurisare</strong></span> <span class='ocrx_word' id='word_1_87' title='bbox 948 1784 1125 1855; x_wconf 87' lang='lat' dir='ltr'><strong>parentibus,</strong></span> <span class='ocrx_word' id='word_1_88' title='bbox 1143 1782 1194 1838; x_wconf 89' lang='lat' dir='ltr'><strong>sed</strong></span> <span class='ocrx_word' id='word_1_89' title='bbox 1211 1788 1345 1855; x_wconf 80' lang='lat' dir='ltr'><strong>parentes</strong></span> <span class='ocrx_word' id='word_1_90' title='bbox 1356 1780 1441 1843; x_wconf 72' lang='lat' dir='ltr'><strong>filiis:</strong></span> <span class='ocrx_word' id='word_1_91' title='bbox 1455 1788 1526 1835; x_wconf 80' lang='lat' dir='ltr'><strong>scor.</strong></span> <span class='ocrx_word' id='word_1_92' title='bbox 1535 1791 1573 1836; x_wconf 71' lang='lat' dir='ltr'><strong>xit.</strong></span> <span class='ocrx_word' id='word_1_93' title='bbox 1579 1795 1612 1839; x_wconf 80' lang='lat'><strong>1⁴,</strong></span> 
     </span>
     <span class='ocr_line' id='line_1_18' title="bbox 397 1864 1443 1939; baseline -0.005 -17"><span class='ocrx_word' id='word_1_94' title='bbox 397 1870 416 1895; x_wconf 88' lang='lat'>“</span> <span class='ocrx_word' id='word_1_95' title='bbox 436 1867 562 1923; x_wconf 87' lang='lat' dir='ltr'><strong>multum</strong></span> <span class='ocrx_word' id='word_1_96' title='bbox 584 1869 668 1939; x_wconf 82' lang='lat' dir='ltr'><strong>longe</strong></span> <span class='ocrx_word' id='word_1_97' title='bbox 693 1885 711 1922; x_wconf 90' lang='lat' dir='ltr'><strong>e</strong></span> <span class='ocrx_word' id='word_1_98' title='bbox 730 1873 853 1938; x_wconf 84' lang='lat' dir='ltr'><strong>paterna</strong></span> <span class='ocrx_word' id='word_1_99' title='bbox 874 1867 985 1939; x_wconf 88' lang='lat' dir='ltr'><strong>pietate</strong></span> <span class='ocrx_word' id='word_1_100' title='bbox 1005 1866 1132 1931; x_wconf 84' lang='lat' dir='ltr'><strong>videtur,</strong></span> <span class='ocrx_word' id='word_1_101' title='bbox 1154 1866 1180 1921; x_wconf 90' lang='lat' dir='ltr'><strong>si</strong></span> <span class='ocrx_word' id='word_1_102' title='bbox 1203 1864 1353 1937; x_wconf 72' lang='lat' dir='ltr'><strong>praepositi</strong></span> <span class='ocrx_word' id='word_1_103' title='bbox 1377 1864 1443 1918; x_wconf 89' lang='lat' dir='ltr'><strong>sub·</strong></span> 
     </span>
     <span class='ocr_line' id='line_1_19' title="bbox 398 1946 1442 2022; baseline -0.004 -17"><span class='ocrx_word' id='word_1_104' title='bbox 398 1952 416 1977; x_wconf 79' lang='lat'><strong>‘⁴</strong></span> <span class='ocrx_word' id='word_1_105' title='bbox 436 1950 506 2006; x_wconf 88' lang='lat' dir='ltr'><strong>ditis</strong></span> <span class='ocrx_word' id='word_1_106' title='bbox 525 1951 585 2006; x_wconf 89' lang='lat' dir='ltr'><strong>suis</strong></span> <span class='ocrx_word' id='word_1_107' title='bbox 600 1967 706 2022; x_wconf 71' lang='lat' dir='ltr'><strong>grume</strong></span> <span class='ocrx_word' id='word_1_108' title='bbox 722 1950 857 2015; x_wconf 83' lang='lat' dir='ltr'><strong>existunt,</strong></span> <span class='ocrx_word' id='word_1_109' title='bbox 874 1967 946 2020; x_wconf 90' lang='lat' dir='ltr'><strong>quos</strong></span> <span class='ocrx_word' id='word_1_110' title='bbox 962 1950 993 2004; x_wconf 91' lang='lat' dir='ltr'><strong>iu</strong></span> <span class='ocrx_word' id='word_1_111' title='bbox 1011 1949 1124 2006; x_wconf 91' lang='lat' dir='ltr'><strong>cunctis</strong></span> <span class='ocrx_word' id='word_1_112' title='bbox 1143 1946 1362 2004; x_wconf 88' lang='lat' dir='ltr'><strong>necessitatibus</strong></span> <span class='ocrx_word' id='word_1_113' title='bbox 1379 1964 1442 2017; x_wconf 87' lang='lat' dir='ltr'><strong>pae-</strong></span> 
     </span>
     <span class='ocr_line' id='line_1_20' title="bbox 397 2028 1443 2107; baseline -0.006 -19"><span class='ocrx_word' id='word_1_114' title='bbox 397 2034 416 2058; x_wconf 89' lang='grc'>“</span> <span class='ocrx_word' id='word_1_115' title='bbox 436 2032 527 2088; x_wconf 74' lang='lat' dir='ltr'><strong>toris&#39;</strong></span> <span class='ocrx_word' id='word_1_116' title='bbox 545 2050 626 2087; x_wconf 90' lang='lat' dir='ltr'><strong>more</strong></span> <span class='ocrx_word' id='word_1_117' title='bbox 643 2032 751 2087; x_wconf 86' lang='lat' dir='ltr'><strong>debent</strong></span> <span class='ocrx_word' id='word_1_118' title='bbox 771 2032 878 2087; x_wconf 75' lang='lat' dir='ltr'><strong>fovere.</strong></span> <span class='ocrx_word' id='word_1_119' title='bbox 914 2030 1123 2107; x_wconf 61' lang='lat' dir='ltr'><strong>Archidiaooni</strong></span> <span class='ocrx_word' id='word_1_120' title='bbox 1143 2038 1241 2087; x_wconf 87' lang='lat' dir='ltr'><strong>antem</strong></span> <span class='ocrx_word' id='word_1_121' title='bbox 1261 2031 1322 2086; x_wconf 80' lang='lat' dir='ltr'><strong>sive</strong></span> <span class='ocrx_word' id='word_1_122' title='bbox 1341 2028 1443 2084; x_wconf 87' lang='lat' dir='ltr'><strong>decani</strong></span> 
     </span>
     <span class='ocr_line' id='line_1_21' title="bbox 398 2113 1444 2186; baseline -0.003 -17"><span class='ocrx_word' id='word_1_123' title='bbox 398 2117 416 2141; x_wconf 78' lang='lat'><strong>‘⁴</strong></span> <span class='ocrx_word' id='word_1_124' title='bbox 436 2115 532 2171; x_wconf 75' lang='lat' dir='ltr'><strong>nullus</strong></span> <span class='ocrx_word' id='word_1_125' title='bbox 551 2115 716 2170; x_wconf 70' lang='lat' dir='ltr'><strong>exactiones</strong></span> <span class='ocrx_word' id='word_1_126' title='bbox 735 2114 782 2170; x_wconf 86' lang='lat' dir='ltr'><strong>vel</strong></span> <span class='ocrx_word' id='word_1_127' title='bbox 810 2114 906 2170; x_wconf 78' lang='lat' dir='ltr'><strong>tallias</strong></span> <span class='ocrx_word' id='word_1_128' title='bbox 931 2115 963 2169; x_wconf 91' lang='lat' dir='ltr'><strong>in</strong></span> <span class='ocrx_word' id='word_1_129' title='bbox 986 2115 1169 2186; x_wconf 86' lang='lat' dir='ltr'><strong>presbyteros</strong></span> <span class='ocrx_word' id='word_1_130' title='bbox 1188 2131 1239 2169; x_wconf 87' lang='lat' dir='ltr'><strong>eeu</strong></span> <span class='ocrx_word' id='word_1_131' title='bbox 1257 2113 1376 2169; x_wconf 88' lang='lat' dir='ltr'><strong>clericos</strong></span> <span class='ocrx_word' id='word_1_132' title='bbox 1397 2130 1444 2166; x_wconf 84' lang='lat' dir='ltr'><strong>ex-</strong></span> 
     </span>
     <span class='ocr_line' id='line_1_22' title="bbox 396 2197 1442 2271; baseline -0.004 -17"><span class='ocrx_word' id='word_1_133' title='bbox 396 2202 415 2226; x_wconf 85' lang='lat'><strong>‘⁴</strong></span> <span class='ocrx_word' id='word_1_134' title='bbox 436 2216 534 2257; x_wconf 85' lang='lat' dir='ltr'><strong>eruere</strong></span> <span class='ocrx_word' id='word_1_135' title='bbox 550 2205 736 2271; x_wconf 68' lang='lat' dir='ltr'><strong>presumant.</strong></span> <span class='ocrx_word' id='word_1_136' title='bbox 775 2200 852 2255; x_wconf 85' lang='lat' dir='ltr'><strong>Sane</strong></span> <span class='ocrx_word' id='word_1_137' title='bbox 870 2198 949 2270; x_wconf 88' lang='lat' dir='ltr'><strong>quod</strong></span> <span class='ocrx_word' id='word_1_138' title='bbox 969 2199 1005 2255; x_wconf 89' lang='lat' dir='ltr'><strong>de</strong></span> <span class='ocrx_word' id='word_1_139' title='bbox 1022 2216 1144 2255; x_wconf 89' lang='lat' dir='ltr'><strong>numero</strong></span> <span class='ocrx_word' id='word_1_140' title='bbox 1162 2197 1320 2255; x_wconf 78' lang='lat' dir='ltr'><strong>evectionis</strong></span> <span class='ocrx_word' id='word_1_141' title='bbox 1342 2215 1442 2252; x_wconf 89' lang='lat' dir='ltr'><strong>secun·</strong></span> 
     </span>
     <span class='ocr_line' id='line_1_23' title="bbox 397 2283 1441 2356; baseline -0.002 -18"><span class='ocrx_word' id='word_1_142' title='bbox 397 2285 415 2310; x_wconf 91' lang='lat'>“</span> <span class='ocrx_word' id='word_1_143' title='bbox 435 2283 504 2338; x_wconf 88' lang='lat' dir='ltr'><strong>dnm</strong></span> <span class='ocrx_word' id='word_1_144' title='bbox 525 2284 711 2339; x_wconf 75' lang='lat' dir='ltr'><strong>tolerantiam</strong></span> <span class='ocrx_word' id='word_1_145' title='bbox 735 2283 846 2339; x_wconf 82' lang='lat' dir='ltr'><strong>dictum</strong></span> <span class='ocrx_word' id='word_1_146' title='bbox 868 2290 921 2350; x_wconf 90' lang='lat' dir='ltr'><strong>est,</strong></span> <span class='ocrx_word' id='word_1_147' title='bbox 941 2285 973 2339; x_wconf 92' lang='lat' dir='ltr'><strong>in</strong></span> <span class='ocrx_word' id='word_1_148' title='bbox 991 2283 1051 2339; x_wconf 87' lang='lat' dir='ltr'><strong>illis</strong></span> <span class='ocrx_word' id='word_1_149' title='bbox 1069 2284 1142 2339; x_wconf 89' lang='lat' dir='ltr'><strong>locis</strong></span> <span class='ocrx_word' id='word_1_150' title='bbox 1161 2283 1268 2356; x_wconf 89' lang='lat' dir='ltr'><strong>poterit</strong></span> <span class='ocrx_word' id='word_1_151' title='bbox 1285 2283 1441 2347; x_wconf 75' lang='lat' dir='ltr'><strong>obseruari,</strong></span> 
     </span>
    </p>
   </div>
   <div class='ocr_carea' id='block_1_10' title="bbox 395 2364 1443 2768">
    <p class='ocr_par' dir='ltr' id='par_1_10' title="bbox 395 2364 1443 2768">
     <span class='ocr_line' id='line_1_24' title="bbox 397 2364 1442 2438; baseline -0.001 -18"><span class='ocrx_word' id='word_1_152' title='bbox 397 2367 415 2392; x_wconf 79' lang='lat'><strong>‘⁸</strong></span> <span class='ocrx_word' id='word_1_153' title='bbox 435 2366 466 2420; x_wconf 90' lang='lat' dir='ltr'><strong>in</strong></span> <span class='ocrx_word' id='word_1_154' title='bbox 483 2366 588 2437; x_wconf 86' lang='lat' dir='ltr'><strong>quibus</strong></span> <span class='ocrx_word' id='word_1_155' title='bbox 604 2366 758 2438; x_wconf 88' lang='lat' dir='ltr'><strong>ampliores</strong></span> <span class='ocrx_word' id='word_1_156' title='bbox 775 2371 845 2422; x_wconf 89' lang='lat' dir='ltr'><strong>sunt</strong></span> <span class='ocrx_word' id='word_1_157' title='bbox 860 2365 993 2422; x_wconf 87' lang='lat' dir='ltr'><strong>redditus</strong></span> <span class='ocrx_word' id='word_1_158' title='bbox 1012 2372 1042 2420; x_wconf 91' lang='lat' dir='ltr'><strong>st</strong></span> <span class='ocrx_word' id='word_1_159' title='bbox 1056 2364 1260 2422; x_wconf 69' lang='lat' dir='ltr'><strong>ecclesiastice</strong></span> <span class='ocrx_word' id='word_1_160' title='bbox 1279 2365 1442 2420; x_wconf 81' lang='lat' dir='ltr'><strong>facultates.</strong></span> 
     </span>
     <span class='ocr_line' id='line_1_25' title="bbox 396 2447 1443 2520; baseline -0.001 -18"><span class='ocrx_word' id='word_1_161' title='bbox 396 2450 415 2475; x_wconf 89' lang='lat'>“</span> <span class='ocrx_word' id='word_1_162' title='bbox 435 2448 472 2502; x_wconf 91' lang='lat' dir='ltr'><strong>In</strong></span> <span class='ocrx_word' id='word_1_163' title='bbox 496 2449 673 2520; x_wconf 88' lang='lat' dir='ltr'><strong>pauperibus</strong></span> <span class='ocrx_word' id='word_1_164' title='bbox 698 2455 797 2505; x_wconf 89' lang='lat' dir='ltr'><strong>antem</strong></span> <span class='ocrx_word' id='word_1_165' title='bbox 823 2449 894 2505; x_wconf 89' lang='lat' dir='ltr'><strong>locis</strong></span> <span class='ocrx_word' id='word_1_166' title='bbox 918 2453 1030 2504; x_wconf 76' lang='lat' dir='ltr'><strong>tantm</strong></span> <span class='ocrx_word' id='word_1_167' title='bbox 1055 2448 1191 2504; x_wconf 82' lang='lat' dir='ltr'><strong>volumus</strong></span> <span class='ocrx_word' id='word_1_168' title='bbox 1209 2447 1304 2503; x_wconf 85' lang='lat' dir='ltr'><strong>teneri</strong></span> <span class='ocrx_word' id='word_1_169' title='bbox 1328 2465 1443 2503; x_wconf 87' lang='lat' dir='ltr'><strong>mensu·</strong></span> 
     </span>
     <span class='ocr_line' id='line_1_26' title="bbox 396 2530 1441 2605; baseline 0 -21"><span class='ocrx_word' id='word_1_170' title='bbox 396 2532 415 2558; x_wconf 87' lang='lat'><em>“</em></span> <span class='ocrx_word' id='word_1_171' title='bbox 434 2548 507 2597; x_wconf 88' lang='lat' dir='ltr'><strong>ram,</strong></span> <span class='ocrx_word' id='word_1_172' title='bbox 528 2537 561 2586; x_wconf 90' lang='lat' dir='ltr'><strong>ut</strong></span> <span class='ocrx_word' id='word_1_173' title='bbox 579 2549 613 2586; x_wconf 82' lang='lat' dir='ltr'><strong>ex</strong></span> <span class='ocrx_word' id='word_1_174' title='bbox 637 2549 754 2588; x_wconf 82' lang='lat' dir='ltr'><strong>excessu</strong></span> <span class='ocrx_word' id='word_1_175' title='bbox 772 2532 916 2605; x_wconf 84' lang='lat' dir='ltr'><strong>majorum</strong></span> <span class='ocrx_word' id='word_1_176' title='bbox 937 2531 1066 2586; x_wconf 88' lang='lat' dir='ltr'><strong>minores</strong></span> <span class='ocrx_word' id='word_1_177' title='bbox 1089 2548 1148 2585; x_wconf 91' lang='lat' dir='ltr'><strong>non</strong></span> <span class='ocrx_word' id='word_1_178' title='bbox 1172 2530 1296 2585; x_wconf 82' lang='lat' dir='ltr'><strong>debeant</strong></span> <span class='ocrx_word' id='word_1_179' title='bbox 1316 2530 1441 2601; x_wconf 76' lang='lat' dir='ltr'><strong>gravari,</strong></span> 
     </span>
     <span class='ocr_line' id='line_1_27' title="bbox 396 2612 1443 2685; baseline -0.002 -18"><span class='ocrx_word' id='word_1_180' title='bbox 396 2614 415 2638; x_wconf 86' lang='lat'><strong>“</strong></span> <span class='ocrx_word' id='word_1_181' title='bbox 433 2630 471 2667; x_wconf 91' lang='lat' dir='ltr'><strong>ne</strong></span> <span class='ocrx_word' id='word_1_182' title='bbox 496 2614 549 2668; x_wconf 90' lang='lat' dir='ltr'><strong>sub</strong></span> <span class='ocrx_word' id='word_1_183' title='bbox 575 2612 627 2669; x_wconf 83' lang='lat' dir='ltr'><strong>tali</strong></span> <span class='ocrx_word' id='word_1_184' title='bbox 653 2613 836 2685; x_wconf 82' lang='lat' dir='ltr'><strong>indulgentia</strong></span> <span class='ocrx_word' id='word_1_185' title='bbox 861 2614 905 2669; x_wconf 94' lang='lat' dir='ltr'><strong>illi</strong></span> <span class='ocrx_word' id='word_1_186' title='bbox 931 2614 980 2685; x_wconf 92' lang='lat' dir='ltr'><strong>qui</strong></span> <span class='ocrx_word' id='word_1_187' title='bbox 1005 2613 1189 2684; x_wconf 81' lang='lat' dir='ltr'><strong>paucioribus</strong></span> <span class='ocrx_word' id='word_1_188' title='bbox 1207 2613 1290 2683; x_wconf 85' lang='lat' dir='ltr'><strong>equis</strong></span> <span class='ocrx_word' id='word_1_189' title='bbox 1307 2613 1352 2666; x_wconf 92' lang='lat' dir='ltr'><strong>nti</strong></span> <span class='ocrx_word' id='word_1_190' title='bbox 1370 2612 1443 2667; x_wconf 87' lang='lat' dir='ltr'><strong>sole-</strong></span> 
     </span>
     <span class='ocr_line' id='line_1_28' title="bbox 395 2694 1391 2768; baseline -0.004 -17"><span class='ocrx_word' id='word_1_191' title='bbox 395 2699 414 2722; x_wconf 88' lang='lat'><strong>“</strong></span> <span class='ocrx_word' id='word_1_192' title='bbox 435 2696 507 2751; x_wconf 83' lang='lat' dir='ltr'><strong>bant</strong></span> <span class='ocrx_word' id='word_1_193' title='bbox 523 2697 675 2760; x_wconf 86' lang='lat' dir='ltr'><strong>hactenus,</strong></span> <span class='ocrx_word' id='word_1_194' title='bbox 691 2697 819 2768; x_wconf 91' lang='lat' dir='ltr'><strong>plurium</strong></span> <span class='ocrx_word' id='word_1_195' title='bbox 838 2696 894 2751; x_wconf 91' lang='lat' dir='ltr'><strong>sibi</strong></span> <span class='ocrx_word' id='word_1_196' title='bbox 912 2696 1031 2751; x_wconf 89' lang='lat' dir='ltr'><strong>credant</strong></span> <span class='ocrx_word' id='word_1_197' title='bbox 1048 2701 1222 2766; x_wconf 84' lang='lat' dir='ltr'><strong>potestatem</strong></span> <span class='ocrx_word' id='word_1_198' title='bbox 1240 2694 1391 2750; x_wconf 82' lang='lat' dir='ltr'><strong>indultam.</strong></span> 
     </span>
    </p>
   </div>
   <div class='ocr_carea' id='block_1_11' title="bbox 430 2777 1549 2849">
    <p class='ocr_par' dir='ltr' id='par_1_11' title="bbox 430 2777 1549 2849">
     <span class='ocr_line' id='line_1_29' title="bbox 430 2777 1549 2849; baseline 0 -15"><span class='ocrx_word' id='word_1_199' title='bbox 430 2780 450 2805; x_wconf 85' lang='lat'><strong>“</strong></span> <span class='ocrx_word' id='word_1_200' title='bbox 469 2777 582 2834; x_wconf 82' lang='lat' dir='ltr'>XXVI.</span> <span class='ocrx_word' id='word_1_201' title='bbox 601 2779 780 2835; x_wconf 86' lang='lat' dir='ltr'><strong>Innovamus</strong></span> <span class='ocrx_word' id='word_1_202' title='bbox 802 2779 892 2834; x_wconf 89' lang='lat' dir='ltr'><strong>etiam</strong></span> <span class='ocrx_word' id='word_1_203' title='bbox 916 2785 949 2835; x_wconf 92' lang='lat' dir='ltr'><strong>ut</strong></span> <span class='ocrx_word' id='word_1_204' title='bbox 973 2777 1145 2849; x_wconf 84' lang='lat' dir='ltr'><strong>presbyteri,</strong></span> <span class='ocrx_word' id='word_1_205' title='bbox 1168 2777 1275 2844; x_wconf 87' lang='lat' dir='ltr'><strong>elerici,</strong></span> <span class='ocrx_word' id='word_1_206' title='bbox 1296 2777 1441 2843; x_wconf 75' lang='lat' dir='ltr'><strong>monachi,</strong></span> <span class='ocrx_word' id='word_1_207' title='bbox 1454 2783 1549 2834; x_wconf 70' lang='lat' dir='ltr'><strong>Bonan</strong></span> 
     </span>
    </p>
   </div>
   <div class='ocr_carea' id='block_1_12' title="bbox 352 2850 1540 3429">
    <p class='ocr_par' dir='ltr' id='par_1_12' title="bbox 352 2850 1540 3429">
     <span class='ocr_line' id='line_1_30' title="bbox 352 2850 1540 2933; baseline -0.001 -17"><span class='ocrx_word' id='word_1_208' title='bbox 352 2856 361 2867; x_wconf 78' lang='lat'><em>⁰</em></span> <span class='ocrx_word' id='word_1_209' title='bbox 396 2861 414 2886; x_wconf 79' lang='lat'><strong>‘⁴</strong></span> <span class='ocrx_word' id='word_1_210' title='bbox 433 2861 575 2925; x_wconf 82' lang='lat' dir='ltr'><strong>conversi,</strong></span> <span class='ocrx_word' id='word_1_211' title='bbox 595 2860 752 2933; x_wconf 82' lang='lat' dir='ltr'><strong>peregrini,</strong></span> <span class='ocrx_word' id='word_1_212' title='bbox 774 2866 956 2927; x_wconf 86' lang='lat' dir='ltr'><strong>mercatores,</strong></span> <span class='ocrx_word' id='word_1_213' title='bbox 978 2862 1090 2926; x_wconf 88' lang='lat' dir='ltr'><strong>rustici,</strong></span> <span class='ocrx_word' id='word_1_214' title='bbox 1112 2866 1213 2916; x_wconf 89' lang='lat' dir='ltr'><strong>euntes</strong></span> <span class='ocrx_word' id='word_1_215' title='bbox 1232 2867 1263 2916; x_wconf 89' lang='lat' dir='ltr'><strong>et</strong></span> <span class='ocrx_word' id='word_1_216' title='bbox 1278 2860 1439 2923; x_wconf 86' lang='lat' dir='ltr'><strong>redeuntes,</strong></span> <span class='ocrx_word' id='word_1_217' title='bbox 1454 2850 1540 2901; x_wconf 45' lang='lat'>12³³·</span> 
     </span>
     <span class='ocr_line' id='line_1_31' title="bbox 395 2942 1443 3015; baseline 0.001 -18"><span class='ocrx_word' id='word_1_218' title='bbox 395 2944 414 2970; x_wconf 77' lang='lat'><strong>‘⁸</strong></span> <span class='ocrx_word' id='word_1_219' title='bbox 433 2942 465 2997; x_wconf 91' lang='lat' dir='ltr'><strong>iu</strong></span> <span class='ocrx_word' id='word_1_220' title='bbox 484 2943 665 3014; x_wconf 77' lang='lat' dir='ltr'><strong>agricultura</strong></span> <span class='ocrx_word' id='word_1_221' title='bbox 682 2944 847 3009; x_wconf 83' lang='lat' dir='ltr'><strong>existentes,</strong></span> <span class='ocrx_word' id='word_1_222' title='bbox 868 2950 899 2999; x_wconf 91' lang='lat' dir='ltr'><strong>et</strong></span> <span class='ocrx_word' id='word_1_223' title='bbox 921 2945 1061 3000; x_wconf 85' lang='lat' dir='ltr'><strong>animalia</strong></span> <span class='ocrx_word' id='word_1_224' title='bbox 1085 2944 1190 3015; x_wconf 90' lang='lat' dir='ltr'><strong>quibus</strong></span> <span class='ocrx_word' id='word_1_225' title='bbox 1211 2951 1303 3008; x_wconf 83' lang='lat' dir='ltr'><strong>arant,</strong></span> <span class='ocrx_word' id='word_1_226' title='bbox 1324 2950 1354 2998; x_wconf 90' lang='lat' dir='ltr'><strong>et</strong></span> <span class='ocrx_word' id='word_1_227' title='bbox 1378 2961 1443 3014; x_wconf 76' lang='lat' dir='ltr'><strong>quea</strong></span> 
     </span>
     <span class='ocr_line' id='line_1_32' title="bbox 395 3024 1444 3099; baseline 0.001 -19"><span class='ocrx_word' id='word_1_228' title='bbox 395 3025 413 3050; x_wconf 88' lang='lat'>“</span> <span class='ocrx_word' id='word_1_229' title='bbox 433 3025 546 3080; x_wconf 88' lang='lat' dir='ltr'><strong>semina</strong></span> <span class='ocrx_word' id='word_1_230' title='bbox 564 3030 682 3096; x_wconf 89' lang='lat' dir='ltr'><strong>portant</strong></span> <span class='ocrx_word' id='word_1_231' title='bbox 695 3024 734 3081; x_wconf 83' lang='lat' dir='ltr'><strong>ad</strong></span> <span class='ocrx_word' id='word_1_232' title='bbox 751 3043 866 3097; x_wconf 82' lang='lat' dir='ltr'><strong>agrum,</strong></span> <span class='ocrx_word' id='word_1_233' title='bbox 879 3043 1009 3099; x_wconf 80' lang='lat' dir='ltr'><strong>congrue</strong></span> <span class='ocrx_word' id='word_1_234' title='bbox 1026 3028 1181 3082; x_wconf 88' lang='lat' dir='ltr'><strong>securitate</strong></span> <span class='ocrx_word' id='word_1_235' title='bbox 1200 3027 1345 3081; x_wconf 71' lang='lat' dir='ltr'><strong>latentur.</strong></span> <span class='ocrx_word' id='word_1_236' title='bbox 1381 3027 1444 3081; x_wconf 89' lang='lat' dir='ltr'><strong>Nec</strong></span> 
     </span>
     <span class='ocr_line' id='line_1_33' title="bbox 394 3106 1444 3181; baseline 0.003 -20"><span class='ocrx_word' id='word_1_237' title='bbox 394 3107 413 3132; x_wconf 86' lang='lat'>“</span> <span class='ocrx_word' id='word_1_238' title='bbox 433 3106 588 3178; x_wconf 86' lang='lat' dir='ltr'><strong>quisquam</strong></span> <span class='ocrx_word' id='word_1_239' title='bbox 609 3107 716 3162; x_wconf 86' lang='lat' dir='ltr'><strong>alicubi</strong></span> <span class='ocrx_word' id='word_1_240' title='bbox 734 3125 823 3164; x_wconf 85' lang='lat' dir='ltr'><strong>novas</strong></span> <span class='ocrx_word' id='word_1_241' title='bbox 843 3109 1035 3181; x_wconf 80' lang='lat' dir='ltr'><strong>pedagiorum</strong></span> <span class='ocrx_word' id='word_1_242' title='bbox 1056 3108 1218 3165; x_wconf 81' lang='lat' dir='ltr'><strong>exactiones</strong></span> <span class='ocrx_word' id='word_1_243' title='bbox 1236 3115 1374 3173; x_wconf 86' lang='lat' dir='ltr'><strong>statuere,</strong></span> <span class='ocrx_word' id='word_1_244' title='bbox 1393 3116 1444 3164; x_wconf 90' lang='lat' dir='ltr'><strong>aut</strong></span> 
     </span>
     <span class='ocr_line' id='line_1_34' title="bbox 393 3189 1443 3263; baseline 0.003 -20"><span class='ocrx_word' id='word_1_245' title='bbox 393 3189 414 3215; x_wconf 86' lang='lat'><strong>“</strong></span> <span class='ocrx_word' id='word_1_246' title='bbox 434 3194 558 3244; x_wconf 83' lang='lat' dir='ltr'><strong>statutas</strong></span> <span class='ocrx_word' id='word_1_247' title='bbox 584 3189 620 3244; x_wconf 89' lang='lat' dir='ltr'><strong>de</strong></span> <span class='ocrx_word' id='word_1_248' title='bbox 644 3208 719 3245; x_wconf 89' lang='lat' dir='ltr'><strong>novo</strong></span> <span class='ocrx_word' id='word_1_249' title='bbox 743 3195 852 3253; x_wconf 87' lang='lat' dir='ltr'><strong>tenere,</strong></span> <span class='ocrx_word' id='word_1_250' title='bbox 870 3197 921 3245; x_wconf 87' lang='lat' dir='ltr'><strong>aut</strong></span> <span class='ocrx_word' id='word_1_251' title='bbox 947 3197 1061 3247; x_wconf 83' lang='lat' dir='ltr'><strong>veteres</strong></span> <span class='ocrx_word' id='word_1_252' title='bbox 1089 3207 1205 3260; x_wconf 80' lang='lat' dir='ltr'><strong>angere,</strong></span> <span class='ocrx_word' id='word_1_253' title='bbox 1232 3191 1329 3263; x_wconf 85' lang='lat' dir='ltr'><strong>aliquo</strong></span> <span class='ocrx_word' id='word_1_254' title='bbox 1356 3191 1443 3246; x_wconf 87' lang='lat' dir='ltr'><strong>modo</strong></span> 
     </span>
     <span class='ocr_line' id='line_1_35' title="bbox 394 3272 1444 3344; baseline 0.003 -19"><span class='ocrx_word' id='word_1_255' title='bbox 394 3272 414 3297; x_wconf 79' lang='lat'><strong>‘¹</strong></span> <span class='ocrx_word' id='word_1_256' title='bbox 433 3278 600 3342; x_wconf 72' lang='lat' dir='ltr'><strong>praesumat.</strong></span> <span class='ocrx_word' id='word_1_257' title='bbox 638 3273 670 3329; x_wconf 82' lang='lat' dir='ltr'><strong>si</strong></span> <span class='ocrx_word' id='word_1_258' title='bbox 691 3274 757 3344; x_wconf 89' lang='lat' dir='ltr'><strong>quis</strong></span> <span class='ocrx_word' id='word_1_259' title='bbox 774 3280 873 3329; x_wconf 87' lang='lat' dir='ltr'><strong>antem</strong></span> <span class='ocrx_word' id='word_1_260' title='bbox 891 3281 993 3329; x_wconf 89' lang='lat' dir='ltr'><strong>contra</strong></span> <span class='ocrx_word' id='word_1_261' title='bbox 1009 3274 1064 3330; x_wconf 91' lang='lat' dir='ltr'><strong>hoc</strong></span> <span class='ocrx_word' id='word_1_262' title='bbox 1083 3274 1185 3329; x_wconf 82' lang='lat' dir='ltr'><strong>fecerit</strong></span> <span class='ocrx_word' id='word_1_263' title='bbox 1202 3282 1232 3329; x_wconf 93' lang='lat' dir='ltr'><strong>et</strong></span> <span class='ocrx_word' id='word_1_264' title='bbox 1249 3275 1444 3330; x_wconf 88' lang='lat' dir='ltr'><strong>commonitus</strong></span> 
     </span>
     <span class='ocr_line' id='line_1_36' title="bbox 395 3355 1443 3429; baseline 0.003 -20"><span class='ocrx_word' id='word_1_265' title='bbox 395 3355 414 3380; x_wconf 80' lang='lat'><strong>‘⁴</strong></span> <span class='ocrx_word' id='word_1_266' title='bbox 435 3371 494 3409; x_wconf 83' lang='lat' dir='ltr'><strong>uon</strong></span> <span class='ocrx_word' id='word_1_267' title='bbox 525 3355 682 3422; x_wconf 88' lang='lat' dir='ltr'><strong>destiterit,</strong></span> <span class='ocrx_word' id='word_1_268' title='bbox 714 3356 958 3429; x_wconf 70' lang='lat' dir='ltr'><strong>praedecessorum</strong></span> <span class='ocrx_word' id='word_1_269' title='bbox 995 3363 1160 3412; x_wconf 89' lang='lat' dir='ltr'><strong>nostrornm</strong></span> <span class='ocrx_word' id='word_1_270' title='bbox 1190 3358 1323 3427; x_wconf 79' lang='lat' dir='ltr'><strong>vestigiis</strong></span> <span class='ocrx_word' id='word_1_271' title='bbox 1352 3358 1443 3412; x_wconf 76' lang='lat' dir='ltr'><strong>inhes-</strong></span> 
     </span>
    </p>
   </div>
   <div class='ocr_carea' id='block_1_13' title="bbox 394 3437 1443 3577">
    <p class='ocr_par' dir='ltr' id='par_1_13' title="bbox 394 3437 1443 3577">
     <span class='ocr_line' id='line_1_37' title="bbox 394 3437 1443 3575; baseline 0.003 -84"><span class='ocrx_word' id='word_1_272' title='bbox 394 3437 413 3547; x_wconf 50' lang='grc' dir='ltr'><strong>ΣΞ</strong></span> <span class='ocrx_word' id='word_1_273' title='bbox 432 3441 533 3575; x_wconf 53' lang='grc' dir='ltr'><strong>ἒῗιῐξοο</strong></span> <span class='ocrx_word' id='word_1_274' title='bbox 556 3437 750 3510; x_wconf 69' lang='lat' dir='ltr'><strong>precipimus,</strong></span> <span class='ocrx_word' id='word_1_275' title='bbox 774 3444 808 3494; x_wconf 88' lang='lat' dir='ltr'><strong>ut</strong></span> <span class='ocrx_word' id='word_1_276' title='bbox 831 3438 923 3495; x_wconf 88' lang='lat' dir='ltr'><strong>donec</strong></span> <span class='ocrx_word' id='word_1_277' title='bbox 943 3439 1103 3495; x_wconf 84' lang='lat' dir='ltr'><strong>satisfaciat</strong></span> <span class='ocrx_word' id='word_1_278' title='bbox 1126 3440 1326 3495; x_wconf 89' lang='lat' dir='ltr'><strong>communione</strong></span> <span class='ocrx_word' id='word_1_279' title='bbox 1346 3444 1443 3495; x_wconf 85' lang='lat' dir='ltr'><strong>careat</strong></span> 
     </span>
     <span class='ocr_line' id='line_1_38' title="bbox 496 3520 626 3577; baseline 0.008 -44"><span class='ocrx_word' id='word_1_280' title='bbox 496 3520 626 3577; x_wconf 29' lang='lat' dir='ltr'><strong>am„</strong></span> 
     </span>
    </p>
   </div>
   <div class='ocr_carea' id='block_1_14' title="bbox 221 3646 365 3741">
    <p class='ocr_par' dir='ltr' id='par_1_14' title="bbox 221 3646 365 3741">
     <span class='ocr_line' id='line_1_39' title="bbox 225 3646 365 3693; baseline 0.007 -2"><span class='ocrx_word' id='word_1_281' title='bbox 225 3646 365 3693; x_wconf 70' lang='lat' dir='ltr'><strong>Ptrstabbot</strong></span> 
     </span>
     <span class='ocr_line' id='line_1_40' title="bbox 221 3697 340 3741; baseline 0 0"><span class='ocrx_word' id='word_1_282' title='bbox 221 3698 247 3741; x_wconf 82' lang='lat' dir='ltr'><strong>ut</strong></span> <span class='ocrx_word' id='word_1_283' title='bbox 254 3697 340 3741; x_wconf 71' lang='lat' dir='ltr'><strong>Isesues</strong></span> 
     </span>
    </p>
   </div>
   <div class='ocr_carea' id='block_1_15' title="bbox 437 3627 1442 3721">
    <p class='ocr_par' dir='ltr' id='par_1_15' title="bbox 437 3627 1442 3721">
     <span class='ocr_line' id='line_1_41' title="bbox 437 3627 1442 3721; baseline 0.002 -28"><span class='ocrx_word' id='word_1_284' title='bbox 437 3627 512 3694; x_wconf 89' lang='lat' dir='ltr'><strong>Hoc</strong></span> <span class='ocrx_word' id='word_1_285' title='bbox 534 3628 647 3693; x_wconf 89' lang='lat' dir='ltr'><strong>eodem</strong></span> <span class='ocrx_word' id='word_1_286' title='bbox 678 3629 803 3696; x_wconf 85' lang='lat' dir='ltr'><strong>scilicet</strong></span> <span class='ocrx_word' id='word_1_287' title='bbox 833 3640 1061 3694; x_wconf 81' lang='lat' dir='ltr'><strong>M⁰c⁰Lxx⁰1x0</strong></span> <span class='ocrx_word' id='word_1_288' title='bbox 1082 3631 1198 3716; x_wconf 85' lang='lat' dir='ltr'><strong>gratiae</strong></span> <span class='ocrx_word' id='word_1_289' title='bbox 1219 3651 1314 3721; x_wconf 20' lang='lat' dir='ltr'><strong>*enno</strong></span> <span class='ocrx_word' id='word_1_290' title='bbox 1344 3630 1442 3696; x_wconf 86' lang='lat' dir='ltr'><strong>bene·</strong></span> 
     </span>
    </p>
   </div>
   <div class='ocr_carea' id='block_1_16' title="bbox 223 3728 1441 4019">
    <p class='ocr_par' dir='ltr' id='par_1_16' title="bbox 223 3728 1441 4019">
     <span class='ocr_line' id='line_1_42' title="bbox 223 3728 1440 3816; baseline 0.004 -25"><span class='ocrx_word' id='word_1_291' title='bbox 223 3745 321 3791; x_wconf 68' lang='lat' dir='ltr'><strong>nsum.</strong></span> <span class='ocrx_word' id='word_1_292' title='bbox 392 3729 481 3794; x_wconf 83' lang='lat' dir='ltr'><strong>dixit</strong></span> <span class='ocrx_word' id='word_1_293' title='bbox 510 3728 690 3795; x_wconf 88' lang='lat' dir='ltr'><strong>Walterius</strong></span> <span class='ocrx_word' id='word_1_294' title='bbox 719 3729 872 3796; x_wconf 70' lang='lat' dir='ltr'><strong>Rofenns</strong></span> <span class='ocrx_word' id='word_1_295' title='bbox 902 3730 1073 3816; x_wconf 88' lang='lat' dir='ltr'><strong>episcopus</strong></span> <span class='ocrx_word' id='word_1_296' title='bbox 1110 3731 1253 3816; x_wconf 90' lang='lat' dir='ltr'><strong>primum</strong></span> <span class='ocrx_word' id='word_1_297' title='bbox 1287 3731 1440 3796; x_wconf 88' lang='lat' dir='ltr'><strong>abbatem</strong></span> 
     </span>
     <span class='ocr_line' id='line_1_43' title="bbox 392 3831 1441 3920; baseline 0.003 -24"><span class='ocrx_word' id='word_1_298' title='bbox 392 3831 578 3897; x_wconf 84' lang='lat' dir='ltr'><strong>Liesnensis</strong></span> <span class='ocrx_word' id='word_1_299' title='bbox 600 3832 744 3898; x_wconf 80' lang='lat' dir='ltr'><strong>ecclesiae</strong></span> <span class='ocrx_word' id='word_1_300' title='bbox 767 3832 856 3918; x_wconf 88' lang='lat' dir='ltr'><strong>apud</strong></span> <span class='ocrx_word' id='word_1_301' title='bbox 879 3831 1008 3909; x_wconf 82' lang='lat' dir='ltr'><strong>Rosam,</strong></span> <span class='ocrx_word' id='word_1_302' title='bbox 1031 3839 1165 3918; x_wconf 87' lang='lat' dir='ltr'><strong>accepta</strong></span> <span class='ocrx_word' id='word_1_303' title='bbox 1186 3835 1229 3899; x_wconf 89' lang='lat' dir='ltr'><strong>ab</strong></span> <span class='ocrx_word' id='word_1_304' title='bbox 1256 3856 1293 3900; x_wconf 93' lang='lat' dir='ltr'><strong>eo</strong></span> <span class='ocrx_word' id='word_1_305' title='bbox 1319 3833 1441 3920; x_wconf 87' lang='lat' dir='ltr'><strong>profes-</strong></span> 
     </span>
     <span class='ocr_line' id='line_1_44' title="bbox 391 3932 957 4019; baseline 0.002 -22"><span class='ocrx_word' id='word_1_306' title='bbox 391 3932 481 3998; x_wconf 88' lang='lat' dir='ltr'><strong>sione</strong></span> <span class='ocrx_word' id='word_1_307' title='bbox 504 3933 545 3998; x_wconf 86' lang='lat' dir='ltr'><strong>de</strong></span> <span class='ocrx_word' id='word_1_308' title='bbox 568 3933 724 3999; x_wconf 85' lang='lat' dir='ltr'><strong>canonica</strong></span> <span class='ocrx_word' id='word_1_309' title='bbox 747 3933 957 4019; x_wconf 88' lang='lat' dir='ltr'><strong>subjectione.</strong></span> 
     </span>
    </p>
   </div>
   <div class='ocr_carea' id='block_1_17' title="bbox 221 4046 1440 4506">
    <p class='ocr_par' dir='ltr' id='par_1_17' title="bbox 222 4046 349 4093">
     <span class='ocr_line' id='line_1_45' title="bbox 222 4046 349 4093; baseline 0 0"><span class='ocrx_word' id='word_1_310' title='bbox 222 4046 349 4093; x_wconf 69' lang='lat' dir='ltr'><strong>noenuw</strong></span> 
     </span>
    </p>

    <p class='ocr_par' dir='ltr' id='par_1_18' title="bbox 221 4098 1440 4506">
     <span class='ocr_line' id='line_1_46' title="bbox 221 4098 1440 4211; baseline 0.003 -11"><span class='ocrx_word' id='word_1_311' title='bbox 221 4098 328 4200; x_wconf 62' lang='lat' dir='ltr'><strong>titt.</strong></span> <span class='ocrx_word' id='word_1_312' title='bbox 391 4133 531 4211; x_wconf 61' lang='lat' dir='ltr'><strong>racha</strong></span> <span class='ocrx_word' id='word_1_313' title='bbox 562 4135 668 4199; x_wconf 72' lang='lat' dir='ltr'><strong>eidem</strong></span> <span class='ocrx_word' id='word_1_314' title='bbox 700 4134 835 4200; x_wconf 72' lang='lat' dir='ltr'><strong>noem</strong></span> <span class='ocrx_word' id='word_1_315' title='bbox 869 4135 1012 4201; x_wconf 62' lang='lat' dir='ltr'><strong>eccam</strong></span> <span class='ocrx_word' id='word_1_316' title='bbox 1044 4137 1139 4201; x_wconf 72' lang='lat' dir='ltr'><strong>eise</strong></span> <span class='ocrx_word' id='word_1_317' title='bbox 1168 4137 1289 4203; x_wconf 63' lang='lat' dir='ltr'><strong>amieis</strong></span> <span class='ocrx_word' id='word_1_318' title='bbox 1317 4139 1440 4204; x_wconf 72' lang='lat' dir='ltr'><strong>noom-</strong></span> 
     </span>
     <span class='ocr_line' id='line_1_47' title="bbox 388 4236 1440 4323; baseline 0.005 -22"><span class='ocrx_word' id='word_1_319' title='bbox 388 4236 530 4301; x_wconf 81' lang='lat' dir='ltr'><strong>modum.</strong></span> <span class='ocrx_word' id='word_1_320' title='bbox 576 4237 665 4302; x_wconf 86' lang='lat' dir='ltr'><strong>Nem</strong></span> <span class='ocrx_word' id='word_1_321' title='bbox 692 4237 765 4323; x_wconf 89' lang='lat' dir='ltr'><strong>ipsa</strong></span> <span class='ocrx_word' id='word_1_322' title='bbox 791 4237 925 4303; x_wconf 85' lang='lat' dir='ltr'><strong>ecclesia</strong></span> <span class='ocrx_word' id='word_1_323' title='bbox 948 4238 1059 4304; x_wconf 88' lang='lat' dir='ltr'><strong>Sancti</strong></span> <span class='ocrx_word' id='word_1_324' title='bbox 1093 4239 1235 4306; x_wconf 84' lang='lat' dir='ltr'><strong>Andreae</strong></span> <span class='ocrx_word' id='word_1_325' title='bbox 1266 4262 1340 4306; x_wconf 89' lang='lat' dir='ltr'><strong>cum</strong></span> <span class='ocrx_word' id='word_1_326' title='bbox 1372 4240 1440 4306; x_wconf 90' lang='lat' dir='ltr'><strong>offi-</strong></span> 
     </span>
     <span class='ocr_line' id='line_1_48' title="bbox 388 4339 1438 4429; baseline 0.004 -25"><span class='ocrx_word' id='word_1_327' title='bbox 388 4339 471 4404; x_wconf 91' lang='lat' dir='ltr'><strong>cinis</strong></span> <span class='ocrx_word' id='word_1_328' title='bbox 494 4339 572 4417; x_wconf 88' lang='lat' dir='ltr'><strong>suis,</strong></span> <span class='ocrx_word' id='word_1_329' title='bbox 595 4360 670 4405; x_wconf 88' lang='lat' dir='ltr'><strong>cnm</strong></span> <span class='ocrx_word' id='word_1_330' title='bbox 693 4339 766 4424; x_wconf 87' lang='lat' dir='ltr'><strong>ipsa</strong></span> <span class='ocrx_word' id='word_1_331' title='bbox 787 4339 934 4418; x_wconf 70' lang='lat' dir='ltr'><strong>unitate,</strong></span> <span class='ocrx_word' id='word_1_332' title='bbox 958 4340 1034 4427; x_wconf 84' lang='lat' dir='ltr'><strong>igne</strong></span> <span class='ocrx_word' id='word_1_333' title='bbox 1057 4348 1252 4429; x_wconf 87' lang='lat' dir='ltr'><strong>consumpta</strong></span> <span class='ocrx_word' id='word_1_334' title='bbox 1273 4349 1325 4408; x_wconf 88' lang='lat' dir='ltr'><strong>est</strong></span> <span class='ocrx_word' id='word_1_335' title='bbox 1346 4350 1380 4409; x_wconf 93' lang='lat' dir='ltr'><strong>et</strong></span> <span class='ocrx_word' id='word_1_336' title='bbox 1402 4344 1438 4408; x_wconf 89' lang='lat' dir='ltr'><strong>in</strong></span> 
     </span>
     <span class='ocr_line' id='line_1_49' title="bbox 389 4440 692 4506; baseline 0.003 -1"><span class='ocrx_word' id='word_1_337' title='bbox 389 4440 530 4505; x_wconf 88' lang='lat' dir='ltr'><strong>cinerem</strong></span> <span class='ocrx_word' id='word_1_338' title='bbox 553 4440 692 4506; x_wconf 85' lang='lat' dir='ltr'><strong>reducta</strong></span> 
     </span>
    </p>
   </div>
   <div class='ocr_carea' id='block_1_18' title="bbox 437 3996 1441 4120">
    <p class='ocr_par' dir='ltr' id='par_1_19' title="bbox 437 3996 1441 4120">
     <span class='ocr_line' id='line_1_50' title="bbox 437 3996 1441 4120; baseline 0.003 -21"><span class='ocrx_word' id='word_1_339' title='bbox 437 4033 562 4113; x_wconf 75' lang='lat' dir='ltr'><strong>Quarto</strong></span> <span class='ocrx_word' id='word_1_340' title='bbox 585 4033 660 4098; x_wconf 77' lang='lat' dir='ltr'><strong>idus</strong></span> <span class='ocrx_word' id='word_1_341' title='bbox 684 4033 818 4119; x_wconf 79' lang='lat' dir='ltr'><strong>Aprilis,</strong></span> <span class='ocrx_word' id='word_1_342' title='bbox 837 4034 922 4100; x_wconf 72' lang='lat' dir='ltr'><strong>feria</strong></span> <span class='ocrx_word' id='word_1_343' title='bbox 943 4034 1068 4101; x_wconf 68' lang='lat' dir='ltr'><strong>senice</strong></span> <span class='ocrx_word' id='word_1_344' title='bbox 1088 3996 1189 4100; x_wconf 66' lang='lat' dir='ltr'><strong>tertia</strong></span> <span class='ocrx_word' id='word_1_345' title='bbox 1210 4041 1286 4120; x_wconf 77' lang='lat' dir='ltr'><strong>post</strong></span> <span class='ocrx_word' id='word_1_346' title='bbox 1308 4042 1441 4102; x_wconf 69' lang='lat' dir='ltr'><strong>octavas</strong></span> 
     </span>
    </p>
   </div>
   <div class='ocr_carea' id='block_1_19' title="bbox 419 4713 1320 4856">
    <p class='ocr_par' dir='ltr' id='par_1_20' title="bbox 419 4713 1320 4856">
     <span class='ocr_line' id='line_1_51' title="bbox 423 4713 1320 4785; baseline 0.009 -24"><span class='ocrx_word' id='word_1_347' title='bbox 423 4713 431 4745; x_wconf 90' lang='lat'><strong>¹</strong></span> <span class='ocrx_word' id='word_1_348' title='bbox 444 4714 564 4779; x_wconf 64' lang='lat' dir='ltr'><strong>contari]</strong></span> <span class='ocrx_word' id='word_1_349' title='bbox 581 4715 727 4780; x_wconf 75' lang='lat' dir='ltr'><strong>conampti,</strong></span> <span class='ocrx_word' id='word_1_350' title='bbox 740 4716 773 4766; x_wconf 82' lang='grc' dir='ltr'><strong>Δ.</strong></span> <span class='ocrx_word' id='word_1_351' title='bbox 788 4717 816 4766; x_wconf 87' lang='grc' dir='ltr'><strong>Β.</strong></span> <span class='ocrx_word' id='word_1_352' title='bbox 970 4717 982 4749; x_wconf 81' lang='lat'>⁸</span> <span class='ocrx_word' id='word_1_353' title='bbox 989 4718 1117 4785; x_wconf 66' lang='lat' dir='ltr'><strong>pectant]</strong></span> <span class='ocrx_word' id='word_1_354' title='bbox 1132 4719 1281 4784; x_wconf 77' lang='lat' dir='ltr'><strong>pastoribus,</strong></span> <span class='ocrx_word' id='word_1_355' title='bbox 1290 4721 1320 4772; x_wconf 82' lang='lat' dir='ltr'><strong>C.</strong></span> 
     </span>
     <span class='ocr_line' id='line_1_52' title="bbox 419 4791 678 4856; baseline 0.019 -17"><span class='ocrx_word' id='word_1_356' title='bbox 419 4791 537 4856; x_wconf 62' lang='grc' dir='ltr'>ἀπίω]</span> <span class='ocrx_word' id='word_1_357' title='bbox 552 4792 635 4853; x_wconf 71' lang='lat' dir='ltr'><strong>enum,</strong></span> <span class='ocrx_word' id='word_1_358' title='bbox 648 4794 678 4844; x_wconf 82' lang='lat' dir='ltr'><strong>C.</strong></span> 
     </span>
    </p>
   </div>
   <div class='ocr_carea' id='block_1_20' title="bbox 0 0 1828 5720">
    <p class='ocr_par' dir='ltr' id='par_1_21' title="bbox 0 0 1828 5720">
     <span class='ocr_line' id='line_1_53' title="bbox 0 0 1828 5720; baseline 0 2"><span class='ocrx_word' id='word_1_359' title='bbox 0 0 1828 5720; x_wconf 95' lang='lat' dir='ltr'><strong> </strong></span> 
     </span>
    </p>
   </div>
  </div>
 </body>
</html>
