3628 5728
392 871 458 934 414
601 886 765 937 suavssrr
787 885 949 937 rouscnr
972 887 1248 939 esurusmnrsrs

239 1079 363 1125 &vdua
390 1074 431 1134 ut
471 1070 517 1135 sis
557 1069 779 1137 incontinenti
819 1072 919 1137 breve
962 1072 1096 1158 quidem
1141 1079 1177 1139 et
1221 1094 1342 1160 purum
1385 1075 1443 1139 sed

220 1142 363 1255 sm,
390 1173 502 1238 omnia
523 1174 741 1260 complectens
763 1173 898 1240 daretur
919 1195 1119 1262 responsum.
1159 1174 1289 1256 Quibus
1304 1175 1340 1240 in
1355 1176 1442 1262 capi-

219 1254 330 1356 }ffl'b'.
390 1274 498 1340 tulum
530 1276 692 1342 revocatis
723 1276 876 1363 supprior
905 1277 972 1355 ait3
1005 1276 1086 1342 “De
1126 1276 1274 1343 adventu
1317 1277 1442 1342 domini

390 1386 408 1412 “
431 1378 517 1464 regis
543 1377 580 1442 in
605 1377 762 1464 Angliam
792 1398 851 1465 pro
881 1398 977 1464 posse
999 1384 1113 1443 nostro
1146 1378 1326 1464 plurimum
1357 1378 1442 1444 laeti·

350 1488 354 1495 '
389 1487 407 1513 “
429 1477 527 1556 ficati,
550 1479 760 1565 sperabamus
779 1480 868 1566 quod
890 1480 963 1565 ipso
982 1480 1180 1545 adveniente
1195 1479 1284 1545 salus
1299 1478 1442 1546 ecclesia

389 1588 406 1613 “
424 1581 496 1665 jam
518 1587 604 1646 esset
625 1581 662 1645 in
689 1581 810 1666 januis.
857 1580 985 1645 Audito
1006 1585 1120 1646 autam
1142 1581 1231 1666 quod
1262 1581 1443 1646 diverteret

388 1689 405 1715 “
428 1681 518 1759 alias,
556 1681 696 1747 tristitie
732 1681 838 1747 cordis
878 1681 984 1746 nostri
1021 1681 1251 1766 congeminata
1289 1680 1440 1747 invaluit

388 1790 404 1818 ‘⁴
427 1782 469 1847 In
491 1783 641 1868 proximo
657 1783 791 1869 quidem
805 1789 847 1848 ut
868 1782 1014 1848 asseritis
1037 1788 1113 1868 post
1128 1783 1234 1870 ipsius
1248 1783 1440 1860 adventum,

386 1890 590 1949 “venerunt
623 1883 666 1950 ad
697 1904 757 1949 nos
788 1884 927 1949 forsitan
960 1883 1004 1948 ab
1038 1905 1076 1948 ec
1110 1882 1223 1948 missi¹
1245 1884 1441 1970 spectabiles

387 1994 404 2020 “
426 1985 546 2062 nuntii,
569 1991 739 2050 monentes
761 1991 800 2049 ut
831 2005 920 2049 more
943 1984 1041 2049 solito
1064 1984 1181 2050 divina
1203 1984 1440 2051 celebraremus

386 2097 403 2122 “
426 2089 462 2151 in
477 2087 620 2166 ecclesia,
636 2094 672 2153 et
693 2088 737 2153 ad
759 2109 869 2174 regem
884 2087 1061 2152 monachos
1077 2087 1294 2165 mitteremus,
1310 2095 1345 2154 et
1367 2088 1440 2154 illos

386 2199 403 2224 “
426 2190 590 2275 praecipue
613 2211 694 2275 quos
716 2189 980 2275 archiepiscopus
1011 2195 1201 2275 portatam
1235 2191 1439 2276 provinciam

388 2298 406 2325 “
428 2312 520 2356 suam
545 2291 803 2357 denunciaverat
833 2291 1139 2357 excommunicatos.
1188 2291 1307 2377 Equos,
1331 2292 1439 2359 famu-

245 2409 258 2441 θ
388 2401 405 2427 “
428 2392 476 2458 los
509 2399 544 2458 et
575 2414 735 2479 expensas
757 2393 856 2458 ituris
881 2392 1129 2478 promittebant,
1151 2398 1186 2459 et
1216 2394 1251 2458 in
1274 2396 1383 2460 eundo
1406 2402 1441 2461 ct

326 2512 341 2543 0
388 2504 405 2529 “
427 2495 594 2560 redeundo
615 2495 739 2582 regiam
762 2494 979 2560 securitatem.
1027 2493 1156 2575 Quibus
1179 2495 1219 2560 de
1248 2495 1439 2582 hujusmodi

430 2596 628 2683 profectione
673 2598 754 2662 satis
794 2618 957 2682 superque
1004 2596 1241 2682 respondimus,
1283 2597 1438 2677 dicentes,

385 2699 578 2765 “indecens
601 2720 670 2764 esse
693 2706 728 2764 et
749 2699 938 2785 indecorum
963 2704 998 2762 ct
1021 2697 1181 2762 hactenus
1206 2697 1439 2766 Oantuariensi

384 2811 401 2837 “
424 2802 567 2868 ecclesiae
589 2802 690 2866 fuisse
713 2801 892 2878 insolitum,
915 2805 956 2864 ut
978 2799 1130 2865 monachi
1154 2801 1259 2865 nostri
1290 2800 1327 2865 in
1349 2801 1438 2866 sellis

384 2912 399 2940 “
422 2905 531 2970 aureis
553 2910 588 2969 ct
609 2903 721 2989 cappis
744 2903 918 2969 manicatis
933 2902 976 2966 ad
999 2901 1085 2988 regis
1107 2901 1317 2987 praesentiam
1340 2903 1437 2969 duce·

383 3015 400 3042 “
424 3012 546 3073 rentur.
592 3007 656 3071 His
679 3006 719 3071 de
753 3006 860 3072 causis
891 3004 1113 3070 substiterunt
1146 3004 1297 3071 monachi
1327 3007 1437 3072 vocati

383 3114 401 3142 “
424 3128 527 3192 usque
559 3106 595 3170 in
629 3126 782 3191 praesens,
806 3126 873 3170 non
905 3104 1058 3190 equidem
1090 3104 1133 3168 ob
1160 3104 1247 3191 regis
1269 3109 1437 3191 contemp-

382 3218 400 3243 “
422 3214 505 3285 tum,
527 3207 585 3272 sed
607 3228 650 3271 ne
672 3228 731 3293 per
753 3207 843 3272 vicos
875 3213 910 3271 et
941 3206 1068 3293 plateas
1091 3205 1185 3290 vulgi
1207 3206 1348 3292 strepitu
1379 3228 1437 3272 ex-

383 3318 400 3346 “
422 3309 737 3376 communicatorum
752 3313 949 3373 notarentur
971 3307 1087 3394 elogio,
1101 3327 1162 3372 nee
1184 3305 1270 3373 hanc
1293 3307 1436 3374 ecclesiae

383 3409 654 3477 “cantuariensi
686 3409 741 3474 vel
772 3409 906 3476 domino
937 3409 1006 3496 regi
1038 3409 1222 3495 irrogarent
1255 3408 1435 3474 infamiam.

384 3522 400 3547 ‘¹
422 3511 557 3578 Praefati
580 3512 703 3577 etenim
725 3511 846 3589 nuntii,
869 3510 948 3576 licet
970 3509 1097 3575 nobiles
1119 3515 1229 3575 essent
1251 3514 1287 3575 et
1308 3510 1436 3587 famosi,

383 3614 550 3700 “regium
581 3618 692 3680 tamen
727 3616 924 3678 caracterem
958 3632 1026 3697 prae
1051 3610 1205 3676 manibus
1227 3611 1316 3676 non²
1337 3611 1436 3677 habe-

384 3723 401 3752 “
424 3717 513 3782 bant
560 3715 610 3782 De
633 3715 845 3802 suspensione
869 3719 991 3791 autern,
1014 3712 1103 3799 quod
1137 3712 1285 3799 praefatis
1308 3714 1437 3780 nuntiis

382 3826 401 3853 “
423 3818 577 3895 diximus,
607 3816 670 3882 hoc
707 3817 827 3882 iterum
865 3821 900 3882 ct
937 3815 1030 3880 vobis
1069 3814 1217 3891 dicimus,
1251 3815 1340 3900 quod
1376 3837 1437 3881 nos

237 3948 251 3980 ο
381 3929 398 3956 “
421 3919 589 3987 ecelesiam
612 3939 680 3983 non
710 3917 948 4004 suspendimus,
971 3916 1029 3981 sed
1061 3937 1100 3981 ea
1135 3936 1210 4000 quaa
1244 3936 1302 4002 per
1332 3915 1437 3982 domi·

286 4049 301 4081 0
381 4030 398 4057 ‘¹
422 4041 503 4086 num
525 4018 804 4104 archiepiscopum
827 4017 923 4082 nobis
938 4023 1019 4082 sunt
1041 4016 1136 4082 illata
1157 4017 1359 4103 gravamina
1405 4017 1437 4082 A

267 4100 283 4131 ῃ
319 4119 325 4131 ’
381 4131 398 4157 “
420 4121 527 4209 primo
550 4119 673 4186 etenim
696 4120 846 4206 ingressu
869 4140 930 4185 suo
952 4118 995 4184 ad
1025 4139 1086 4183 nos
1108 4138 1212 4202 usque
1235 4117 1272 4182 in
1294 4140 1437 4204 proeeens

380 4233 396 4260 “
420 4223 479 4288 vix
535 4243 656 4309 paucos
695 4221 765 4287 dies
802 4219 898 4285 nobis
943 4219 1095 4306 permisit
1140 4218 1260 4286 habere
1299 4221 1437 4306 quietos.

379 4333 396 4360 “
420 4324 531 4389 Primo
552 4343 695 4408 namque
725 4342 900 4408 congressu
930 4320 1085 4386 villarum
1108 4325 1295 4386 nostrorum
1318 4324 1438 4389 exenia

379 4424 514 4491 “nobis
537 4422 713 4510 subripuit,
736 4422 1028 4488 deindeecclcsias
1050 4426 1180 4486 nostras
1210 4422 1324 4487 usibus
1354 4444 1436 4510 pau·

379 4535 396 4562 “
419 4548 536 4613 perum
558 4525 734 4611 deputatas
756 4524 939 4610 occupavit,
962 4543 1054 4610 quas,
1076 4523 1178 4589 etiam
1208 4523 1305 4590 nobis
1334 4525 1436 4592 recla-

379 4626 588 4694 “mantibus
619 4631 654 4692 et
690 4625 801 4692 sedem
834 4623 1048 4711 apostolicum
1082 4623 1337 4710 appellantibus,
1367 4626 1437 4692 suis

1031 4749 1104 4755 ...-
1120 4749 1203 4756 -....-.-
1220 4749 1432 4760 ῡ--η

413 4803 517 4872 ¹sirim]
531 4805 594 4868 dus,
608 4805 638 4853 c.
904 4800 910 4867 Ι
957 4798 1039 4865 ⁸¹·ch
1054 4815 1105 4849 cm.
1118 4798 1149 4852 O.
