3572 5744
374 870 416 934 90
580 885 742 935 ornvnsn
764 885 925 935 norsum
948 885 1224 937 caraussmnsrs

202 1077 352 1171 {ffffiffl
372 1066 452 1130 novi
474 1067 563 1151 quod
597 1068 745 1132 otiositas
777 1067 912 1134 inimica
943 1072 994 1133 est
1027 1068 1154 1147 animae,
1179 1067 1285 1135 otium
1317 1089 1427 1134 meum

202 1178 308 1230 blasina·
371 1167 433 1233 hoc
455 1169 588 1255 negotio
604 1171 717 1235 curavi
740 1191 905 1257 occupare.
952 1170 1006 1236 Sit
1026 1192 1103 1257 ergo
1119 1169 1265 1257 Spiritus
1281 1170 1425 1236 Sanetus

370 1276 559 1354 prosecutor
581 1271 688 1357 operis
711 1272 768 1356 qui
794 1272 939 1358 praebuit
961 1271 1097 1337 initium
1119 1272 1215 1339 bonae
1232 1273 1424 1350 voluntatis,

373 1372 490 1437 Amen.

414 1473 505 1540 Scias
526 1476 639 1562 igitur,
655 1476 685 1541 Ο
701 1476 803 1543 lector
825 1476 909 1542 bone
925 1476 1074 1562 quisquis
1097 1498 1139 1554 es,
1157 1476 1253 1562 quod,
1270 1476 1350 1562 quia
1365 1497 1419 1541 me

369 1576 477 1662 ipsum
501 1582 536 1642 et
550 1579 661 1643 omnia
683 1600 757 1663 quac
780 1599 854 1643 mea
875 1583 956 1642 sunt
977 1578 1094 1664 gratiae
1116 1577 1180 1642 Dei
1196 1577 1424 1644 commendare

368 1680 473 1764 cupi0,
497 1701 600 1745 annos
632 1681 768 1746 Domini
802 1701 884 1766 quos
915 1680 1117 1747 subscribere
1151 1681 1266 1766 gestio,
1290 1684 1424 1766 propter

370 1782 507 1847 nimiam
529 1783 732 1849 cronicarum
755 1783 935 1849 falsitatem
958 1789 993 1849 et
1015 1783 1230 1849 scribentium
1252 1782 1423 1848 dissonan-

371 1884 461 1962 tiam,
484 1886 601 1971 gratiae
624 1885 687 1950 Dei
722 1908 796 1971 quae
827 1908 887 1972 per
919 1885 1034 1951 Jesum
1058 1884 1229 1952 Christum
1262 1884 1351 1951 facta
1373 1890 1424 1949 est

219 2010 276 2057 ,θοι
296 1999 351 2093 o'ns
372 1986 505 2050 ascribo.
544 1988 659 2052 Annos
681 1988 770 2052 enim
786 2009 868 2073 quos
883 1988 1018 2072 quidam
1041 1988 1157 2055 dieunt
1172 1986 1423 2062 Incarnationis,

350 2087 430 2152 alii
452 2088 660 2167 Natiuitatis,
683 2089 741 2154 alii
764 2091 873 2155 aetatis
896 2090 1041 2169 Domini,
1064 2090 1122 2155 alii
1144 2111 1223 2155 vero
1247 2088 1425 2164 Passionis,

200 2260 231 2290 an
272 2161 305 2293 53⁰⁹
371 2189 431 2254 hos
454 2212 514 2277 ego
536 2192 573 2255 in
595 2192 870 2276 subsequentibus
892 2213 995 2257 annos
1019 2190 1144 2257 Gratiae
1167 2192 1283 2257 dicam.
1339 2189 1422 2256 Volo

296 2312 310 2342 0
372 2292 461 2356 enim
484 2300 645 2378 quantum
668 2294 763 2359 valeo
785 2316 919 2360 naevum
949 2295 1110 2361 mendacii
1141 2294 1263 2381 fugere,
1285 2315 1328 2359 ne
1350 2293 1425 2379 quis

371 2415 489 2460 canum
519 2417 666 2461 meorum
697 2396 819 2482 scripta
849 2417 922 2461 mea
951 2397 1006 2461 vel
1028 2397 1065 2460 in
1087 2396 1205 2462 sillaba
1226 2418 1294 2464 una
1316 2395 1421 2483 possit

371 2518 507 2583 arguere
529 2498 693 2565 falsitatis.
749 2498 847 2564 Dicat
869 2519 946 2585 ergo
969 2498 1147 2577 Dionisius,
1172 2499 1285 2566 dicant
1307 2505 1342 2565 et
1365 2499 1423 2566 alii

370 2601 575 2686 compotistae
597 2602 651 2667 vel
674 2602 794 2668 cronici
825 2622 929 2667 annos
954 2600 1138 2668 Dominicae
1171 2601 1423 2680 Incarnationis,

369 2704 578 2783 Nativitatis,
601 2707 732 2783 AEtatis,
760 2705 932 2782 Passionis,
948 2704 1159 2771 Ascensionis
1181 2707 1283 2771 etiam
1300 2707 1328 2771 si
1350 2706 1423 2793 pla-

367 2808 488 2872 cuerit:
511 2830 572 2894 ego
598 2814 710 2874 autem
733 2808 862 2873 eosdem
877 2829 981 2872 annos
1005 2806 1129 2872 Gratiae
1155 2827 1318 2894 nuncupo,
1342 2809 1421 2894 quia

367 2909 403 2973 in
418 2910 570 2974 omnibus
586 2908 711 2975 Christi
734 2910 886 2995 operibus
909 2902 1051 2996 gratiam
1075 2916 1109 2975 et
1132 2911 1308 2976 veritatem
1324 2911 1418 2977 inve-

367 3011 430 3076 nio.
465 3011 626 3079 Attamen
651 3012 731 3096 quia
744 3012 853 3098 gratia
867 3011 1003 3077 Domini
1019 3010 1201 3078 Salvatoris
1216 3013 1328 3089 nostri,
1346 3015 1420 3097 qtae

367 3112 410 3177 ab
432 3113 663 3179 Incarnatione
686 3114 722 3177 in
744 3119 839 3185 utero
862 3115 1001 3201 virginis
1031 3115 1141 3193 latuit,
1164 3115 1201 3179 in
1224 3114 1414 3180 Nativitate
1533 3116 1539 3123 ’

366 3215 538 3280 manifeste
572 3216 734 3300 apparuit,
758 3216 795 3279 in
816 3217 889 3301 ipsa
922 3238 1014 3282 sacra
1036 3217 1233 3284 solennitate
1256 3239 1322 3302 qua
1345 3217 1418 3283 Deo
1437 3236 1461 3298 s.
1470 3236 1536 3281 uuio
1546 3237 1564 3280 1.

365 3316 477 3402 gloria,
500 3317 689 3382 hominibus
711 3317 807 3384 bonae
829 3319 1013 3385 voluntatis
1035 3341 1110 3406 pan,
1126 3320 1170 3412 ab
1192 3320 1319 3406 angelis
1334 3340 1423 3384 nun-⁴
1437 3292 1502 3331 Μ

367 3420 452 3485 tiata
473 3425 532 3497 est,
554 3421 634 3485 anni
650 3421 818 3507 ⁴praeteriti
840 3421 941 3488 finem
973 3422 1065 3501 facio,
1088 3424 1131 3490 ab
1153 3424 1226 3511 ipsa
1248 3445 1331 3503 vero·
1358 3423 1421 3490 fes·

367 3522 500 3588 tivitate
523 3523 751 3608 subsequentis
773 3524 854 3590 anni
877 3524 1075 3612 principium
1098 3548 1200 3592 sumo.
1249 3526 1304 3592 Sic
1327 3526 1415 3592 enim

196 3650 256 3730 noga
269 3651 335 3732 {⁰2¹2
367 3626 446 3691 anni
469 3626 583 3692 solaris
605 3648 745 3705 cursum,
769 3628 918 3693 ordinem
940 3649 1070 3715 quoque
1099 3629 1316 3694 terminorum
1339 3630 1417 3696 seri·

196 3739 282 3831 {pibo
367 3749 483 3813 emque
506 3751 616 3794 rerum
647 3735 682 3794 et
712 3735 906 3816 temporum,
930 3737 965 3798 et
986 3730 1131 3797 maxime
1165 3731 1284 3798 ciclum
1308 3733 1423 3800 decen-

366 3831 527 3909 novalem,
542 3831 659 3896 valebo
682 3832 963 3918 comprehendere,
979 3856 1077 3919 quem
1100 3857 1168 3920 prae
1189 3836 1317 3902 caeteris
1332 3836 1422 3903 ciclis

365 3932 443 3998 huic
465 3935 597 4020 negotio
619 3935 837 4001 necessarium
860 3958 929 4001 esse
945 3937 1106 4002 existimo.
1146 3937 1220 4006 Hac
1235 3945 1276 4004 ut
1290 3940 1419 4006 aestimo

364 4035 491 4100 ratione
506 4037 635 4103 inducti
658 4044 736 4103 sunt
751 4060 863 4105 omnes
886 4039 952 4104 fere
976 4038 1127 4124 quiante
1150 4063 1203 4106 me
1225 4041 1420 4129 hujusmodi

365 4138 508 4205 cronicas
530 4140 738 4225 scripserunt,
762 4146 802 4204 ut
824 4161 844 4205 a
867 4140 984 4205 Natali
1013 4141 1149 4207 Domini
1180 4144 1411 4229 subsequentis

365 4240 445 4303 anni
466 4247 634 4307 sumerent
655 4242 798 4306 initium.
839 4241 1070 4329 cogitaveram
1093 4244 1227 4329 quidem
1244 4246 1317 4331 jam
1333 4247 1413 4313 olim

271 4354 292 4401 n·
365 4341 408 4406 ab
429 4342 695 4411 Annuntlatione
728 4343 903 4412 Dominica
925 4367 1029 4411 annos
1061 4369 1150 4413 meos
1182 4348 1334 4435 incipere,
1359 4351 1418 4415 sed

364 4462 573 4531 nequaquam
609 4448 703 4532 potui
749 4447 872 4532 absque
906 4447 980 4514 fuco
1018 4448 1174 4515 falsitatis
1211 4452 1416 4538 propositum

365 4566 474 4610 meum
506 4549 550 4613 ad
583 4548 735 4614 effectum
769 4550 953 4636 perducere.
1011 4549 1085 4617 Hac
1116 4573 1194 4639 ergo
1235 4553 1422 4621 intentione
1544 4624 1548 4637 ,

364 4649 554 4733 postposita,
585 4651 836 4737 praedecessores
866 4672 954 4717 meos
977 4652 1071 4738 sequi
1102 4654 1208 4740 cupio,
1242 4662 1277 4721 et
1310 4677 1414 4723 annos

363 4748 605 4836 subscriptosa
639 4752 754 4820 Natali
785 4752 921 4820 Domini
955 4753 1085 4841 incipio.
1131 4754 1186 4819 Ab
1217 4755 1280 4824 hac
1303 4763 1418 4825 tamen
