3544 5724
404 906 449 969 22
603 919 765 969 ιιιιιιιιειι
788 914 948 969 nossem
972 915 1245 968 cnnrufflnnsrs

254 1127 370 1171 rreum
371 1111 585 1196 -completus
610 1117 668 1188 ast,
695 1116 730 1176 et
759 1118 872 1177 sextus
896 1109 1038 1227 sumpsit
1061 1108 1204 1173 initium.
1243 1106 1324 1171 Vere
1346 1110 1458 1170 autern

268 1190 308 1229 nur
268 1178 363 1239 innnd

257 1230 345 1322 rpppn
342 1240 373 1322 ¹¹}
406 1213 563 1298 ejusdem,
588 1214 624 1278 id
649 1220 707 1290 est,
731 1214 820 1278 sexti
843 1213 922 1277 anni
945 1216 1021 1298 post
1045 1210 1233 1276 incendium
1255 1209 1401 1273 intrante
1424 1214 1459 1272 et

242 1331 344 1425 chier
328 1331 394 1433 b11
407 1321 554 1401 tempore
577 1315 735 1401 operandi
758 1316 912 1391 instante,
928 1314 1089 1380 desiderio
1112 1312 1218 1378 cordis
1240 1333 1367 1377 accensi
1358 1309 1458 1375 cho·

295 1452 344 1462 -—
406 1439 480 1481 rum
510 1440 693 1503 praeparare
717 1422 916 1484 curaverunt
945 1415 1106 1493 monachi,
1133 1421 1173 1480 ut
1199 1415 1242 1480 ad
1272 1414 1458 1500 proximum

237 1499 331 1610 fflon
329 1502 377 1609 Ῑξθ
407 1518 532 1585 Pascha
565 1520 701 1585 introire
735 1524 876 1605 possent.
923 1518 1047 1583 Videns
1069 1524 1180 1583 autem
1204 1517 1361 1603 magister
1390 1538 1458 1580 mo-

236 1618 374 1770 ξξξῗὴξᾱὲ
406 1620 586 1705 nachorum
601 1622 799 1686 desiderium
823 1621 965 1685 viriliter
987 1620 1120 1697 institit,
1135 1626 1175 1685 ut
1202 1618 1368 1684 voluntati
1383 1639 1457 1683 oon-

237 1719 344 1822 ww
334 1732 378 1813 ¹¹³„
357 1719 527 1789 ¹1ventus
553 1724 762 1790 satisfaceret.
809 1723 943 1788 Murum
967 1722 1070 1809 igitur
1097 1722 1155 1807 qui
1181 1720 1315 1787 chorum
1342 1720 1459 1785 circuit

236 1823 282 1866 ΕΕ
283 1824 325 1866 Ε
406 1832 440 1890 et
470 1826 699 1911 presbiterium
737 1848 811 1891 cunr
849 1847 979 1891 summa
1015 1823 1226 1899 festinatione
1264 1821 1457 1888 construxit

405 1926 535 1993 Altaria
564 1947 693 2012 quoque
724 1927 788 1992 tria
814 1926 1000 2014 presbiterii
1027 1926 1141 1990 erexit.
1187 1925 1309 1991 Locum
1332 1923 1458 2010 requie-

405 2028 527 2093 tionis¹
551 2030 665 2095 Sancti
680 2028 848 2094 Dunstani
873 2036 907 2094 ct
932 2028 1046 2094 Sancti
1069 2027 1191 2114 AElfegi
1214 2026 1352 2093 sollicite
1375 2048 1458 2114 pua-

405 2131 544 2217 paravit.
592 2131 703 2195 Paries
733 2152 862 2217 quoque
892 2131 1021 2216 ligneus
1052 2130 1095 2196 ad
1124 2129 1338 2195 secludendas
1376 2136 1458 2193 tern-

405 2237 549 2317 pastates
565 2255 608 2297 ex
622 2238 716 2318 parte
739 2233 873 2297 orientis
897 2255 955 2318 per
977 2238 1202 2297 transversum
1224 2231 1312 2296 inter
1327 2224 1459 2317 pilarios

406 2334 606 2420 penultimos
631 2336 757 2420 pesitus
781 2342 838 2411 est,
859 2341 925 2399 tres
948 2334 1071 2399 vitreas
1095 2334 1266 2400 continens
1290 2333 1458 2398 fenestras.

406 2435 551 2502 Chorum
568 2437 689 2523 itaque,
705 2459 779 2502 eum
802 2459 930 2502 summo
945 2436 1054 2502 labore
1077 2442 1112 2500 et
1126 2435 1340 2501 festinatione
1355 2434 1460 2501 nimia

406 2546 573 2623 utcunque
597 2540 657 2603 vix
683 2545 794 2603 tamen
821 2546 1052 2624 praeparatum,
1075 2538 1191 2624 vigilia
1221 2537 1353 2604 Paschae
1383 2559 1458 2603 curn

405 2662 492 2707 novo
508 2642 583 2727 igne
599 2642 721 2706 intrare
737 2642 923 2707 voluerunt.
970 2641 1034 2707 Sed
1058 2641 1137 2727 quia
1159 2641 1278 2705 omnia
1291 2662 1365 2726 quae
1388 2640 1458 2705 fieri

406 2744 579 2829 oportebat
601 2742 658 2809 illo
678 2743 731 2809 die
755 2742 909 2821 sabbati?
923 2749 1058 2831 propter
1076 2743 1308 2809 solennitatem
1329 2740 1460 2808 suncti3

406 2846 472 2910 diei
496 2847 538 2911 acl
564 2845 698 2932 plenum
723 2851 763 2910 ut
787 2846 922 2913 decebat
948 2846 1019 2911 fieri
1044 2868 1110 2911 non
1137 2845 1302 2922 valebant,
1329 2867 1459 2912 neccsse

405 2948 471 3012 fuit
494 2953 532 3012 ut
554 2949 661 3021 saneti
676 2955 786 3034 patres
809 2954 844 3013 et
859 2948 989 3033 patroni
1013 2949 1126 3025 nostri,
1144 2948 1286 3013 Sanctus
1303 2947 1459 3014 videlicet

333 3049 601 3146 fflDunstanus
626 3057 660 3115 et
691 3050 832 3115 Sanetus
859 3050 1015 3136 AElfegus
1040 3051 1190 3117 coenulas
1215 3049 1458 3125 monachorum,

321 3116 483 3257 ganta
500 3151 586 3216 diem
602 3151 697 3216 illum
713 3152 749 3216 in
765 3174 888 3217 novum
905 3153 1162 3218 transferrentur
1177 3152 1319 3218 chorum.
1366 3152 1459 3216 Prior

300 3167 510 3350 1ΙὶΙέξίςιὶιιιι
525 3253 660 3330 Alanus,
677 3254 845 3320 morietis
865 3276 974 3320 secum
998 3275 1116 3319 novem
1132 3255 1290 3320 fratribus
1313 3252 1458 3339 ejusdem

407 3354 558 3433 ecclesiae,
575 3377 714 3441 quorum
737 3355 814 3421 fidei
838 3356 1036 3423 credendum
1059 3363 1138 3433 erat,
1153 3379 1194 3421 ne
1218 3356 1382 3428 tumultus
1404 3355 1458 3421 vel

407 3458 540 3543 aliquod
558 3458 654 3523 fieret
674 3458 926 3536 incommodum,
942 3461 1074 3525 tumbas
1095 3462 1283 3525 sanctorum
1299 3459 1340 3525 de
1363 3464 1458 3525 noete

406 3559 498 3635 adiit,
522 3566 556 3624 et
580 3560 738 3624 obseratis
765 3560 907 3626 ecclesiae
933 3561 1059 3638 hostiis
1084 3567 1284 3628 structuram
1310 3561 1457 3647 lapidum

406 3683 480 3747 quae
506 3661 591 3727 circa
615 3660 689 3726 illos
714 3668 785 3726 erat
809 3663 938 3741 diruere
962 3664 1124 3749 praecepit.
1172 3664 1325 3731 Monschi
1355 3663 1459 3751 igitur

406 3769 440 3829 et
456 3764 634 3830 servientes
657 3763 808 3842 ecclesiae,
824 3766 995 3852 praeceptis
1010 3765 1127 3851 prioris
1143 3766 1340 3844 obedientes,
1355 3776 1459 3833 struo·

406 3872 515 3932 turam
541 3866 631 3931 illam
657 3866 892 3943 distraxerunt,
915 3875 950 3933 et
978 3890 1093 3933 saxeos
1119 3874 1306 3935 sanctorum
1337 3868 1459 3935 loculos

407 3975 614 4054 aperuerunt,
639 3976 673 4033 et
697 3967 908 4035 sublevantes
932 3976 1118 4036 sanctorum
1145 3970 1300 4058 reliquias
1325 3971 1360 4036 in
1386 3992 1459 4036 ves·

408 4072 542 4136 tiarium
559 4071 714 4137 tulerunt.
762 4072 951 4137 Sublevatis
966 4079 1077 4138 autern
1093 4074 1278 4159 panniculis
1293 4074 1328 4138 in
1340 4074 1459 4160 quibus

408 4173 539 4238 fuerant
554 4173 712 4250 obvoluti,
728 4174 841 4239 nimia·
852 4179 1019 4240 vetustate
1043 4181 1077 4240 et
1099 4176 1274 4261 putredine
1288 4176 1324 4240 in
1340 4198 1460 4263 magna

407 4281 501 4360 parte
523 4275 733 4361 consumptis,
760 4276 835 4339 aliis
860 4276 971 4363 palliis
995 4277 1236 4343 decentioribus
1261 4283 1460 4365 operuerunt

409 4382 443 4445 et
465 4377 561 4441 lineis
577 4377 717 4464 cingulis
740 4378 1008 4445 constrixerunt.⁴
1054 4380 1108 4447 Sic
1131 4381 1259 4447 sancti⁶
1274 4384 1458 4470 praeparati,

408 4477 451 4543 ad
465 4478 584 4543 altaria
598 4500 659 4543 sua
674 4478 784 4556 delati,
794 4480 829 4544 in
845 4480 928 4546 arcis
939 4481 1055 4568 ligneis
1068 4482 1158 4548 intus
1169 4490 1204 4549 et
1219 4492 1315 4551 extra
1325 4486 1460 4574 plumbo

408 4582 567 4667 coopertis
589 4581 724 4667 repositi
747 4589 833 4648 sunt.
879 4584 973 4650 Areae
996 4606 1075 4651 vero
1096 4586 1242 4673 undique
1257 4589 1393 4676 plumbo
1407 4611 1459 4656 co·

441 4777 630 4844 ¹requr'etionr'a]
646 4777 833 4843 requiescionis,
841 4781 907 4834 Rc.
987 4783 1418 4854 novemurnnqwntmxerunt,
1428 4790 1458 4843 0.

440 4855 577 4924 'mttotiJ
586 4856 674 4920 saneti,
680 4857 727 4909 ins.
736 4858 777 4921 Ge
790 4859 908 4913 om.A.B.
987 4863 997 4897 Ε
1010 4864 1105 4932 amoti]
1120 4865 1178 4927 Dei,
1189 4867 1237 4918 ins.
1249 4867 1295 4929 c.;
1311 4884 1362 4921 onn
1374 4871 1405 4922 B.

436 4935 556 5003 ’eamriJ
571 4951 620 4988 om.
634 4937 664 4990 C.
