3646 5720
452 815 517 878 304
652 824 813 878 osavlsn
837 827 996 877 nossem
1020 787 1293 879 clarummane

298 1033 420 1079 annua
450 1037 525 1081 cum
563 1016 842 1102 appropinquaret
879 1014 1070 1094 subsistens,
1104 1038 1186 1102 quos
1218 1039 1330 1083 secum
1360 1017 1505 1084 habebat

281 1095 415 1288 {fficiam
450 1118 554 1283 spplios
576 1122 720 1232 armatos
742 1138 812 1182 esse
828 1117 1000 1282 praeceptit,
1024 1117 1194 1285 dispopgtee
1218 1120 1398 1235 patrissui
1421 1141 1503 1235 pfaess

451 1239 467 1281 s
597 1240 644 1281 rm
686 1240 780 1282 rrum.
852 1240 875 1280 u
970 1239 1027 1281 um

280 1249 439 1390 bliffifm‘
449 1320 493 1385 ab
514 1240 579 1385 dilb
609 1239 685 1404 qulie
690 1341 766 1384 eum
789 1239 998 1384 affectgugoessius
1020 1240 1159 1406 diligeild
1180 1241 1504 1400 vridaebrraenllurduslrlellllj

449 1423 593 1488 cundum
616 1423 740 1488 scilicet
762 1444 831 1487 esse
853 1422 901 1487 sic
923 1443 999 1487 eum
1029 1425 1234 1509 contemptui
1263 1425 1440 1510 subjacere,
1463 1431 1503 1490 ut

448 1523 663 1589 fratres1sui
685 1529 790 1588 terras
813 1523 863 1586 illi
894 1523 1022 1587 debitos
1054 1545 1113 1610 pro
1144 1532 1224 1591 voto
1257 1547 1317 1591 suo
1349 1526 1501 1615 dispone·

448 1631 531 1703 rent,
554 1626 624 1710 ipse
647 1646 726 1690 vero
757 1623 850 1689 nulla
881 1623 1036 1689 libertate
1067 1625 1234 1710 gauderet,
1258 1628 1403 1692 maxime
1425 1649 1500 1693 cum

448 1727 488 1791 de
511 1726 602 1791 facili
633 1733 744 1811 posset
775 1724 929 1790 comitem
953 1725 1130 1791 Ricardum
1165 1727 1318 1792 omnibus
1352 1728 1501 1793 odiosum

448 1829 489 1893 de
523 1828 647 1893 ducatu
677 1848 742 1912 quc
774 1825 859 1892 male
892 1826 928 1889 in
959 1827 1194 1893 contumeliam
1224 1830 1277 1894 sui
1299 1829 1503 1895 abutebatur

448 1929 635 2015 propellere.
683 1928 919 2014 Oonjuratione
949 1928 1053 2014 igitur
1083 1928 1179 2007 facta
1203 1952 1245 1995 ex
1276 1952 1436 1997 consensu
1467 1940 1502 1996 et

279 2049 430 2143 nowen
448 2030 584 2095 oonsilio
617 2030 820 2095 vicecomitis
852 2030 1103 2106 Lemovicensis,
1134 2051 1203 2094 una
1233 2052 1308 2096 cum
1340 2031 1500 2098 Gaufrido

279 2099 399 2202 ιιιῖῗιοειιῗ
407 2101 431 2144 ⁰¹
448 2133 566 2198 comite
600 2132 783 2197 Britanniae
820 2131 922 2197 fratre
959 2153 1019 2197 suo
1057 2141 1092 2197 et
1129 2132 1291 2198 militibus
1325 2135 1501 2211 nonnullis,

447 2235 621 2299 transtulit
636 2256 670 2299 se
693 2235 729 2298 in
751 2234 923 2300 castellum
938 2232 1128 2310 Lemovici,2
1142 2256 1217 2320 rege
1240 2241 1335 2321 patre
1353 2258 1423 2313 suc,
1443 2237 1501 2322 qui

447 2343 528 2403 tunc
549 2338 586 2401 in
608 2338 745 2403 civitate
768 2337 891 2401 delitiis
921 2337 1125 2413 intendebat,
1148 2337 1284 2422 penitus
1316 2339 1499 2424 ignorante.

238 2431 243 2439 ’
277 2460 420 2520 meream
448 2439 577 2506 Cleusis
610 2440 723 2524 itaque
755 2438 882 2503 castelli
911 2439 1025 2524 J'anuis
1056 2444 1091 2504 et
1114 2439 1284 2516 obseratis,
1306 2440 1395 2525 quod
1416 2441 1500 2511 acci-

277 2511 429 2604 iiri‘drmt'hss
447 2542 542 2607 derat
563 2540 781 2605 infortunium
813 2539 899 2625 regis
932 2539 1085 2624 pervenit
1115 2539 1157 2604 ad
1185 2561 1288 2605 aures.
1336 2540 1500 2621 Quicum

446 2643 510 2707 toti
533 2641 649 2728 patriae
672 2640 852 2726 periculum
875 2640 1078 2725 conspiceret
1110 2641 1281 2706 imminere
1305 2663 1372 2707 non
1394 2642 1499 2707 modi-

445 2764 529 2820 cum,
560 2743 650 2830 pacis
684 2740 812 2806 intuitu
845 2741 1016 2807 castellum
1047 2742 1141 2819 adiit,
1173 2743 1230 2808 sed
1260 2763 1327 2808 non
1351 2748 1404 2808 est
1425 2765 1500 2829 per·

445 2846 564 2910 missus
587 2845 718 2909 intrare.
765 2843 831 2923 Qui
855 2843 935 2908 dum
957 2865 1027 2929 prae
1041 2843 1168 2909 foribus
1183 2844 1351 2929 paulisper
1365 2852 1499 2923 astaret,

445 2944 513 3010 telo
533 2945 633 3031 petiit
654 2965 730 3009 eum
752 2944 917 3029 quispiam
940 2945 981 3009 de
1004 2945 1147 3021 castello,
1170 2966 1236 3030 quo
1258 2947 1405 3024 territus,
1420 2945 1500 3012 licet

447 3067 514 3110 non
536 3050 654 3121 tectus,
676 3044 798 3110 infecto
818 3045 952 3109 recessit
972 3045 1112 3131 negotio.
1157 3045 1289 3111 Diffirsa
1311 3046 1415 3132 igitur
1435 3046 1498 3110 hu-

277 3161 381 3255 {iffi
442 3147 626 3233 juscemodi
656 3146 753 3222 sama,
784 3147 962 3214 convolant
996 3169 1108 3212 omnes
1146 3149 1202 3233 qui
1233 3148 1392 3213 laetantur
1422 3169 1498 3213 curn

381 3242 387 3254 ’
446 3249 532 3313 male
561 3247 701 3314 fecerint
732 3253 767 3312 et
800 3247 955 3313 exultant
987 3248 1024 3311 in
1057 3248 1154 3313 rebus
1186 3248 1344 3334 pessimis,
1375 3248 1499 3313 milites

439 3350 570 3416 'scilicet
591 3349 808 3435 stipendiarii,
823 3354 863 3413 ut
880 3349 988 3414 aliena
1010 3350 1174 3435 rapientes
1197 3370 1273 3413 suas
1297 3349 1498 3436 indigentias

444 3452 636 3517 relevarent
683 3450 863 3515 Affuerunt
884 3450 985 3515 etiam
1010 3458 1044 3514 et
1066 3450 1179 3535 magni
1208 3450 1352 3515 nominis
1374 3451 1498 3515 milites

444 3553 503 3617 et³
525 3552 647 3639 gloriae,
670 3552 805 3618 comites
830 3548 889 3616 et³
910 3551 1058 3628 barones
1074 3555 1108 3615 et
1128 3550 1164 3614 hi
1188 3551 1333 3615 maxime
1356 3552 1414 3636 qui
1436 3552 1498 3616 mi-

443 3653 526 3718 litiae
557 3654 680 3719 famam
714 3653 907 3736 quaerebant
940 3656 976 3716 et
1005 3630 1163 3738 gloriam
1184 3651 1242 3716 alii
1274 3652 1430 3737 quidem⁴
1459 3658 1500 3717 ut

444 3776 554 3840 regem
577 3759 706 3839 patrem
737 3752 940 3828 infestarent,
971 3751 1030 3817 alii
1062 3757 1101 3816 ut
1134 3752 1288 3817 comitem
1318 3752 1498 3817 Ricardum

444 3855 691 3931 confunderent,
714 3854 862 3918 universi
892 3874 971 3918 vero
994 3858 1034 3917 ut
1067 3853 1136 3939 regi
1167 3853 1293 3938 juniori
1311 3854 1496 3933 ¹victoriam

276 3961 658 4068 cpmterorreportarent.
704 3954 868 4019 Amabilis
903 3955 992 4020 enim
1026 3958 1098 4019 erat
1128 3954 1281 4019 omnibus
1304 3960 1339 4019 et
1360 3954 1498 4040 pulcher

275 4029 402 4129 irrig'ssm
444 4064 587 4144 aspectu,
610 4062 645 4122 et
666 4056 830 4143 praecipue
851 4054 965 4141 gloriae
999 4054 1153 4119 militaris
1182 4055 1331 4141 insignis,
1353 4056 1436 4121 adeo
1459 4062 1499 4121 ut

443 4159 528 4224 nulli
551 4158 721 4223 videretur
743 4178 812 4222 esse
843 4156 1025 4235 secundus3
1046 4154 1192 4232 humilis,
1222 4156 1337 4220 docilis
1369 4162 1442 4222 erat
1463 4162 1498 4222 et

444 4258 595 4333 affabilis,
618 4258 706 4322 unde
740 4278 816 4321 eum
851 4261 886 4320 et
918 4276 1019 4341 prope
1053 4255 1152 4341 positi
1185 4261 1220 4322 et
1250 4254 1347 4343 longe
1378 4258 1498 4322 remoti

276 4387 408 4481 pappare
445 4359 620 4425 affectuose
643 4357 833 4443 diligebant.
880 4352 997 4420 (lomes
1019 4378 1037 4420 e
1060 4357 1224 4421 contrario
1239 4356 1401 4423 Ricardus
1416 4357 1498 4423 adeo

275 4438 384 4532 blaa
445 4458 599 4525 omnibus
621 4462 693 4522 erat
715 4456 855 4533 odiosus,
878 4460 918 4520 ut
939 4477 1014 4521 eum
1037 4454 1078 4520 de
1101 4460 1190 4521 terra
1212 4457 1313 4521 etiam
1343 4479 1404 4523 sua
1428 4480 1497 4525 era·

479 4657 603 4723 vaae]
618 4655 754 4716 escrae.
1026 4653 1086 4720 8ιι]
1102 4655 1195 4707 ono.
1241 4628 1244 4635 ’

478 4733 640 4799 ²Learorier']
654 4731 849 4793 Iaemorioensis,
860 4731 891 4784 C.
1027 4732 1037 4765 ⁴
1047 4732 1156 4800 quidem]
1172 4733 1283 4798 quidam,
1297 4736 1328 4788 C.
