3666 5724
723 945 838 995 censs
861 945 1052 995 nrsnosrca
1349 932 1413 999 387

402 1134 588 1191 “Urbanus1
614 1135 778 1208 episcopus,
804 1152 906 1191 servus
931 1151 1081 1189 servorum
1105 1132 1170 1198 Dei,
1197 1132 1307 1188 illustri
1330 1131 1414 1203 regi²
1443 1144 1499 1188 sl).
1507 1147 1565 1190 11⁸7.

361 1219 381 1244 “
400 1218 576 1289 Anglomm,
590 1218 714 1274 eeretem
732 1223 763 1273 et
779 1217 969 1289 epeeeeneem
979 1215 1217 1272 benedictionem.
1255 1216 1339 1271 treet
1350 1215 1413 1271 eei-
1425 1195 1558 1307 hm

361 1303 380 1328 “
399 1319 499 1361 versos
518 1302 665 1374 principes
683 1308 714 1357 ct
731 1302 858 1357 minores
876 1300 1002 1356 libenter
1018 1299 1145 1355 velimus
1163 1299 1201 1355 ad
1213 1301 1332 1355 semitas
1350 1317 1413 1355 rec·
1425 1313 1505 1357 lirun
1514 1313 1561 1358 111.

361 1388 381 1413 “
400 1385 535 1440 titudinis
553 1403 721 1458 provocare,
736 1392 766 1441 et
777 1403 830 1457 pro
848 1385 940 1440 nostri
952 1384 1042 1438 officii
1054 1382 1154 1439 debito
1165 1382 1203 1438 ad
1221 1384 1300 1438 viam
1312 1383 1413 1438 salutis
1425 1364 1450 1408 ω
1458 1363 1539 1419 ΗΜ
1550 1365 1581 1410 ¹¹·

360 1471 379 1496 ‘⁶
399 1468 545 1535 iuducere,
560 1469 590 1525 id
608 1476 705 1525 tamen
724 1469 820 1525 ciroa⁸
839 1468 1041 1524 excellentiam
1052 1473 1134 1523 tuam
1146 1473 1228 1524 tanto
1240 1467 1412 1540 propensius

358 1554 376 1581 ‘¹
396 1554 499 1625 exequi
508 1554 643 1609 volumus
661 1559 692 1609 et
708 1553 857 1617 debemus,
871 1557 984 1625 quanto¹
999 1568 1153 1624 personam
1166 1557 1197 1606 et
1207 1568 1334 1622 reguum
1355 1556 1413 1606 tuas

359 1637 379 1663 ‘⁴
398 1636 581 1693 sullimitatis
600 1637 703 1709 majori
721 1636 925 1708 amplectimur
944 1636 1076 1699 caritate,
1097 1639 1129 1689 et
1148 1634 1209 1690 tuis
1229 1633 1412 1705 profectibus

358 1722 376 1746 ‘⁴
397 1725 458 1775 tam
477 1720 678 1793 spiritualibus
697 1737 785 1792 quam
797 1719 1005 1792 temporalibus
1017 1717 1234 1774 habundantius
1247 1716 1411 1788 congaude·

360 1805 379 1829 ‘⁴
400 1820 474 1858 mus.
512 1803 632 1874 Regalis
657 1802 803 1875 siquidem
828 1802 949 1859 solertia
975 1800 1036 1858 hon
1066 1802 1193 1873 ignorat,
1219 1799 1305 1872 quod,
1333 1800 1412 1855 inter

359 1888 379 1913 ‘¹
398 1892 505 1942 cratera
528 1886 634 1959 quibus
658 1894 740 1969 potes
765 1888 892 1958 gratiam
916 1887 1086 1960 promereri,
1111 1884 1294 1941 conservatio
1318 1888 1411 1940 status

359 1972 378 1999 ‘¹
398 1971 589 2028 ecclesiarum
606 1973 694 2044 regni
712 1973 767 2037 tui,
786 1975 835 2028 et⁴
854 1971 972 2027 illarum
999 1972 1146 2043 principue
1169 1988 1234 2040 quae
1257 1968 1411 2039 religionis

360 2061 380 2085 “
399 2066 430 2115 et
454 2060 565 2115 ordinis
591 2061 680 2117 titulo
706 2060 889 2123 decorantur,
918 2076 976 2114 non
1006 2058 1151 2114 modicam
1181 2057 1236 2115 tibi
1260 2057 1411 2127 adaugent

283 2154 287 2160 ’
358 2145 378 2170 “
397 2143 523 2213 gloriam
541 2150 572 2200 et
588 2144 722 2201 salutem.
760 2143 835 2200 Cum
847 2143 940 2214 igitur
957 2141 1176 2198 cantuariensis
1194 2141 1318 2197 ecclesia
1335 2141 1409 2196 anti·
1422 2149 1471 2195 'the
1543 2163 1554 2193 ι

359 2229 379 2252 “
399 2244 465 2299 quae
483 2228 639 2299 privilegio
664 2228 821 2299 dignitatis
840 2235 870 2282 ot
897 2226 1011 2281 meritis
1030 2225 1099 2280 novi
1129 2226 1268 2296 martyris
1287 2223 1410 2295 gloriosi
1421 2202 1564 2296 ἒξξζοῗαθ

361 2311 379 2336 ‘⁸
398 2327 456 2364 non
476 2310 571 2364 solum
589 2311 621 2365 in
645 2328 736 2382 regno
762 2316 820 2365 tura
847 2309 1042 2374 celsitudinis,
1070 2309 1122 2362 sed
1149 2308 1208 2363 sere
1236 2325 1290 2380 per
1316 2313 1411 2362 totum
1423 2302 1575 2356 &Murr-

360 2394 379 2420 “
399 2392 509 2458 orbem,
529 2394 652 2449 celebris
678 2394 828 2460 habeatur,
856 2399 996 2465 quantum
1025 2392 1160 2464 expediat
1177 2393 1269 2462 regite
1286 2391 1410 2446 bonitati

360 2479 380 2503 “
400 2493 465 2531 eam
484 2494 599 2548 semper
617 2477 792 2533 immutabili
806 2477 914 2549 pietate
926 2477 1082 2548 respicere,
1096 2481 1287 2531 manutenere
1300 2476 1411 2547 pariter

361 2562 380 2585 “
399 2566 430 2615 et
446 2578 565 2631 augere,
584 2568 643 2616 tum
660 2560 847 2617 discretionis
864 2559 1022 2633 prudentia
1039 2577 1099 2614 non
1118 2560 1245 2630 ignorat.
1282 2559 1411 2613 Multum

361 2644 381 2668 ‘⁴
401 2643 490 2698 etiam
517 2643 635 2716 expedit
657 2660 749 2715 reguo
775 2650 835 2708 tuo,
861 2650 895 2699 ut
920 2642 1033 2698 dictum
1058 2641 1224 2714 gloriosum
1251 2647 1412 2713 martyrem

360 2729 378 2754 ‘⁸
398 2728 568 2782 continuum
577 2728 799 2783 intercessorem
808 2727 915 2782 habeas
926 2725 1003 2799 apud
1010 2727 1115 2791 Deum,
1126 2725 1203 2797 quod
1210 2724 1413 2797 proculdubio,

362 2811 382 2836 ‘¹
402 2809 428 2864 si
453 2810 644 2882 quantumin
669 2816 698 2867 te
717 2810 806 2866 fuerit
823 2810 917 2882 ipsius
942 2809 1112 2881 permiseris
1138 2809 1309 2864 reverentias
1329 2808 1412 2863 dero·

362 2894 381 2919 ¹⁴
402 2894 477 2963 gari,
496 2910 681 2965 nequaqnam
699 2894 731 2948 in
743 2893 823 2948 caelis
841 2892 974 2964 optinere
993 2892 1112 2963 poteris.
1151 2890 1189 2946 Et
1202 2890 1323 2962 quidem
1341 2896 1413 2963 quot
1425 2915 1463 2960 110
1471 2917 1582 2970 mmm

362 2978 382 3002 “
401 2977 573 3047 gravamina
590 2983 620 3032 et
638 2977 838 3048 oppressiones
857 2976 893 3030 ab
911 2974 1130 3047 archiepiscopo
1147 2992 1200 3030 suo
1218 2975 1271 3029 illa
1288 2975 1413 3030 ecclesia
1424 2966 1577 3061 ”fflhgffi

361 3061 380 3088 ‘¹
400 3060 563 3132 pertulerit,
583 3060 660 3115 sicut
676 3066 728 3114 tua
748 3059 905 3114 sullimitas
923 3058 1036 3113 nescire
1054 3075 1111 3114 non
1136 3058 1240 3130 potuit,
1260 3058 1302 3114 ita
1327 3058 1410 3113 dissi·
1425 3027 1485 3110 ‘alfe
1494 3028 1564 3110 lin⁹

363 3144 381 3171 “
400 3142 513 3197 mulare
537 3160 595 3197 non
620 3142 731 3206 debuit,
758 3141 810 3197 sed
835 3148 896 3198 tota
913 3142 1075 3197 intentione
1095 3141 1213 3197 studere
1232 3136 1269 3197 ad
1286 3140 1411 3196 eundem
1424 3118 1555 3212 m
1577 3200 1582 3205 ,

362 3226 381 3254 “
401 3226 652 3297 archiepiscopum
679 3225 715 3280 ab
733 3224 932 3297 oppressionis
960 3225 1084 3297 inceptat
1102 3226 1250 3299 proposito
1275 3243 1411 3282 reuocau-

363 3310 383 3336 “
401 3307 500 3363 dum·
525 3307 647 3373 Verum,
675 3308 744 3381 quia
766 3308 848 3379 jam⁸
872 3308 961 3380 hujus
989 3308 1116 3380 quereloe
1141 3308 1266 3365 materia
1283 3309 1413 3364 excrevit

363 3394 384 3419 “
403 3391 513 3462 pariter
531 3398 562 3448 et
582 3393 713 3447 ascendit
729 3392 829 3456 nimis,
855 3409 918 3456 nos,
937 3391 1009 3446 licet
1034 3392 1061 3446 ei
1089 3392 1246 3463 saepedicto
1271 3392 1413 3471 archiepi-
1489 3450 1493 3456 ,

336 3477 383 3501 ·“
403 3492 490 3547 scopo
507 3475 633 3531 velimus
659 3476 851 3548 inquantum
879 3491 1034 3547 possumus
1060 3492 1127 3530 oum
1148 3476 1261 3530 ratione
1287 3474 1411 3541 deferre,

362 3561 382 3585 ‘⁴
401 3575 585 3631 nequaquam
604 3560 721 3614 ruinam
747 3560 839 3632 ipsius
857 3559 989 3614 ecclesiae
1013 3558 1122 3614 clausis
1140 3576 1295 3631 mosomus
1319 3560 1412 3615 oculis

363 3642 381 3668 “
399 3643 588 3714 pertransire,
609 3642 661 3697 sed
679 3642 854 3715 quibusdam
878 3641 1012 3713 personis
1030 3641 1116 3712 regni
1135 3640 1179 3695 tui
1203 3641 1412 3696 correctionem

362 3727 380 3752 ‘¹
400 3743 502 3780 eorum
521 3743 585 3797 quae
603 3726 762 3781 enormiter
779 3730 951 3797 attemptata
968 3730 1036 3780 sunt
1047 3723 1182 3780 duximus
1194 3724 1411 3779 committenda.

361 3808 541 3878 “Quocirca
568 3809 756 3864 serenitatem
782 3814 863 3863 tuam
888 3809 1040 3870 hortamur
1063 3807 1095 3862 in
1113 3808 1248 3871 Domino,
1274 3825 1411 3878 rogamus
1424 3825 1540 3878 mee„

361 3895 379 3918 '⁸
399 3892 550 3957 attentius,
569 3898 599 3948 et
628 3892 660 3946 in
687 3891 888 3947 remissionem
918 3892 973 3947 tibi
1003 3898 1189 3963 peccatorum
1217 3892 1408 3962 iujungimus,
1423 3876 1582 3970 ffifflff‘l’

360 3976 475 4048 “quod
502 3977 580 4033 sicut
605 3977 673 4048 pins
698 3980 729 4030 et
752 3975 912 4032 catholicus
936 3977 1073 4049 princeps
1098 3975 1136 4031 ad
1162 3975 1255 4048 ipsius
1280 3974 1411 4030 ecclesias
1423 3975 1573 4070 delmffile

359 4061 380 4086 ‘¹
400 4059 642 4132 tranquillitatem
669 4059 812 4124 intendas,
837 4060 908 4115 neo⁶
926 4061 1021 4131 ipsam
1038 4060 1193 4132 permittas
1219 4065 1360 4130 quantum
1378 4059 1411 4113 in
1423 4037 1532 4120 fflte

358 4145 378 4171 ⁴‘
397 4148 427 4197 te
454 4143 546 4198 fuerit
570 4142 699 4199 indebite
733 4143 891 4208 molestari,
916 4151 947 4200 et
974 4142 1053 4215 quod
1074 4144 1139 4215 jam
1169 4142 1240 4198 dicti
1259 4141 1376 4214 judices
1393 4126 1556 4198 a¹⁰t⁰⁶⁰⁰⁰²

360 4228 379 4253 “
399 4225 483 4280 nobis
502 4226 631 4298 delegati
650 4226 805 4282 statuerint
823 4227 970 4282 observari
989 4227 1087 4291 facias,
1108 4232 1138 4281 et
1154 4242 1339 4298 nequaquam
1357 4226 1411 4280 im·

360 4312 380 4337 ‘⁶
400 4307 502 4380 pedias
527 4308 611 4364 vela
636 4309 695 4365 tuis
713 4309 850 4381 impediri
875 4310 1038 4382 permittas,
1065 4311 1107 4365 ita
1132 4309 1210 4381 quod
1235 4326 1270 4364 ex
1295 4309 1350 4364 hoc
1375 4309 1412 4364 de

397 4587 404 4617 ¹
421 4584 555 4653 Urbanas]
570 4585 619 4638 See
632 4585 723 4652 Ilpistt.
736 4586 866 4650 Conluar,
944 4590 954 4621 ⁴
967 4588 1004 4655 el]
1018 4603 1072 4654 pro,
1083 4589 1131 4641 im.
1142 4589 1178 4640 A.
1190 4591 1221 4641 B.
1234 4589 1265 4642 0.

363 4664 413 4715 llo.
425 4680 512 4725 cxxx,
524 4681 550 4728 p.
563 4669 618 4716 10⁴.
944 4667 1031 4734 ⁶jons]
1045 4683 1096 4718 om
1106 4668 1141 4719 A.
1156 4669 1188 4719 Β.

398 4744 484 4809 ²r092]
499 4759 549 4794 cm.
562 4745 597 4794 Δ.
611 4745 642 4796 C.
946 4745 1023 4812 ⁶trec]
1038 4761 1079 4809 ue,
1090 4748 1123 4798 Δ.
1135 4748 1167 4797 Β.

396 4821 501 4889 ἀ’νοα]
518 4838 567 4875 om.
579 4822 614 4873 A.
626 4823 657 4872 Β.
671 4825 702 4875 C.

1174 4908 1276 4970 sut
