3588 5740
699 904 812 955 orma
833 904 1025 958 mesonma
1326 892 1392 959 563

339 1084 513 1143 ‘Qsalntem
550 1085 624 1145 cum
641 1086 735 1162 igitur
752 1086 969 1147 cantuariensis
987 1088 1143 1156 ecclesia,
1134 1107 1166 1145 m
1183 1106 1275 1163 regno
1292 1095 1391 1147 vestro
1420 1100 1478 1147 sn.
1485 1104 1544 1148 uss.

338 1168 445 1225 “fidei
479 1176 573 1228 mater
607 1178 637 1229 et
662 1173 838 1239 christianin
865 1173 1018 1246 religionis
1044 1173 1195 1247 signifera,
1215 1192 1268 1248 per
1296 1176 1392 1230 multa
1403 1165 1546 1269 ffffiffw

339 1258 542 1331 “temporum
567 1261 742 1318 volumina
733 1280 765 1317 ιιι
788 1261 942 1334 dignitatis
961 1280 1022 1319 suae
1048 1267 1128 1319 statu
1153 1267 1184 1318 et
1210 1262 1307 1335 quiete
1324 1279 1417 1337 pro-v
1403 1268 1552 1311 vonathen·

339 1340 357 1368 ‘⁴
377 1344 508 1410 cesserit,
528 1348 559 1401 et
584 1345 679 1401 divini
696 1346 792 1402 cultus
818 1346 954 1420 obsequio
979 1346 1131 1418 gratiaque
1156 1345 1310 1418 religionis
1335 1348 1390 1403 cir·
1403 1318 1542 1412 ffiiiffih

337 1424 359 1452 “
376 1442 559 1500 cumquaque
577 1429 707 1487 suaviter
724 1429 894 1497 redoluerit,
920 1429 1050 1503 quietem
1068 1430 1131 1502 ejus
1155 1430 1275 1486 turbare
1298 1429 1391 1486 nichil
1403 1418 1542 1513 gffiff

338 1510 358 1537 “
376 1510 457 1566 aliud
495 1512 558 1569 fore
596 1513 743 1571 credimus
781 1531 869 1587 qnam
907 1513 1072 1570 divinitatis
1109 1515 1238 1570 sacrario
1271 1531 1391 1571 manum
1403 1520 1549 1613 sanarem

338 1595 536 1654 “violentam
552 1595 671 1654 inferre.
708 1598 860 1671 Rogamus
885 1598 979 1671 igitur
1002 1598 1149 1671 patienter
1165 1597 1276 1669 audite,
1294 1603 1333 1664 et,
1357 1572 1465 1665 alnov
1467 1571 1563 1664 {iracitu-

336 1676 358 1705 ‘⁸
376 1695 429 1734 vos
447 1677 549 1737 Deus¹
571 1681 604 1736 in
621 1681 670 1737 die
692 1681 876 1738 necessitatis
900 1681 1045 1747 exandiat,
1064 1681 1224 1738 clementer
1247 1680 1391 1750 exaudite,
1404 1672 1534 1774 ffiggth

337 1763 358 1791 ‘¹
376 1778 412 1817 ex
429 1761 526 1819 animo
550 1764 730 1821 attendentes
754 1765 896 1838 quanta
886 1784 920 1821 ιιι
936 1770 1076 1839 promptu
1101 1765 1142 1820 sit
1165 1765 1291 1821 materia
1308 1782 1390 1820 scan-

337 1846 358 1872 “
377 1845 511 1903 dolorum
534 1847 561 1905 si
583 1849 705 1905 canonia
728 1849 782 1904 illa
806 1866 894 1921 qnam
923 1849 1009 1905 bonae
1032 1849 1182 1905 memoriae
1207 1848 1392 1905 Baldevrinus

337 1931 358 1958 ‘⁴
376 1932 522 2005 quondam
539 1931 757 1990 cantuariensis
781 1933 1053 2007 archiepiscopus'
1043 1952 1077 1989 ιιι
1102 1932 1234 2005 ejusdem
1262 1932 1393 1989 ecclesiae

336 2015 356 2042 “
375 2014 588 2088 prejudicium,
610 2016 702 2073 immo
725 2017 894 2074 scandalum
917 2023 949 2074 et
971 2018 1097 2084 ruinam,
1116 2016 1214 2090 primo
1237 2015 1315 2089 apud
1331 2016 1393 2071 Ha·

337 2100 357 2126 ‘⁴
375 2100 551 2166 kintuniam‚
576 2105 679 2174 postea
696 2101 773 2174 apud
790 2101 920 2157 lamhee
947 2101 1050 2167 erexit,
1075 2101 1183 2158 babeat
1212 2117 1394 2157 consumma·

335 2184 354 2211 ‘⁸
372 2183 492 2241 tionem.
528 2183 645 2242 Intuitu
661 2185 755 2258 igitur
772 2184 829 2241 Dei
845 2190 876 2241 et
894 2185 1018 2259 gloriosi
1033 2185 1174 2257 martyris
1191 2184 1256 2242 tui²
1273 2185 1394 2240 Thema

335 2268 356 2295 “
372 2267 544 2334 reverentia,
561 2269 645 2341 cujus
663 2269 803 2325 memoria
819 2270 853 2324 in
870 2271 993 2342 praelata
1015 2268 1099 2342 viget
1116 2268 1250 2336 ecclesia,
1270 2269 1395 2324 clemen·

335 2352 355 2379 ‘⁴
372 2352 424 2408 ιιι
435 2358 541 2409 vestra
558 2352 655 2424 gratia
672 2351 890 2423 cantuariensis
907 2352 1039 2410 ecelesia
1051 2352 1223 2409 desolationi
1241 2352 1397 2409 subveniat

336 2435 356 2462 “
375 2440 407 2491 et
434 2435 538 2491 ruinae.
574 2436 639 2506 Qua
667 2436 746 2491 enim
763 2453 845 2508 pace,
865 2453 924 2509 qua
947 2436 1084 2492 libertate
1101 2436 1211 2508 poterit
1228 2435 1265 2492 de
1289 2441 1396 2493 caetero

336 2520 357 2546 “
375 2519 513 2590 gaudere,
532 2535 600 2575 eum
623 2517 759 2575 fictitiam
782 2519 865 2575 illam
893 2526 924 2576 et
947 2519 1144 2575 adulterinam
1167 2518 1277 2575 viderit
1293 2525 1396 2575 contra

335 2602 355 2631 “
374 2620 407 2658 se
430 2607 560 2659 erectam
577 2608 609 2658 et
626 2602 726 2674 spoliis
751 2601 896 2660 ditatam?
921 2603 961 2659 lit
985 2603 1050 2674 quis
1078 2604 1136 2658 erit
1153 2608 1247 2658 status
1265 2602 1394 2659 ecclesiis

335 2687 356 2714 ‘⁶
372 2684 546 2759 Anglieanae
576 2702 644 2742 cum
673 2691 799 2742 matrem
836 2704 919 2742 suam
958 2685 1200 2742 cantuariensem
1240 2687 1394 2743 ecclesiam

334 2770 355 2797 “
374 2770 524 2826 tabescere
542 2769 652 2826 viderit
668 2769 701 2824 in
717 2770 855 2843 angustia
871 2776 901 2827 et
925 2768 1073 2826 moerorei
1107 2769 1283 2825 Timendum
1300 2787 1338 2825 ne
1362 2771 1395 2824 in

333 2853 355 2881 “
373 2870 405 2908 ιι
422 2853 517 2927 ipsam
534 2852 630 2909 divisa
652 2851 777 2909 ecclesis
793 2852 953 2920 desoletur,
973 2858 1004 2908 et
1027 2857 1108 2910 certe
1125 2853 1244 2908 turbata
1267 2852 1394 2909 ecclesia

336 2938 356 2965 ‘⁴
373 2938 459 3008 regni
494 2930 637 3009 negotiis
658 2953 715 3009 pax
751 2943 782 2992 et
816 2938 939 2994 honesta
968 2937 1051 3010 quies
1082 2953 1146 2993 esse
1175 2954 1237 2992 non
1272 2936 1394 3009 poterit.

336 3019 501 3081 “Avertat
530 3022 586 3077 hoe
612 3021 694 3077 Deus
724 3023 755 3076 et
783 3021 867 3094 regia
897 3020 1118 3093 magnificentia
1147 3025 1256 3077 vestra.
1293 3020 1331 3075 In
1359 3037 1395 3075 ea

253 3100 256 3109 “
333 3105 354 3133 “
373 3103 543 3177 igiturque
559 3103 643 3162 vobis
661 3103 719 3160 fide
738 3108 770 3160 et
786 3121 886 3161 amore
897 3110 1034 3162 tenemur
1052 3104 1233 3162 consulimus
1244 3108 1275 3160 et
1291 3104 1394 3160 devote

335 3190 355 3216 ‘⁸
376 3189 586 3263 supplicamus,
618 3187 756 3261 quatinus
785 3190 941 3261 praefatam
966 3189 1207 3246 cantuariensem
1237 3188 1394 3244 ecclesiam

335 3271 356 3301 “
372 3273 405 3328 in
422 3290 457 3329 eo
474 3279 555 3329 statu
573 3276 604 3329 et
620 3272 758 3329 libertate
775 3290 833 3346 qua
849 3290 941 3346 usque
958 3272 997 3328 ad
1014 3274 1078 3329 haec
1102 3278 1237 3346 tempora
1255 3272 1310 3328 sub
1327 3289 1395 3344 pro-

335 3355 356 3383 “
375 3356 503 3413 tectione
521 3355 579 3413 Dei
608 3361 640 3412 et
667 3362 767 3413 vestra
797 3353 945 3423 duravit‚⁸
972 3356 1094 3428 pacifice
1124 3356 1317 3421 conservetis,
1339 3374 1395 3413 neo

336 3439 356 3467 “
376 3439 489 3513 aliquid
506 3440 571 3496 fieri
588 3439 769 3514 permittatis
788 3439 866 3514 qnod
883 3439 1043 3496 insolentia
1064 3439 1205 3496 novitatis
1222 3438 1393 3496 scandalum

336 3522 357 3549 “
375 3523 507 3579 ecelesia
519 3523 576 3579 Dei
594 3528 717 3596 generet
733 3530 765 3581 et
782 3523 950 3596 apostolica
969 3522 1047 3581 sedis
1062 3524 1233 3583 auctoritati
1250 3522 1390 3596 deroget;

334 3607 357 3635 “
374 3624 429 3679 pro
462 3611 543 3663 certo
572 3606 713 3664 habentes
742 3607 915 3679 praedictam
945 3606 1099 3663 canoniam
1128 3606 1163 3662 de
1194 3606 1324 3662 Lamhee
1353 3607 1390 3663 de

334 3689 518 3747 “consensu
546 3696 578 3748 et
606 3690 815 3748 deliberatione
844 3691 977 3747 omnium
1005 3691 1200 3749 cardinalium
1227 3708 1245 3747 a
1271 3690 1389 3748 domino

335 3775 356 3801 “
374 3791 451 3847 papa
474 3779 505 3831 et
523 3792 541 3831 a
557 3774 820 3848 predecessoribus
837 3774 899 3831 suia
921 3792 985 3831 esse
1003 3774 1201 3848 dampnatum,
1219 3792 1274 3831 nee
1291 3775 1390 3848 aliquo

334 3857 355 3885 ‘⁸
374 3857 461 3914 modo
478 3860 632 3931 possumus
648 3858 712 3931 pati
729 3875 802 3930 opus
820 3857 895 3914 illud
912 3858 1070 3931 procedere
1084 3859 1163 3931 quod
1179 3859 1212 3914 in
1228 3863 1291 3914 tam
1308 3857 1391 3914 nobi·

335 3942 356 3970 ‘⁶
374 3940 413 3998 lis
431 3942 560 3999 ecclesie
587 3941 767 3999 construitur
792 3942 1022 3999 subversionem.
1062 3942 1157 3998 Nulla
1180 3959 1253 4015 ergo
1278 3930 1562 4031 ιιιιοιιιξξξξοῇἶῑο*

335 4025 356 4053 “
378 4024 403 4080 ιι
421 4025 517 4098 placet
534 4025 687 4082 dominum
705 4024 948 4082 cantuariensem
964 4024 1219 4098 archiepiscopum
1236 4026 1274 4082 ab
1292 4026 1393 4099 aliquo
1405 4036 1522 4086 bisacuta

336 4108 517 4181 “impediri
546 4108 749 4182 permittattis,
780 4125 839 4182 quo
868 4109 967 4165 minus
996 4108 1168 4165 mandatnm
1199 4109 1393 4181 apostolicum
1405 4084 1524 4182 fflffiss

337 4191 357 4219 “
376 4209 465 4264 super
482 4191 673 4249 demolitione
692 4192 828 4265 praedicti
845 4193 942 4265 operis
966 4191 1003 4248 de
1020 4191 1150 4248 Lamhee
1168 4192 1226 4247 sibi
1250 4191 1395 4248 directum

338 4276 359 4303 “
376 4277 470 4349 possit
486 4276 619 4373 implere,
637 4276 690 4334 sed
705 4277 803 4350 potius
822 4293 891 4332 enm
908 4276 946 4332 ad
963 4277 1019 4332 boc
1036 4277 1063 4332 si
1080 4277 1177 4348 placet
1194 4272 1342 4332 inducatis
1360 4282 1395 4332 ut

338 4360 358 4388 “
376 4377 490 4416 moram
514 4359 548 4416 in
573 4359 708 4418 faciendo
733 4378 794 4437 non
810 4361 949 4434 patiatur,
969 4359 1022 4417 sed
1046 4360 1149 4417 honori
1173 4377 1226 4417 suo
1250 4359 1395 4417 maturius

338 4446 358 4474 ‘⁸
377 4444 533 4517 provideat
550 4450 581 4501 et
596 4445 730 4503 ecclesie
746 4462 807 4503 suae
823 4443 1064 4519 tranquillitati?

372 4717 481 4786 Ιιιι]
495 4721 587 4772 ons.
868 4698 890 4746 ·’
922 4716 1061 4786 meave]
1074 4716 1303 4780 smannens.

371 4796 383 4831 ²
395 4799 446 4866 ιιι]
459 4814 509 4851 cm
519 4799 551 4853 C.

1191 4882 1308 4947 NN2
