3572 5744
398 919 442 981 42
599 931 761 980 omvasn
783 931 944 980 nomem
966 927 1242 980 esurummusrs

236 1124 415 1220 {ww
438 1116 653 1202 baptizarent,
680 1124 714 1182 et
744 1139 954 1204 quoscunque
988 1122 1122 1204 possent
1158 1116 1201 1180 ad
1232 1115 1331 1179 fidem
1368 1112 1450 1178 Jesu

193 1228 365 1321 affl
315 1228 354 1269 ¹¹⁸2
399 1217 563 1282 “Christi
586 1226 749 1285 vocarent.
800 1219 996 1285 Consecrato
1019 1219 1122 1305 igitur
1144 1218 1241 1283 besto
1263 1215 1451 1301 Augustino

285 1349 336 1357 -
398 1329 480 1384 “ex
506 1327 669 1407 precepto
699 1321 789 1387 beati
813 1320 962 1408 Gregorii
984 1321 1028 1386 ab
1051 1318 1241 1385 Eleutherio
1263 1315 1451 1382 Arelatensi

230 1377 353 1471 1011111111
399 1422 416 1456 ‘²
438 1424 597 1510 episeopo,
613 1429 648 1488 et
662 1424 763 1509 pallio
777 1430 929 1510 suseepto
943 1446 964 1488 a
979 1422 1077 1487 beato
1089 1421 1254 1507 Gregorio,
1266 1419 1453 1486 construxit

230 1480 281 1523 osu
282 1479 331 1524 a
399 1524 685 1611 “Augustinus
676 1548 712 1589 m
742 1526 856 1591 eadem
892 1524 1028 1590 civitate
1065 1521 1246 1588 Centueria
1275 1521 1451 1598 eeclesiam,

399 1634 417 1661 “
438 1649 538 1712 quam
560 1627 598 1691 in
620 1628 776 1693 honorem
808 1627 990 1693 Salvatoris
1013 1626 1093 1691 Jesu
1117 1624 1243 1690 Christi
1277 1624 1452 1699 dedicavit,
1540 1666 1544 1673 -

399 1736 415 1762 “
439 1729 634 1815 ibidemque,
649 1751 716 1794 non
738 1729 827 1807 alias,
850 1730 914 1794 sibi
938 1734 972 1793 et
993 1728 1232 1794 suecessoribus
1254 1727 1322 1791 suis
1342 1726 1452 1791 sedem

374 1838 415 1864 “‘
439 1831 587 1896 instituit
602 1832 895 1917 metropolitanam.
935 1829 1204 1917 Congregatoque
1219 1827 1452 1894 monachorum
1524 1816 1526 1819 ⁵

400 1940 415 1966 “
439 1938 604 1999 eonventu
620 1939 854 2000 concurrerunt
877 1934 1024 2019 undique
1047 1932 1169 2019 populi,
1193 1932 1251 1996 alii
1278 1931 1452 2017 baptisma,

399 2042 414 2068 “
437 2035 495 2099 alii
509 2035 741 2102 moneohatum
756 2042 914 2122 petentes,
931 2058 1000 2100 sese
1020 2056 1144 2118 suaque
1160 2035 1278 2112 omnia,
1294 2033 1451 2109 redditus,

399 2146 415 2171 “
438 2131 663 2224 possessiones,
696 2139 731 2202 in
762 2160 840 2202 usus
879 2158 1060 2224 pauperum
1096 2142 1130 2201 et
1161 2157 1274 2201 eorum
1309 2136 1451 2200 maxime

399 2242 710 2305 “sustentationem
733 2241 790 2326 qui
821 2240 942 2306 ibidem
974 2239 1088 2304 divino
1110 2238 1243 2305 filerunt
1273 2236 1452 2324 mancipati

399 2342 574 2407 “servitio
597 2343 815 2408 contulerunt.

445 2444 671 2510 “Fluxerunt
708 2445 751 2509 ab
788 2445 851 2509 hoo
883 2449 1030 2530 tempore
1060 2443 1243 2529 Augustini
1274 2464 1377 2528 usque
1408 2440 1452 2507 ad

400 2556 418 2581 “
441 2547 708 2613 Normannorum
740 2548 920 2612 adventum
953 2547 988 2610 in
1020 2545 1176 2632 Angliam
1210 2545 1290 2610 anni
1324 2544 1453 2610 circiter

400 2649 521 2716 “eecei
543 2647 672 2736 nvijinll
694 2649 943 2731 suceedentibus
958 2648 1023 2713 sibi
1039 2647 1287 2713 Cantuariensis
1311 2647 1452 2713 eoelesiae

401 2762 417 2787 “
441 2753 692 2840 arehiepisoopis
729 2774 833 2837 usque
864 2752 908 2816 ad
931 2750 1161 2816 Lamfrenourn
1199 2772 1280 2815 xxx.
1316 2750 1451 2815 duobus.

400 2865 417 2890 “
441 2856 564 2922 Omnia
578 2862 690 2921 autem
714 2877 787 2941 quae
803 2854 911 2919 medio
934 2859 1081 2938 tempore
1096 2852 1215 2918 collata
1230 2853 1370 2929 fluerunt,
1386 2873 1452 2917 non

401 2967 417 2992 “
324 2958 697 3159 umarchiepiscopis,
721 2979 787 3021 non
808 2955 940 3021 decanis
963 2956 1020 3040 qui
1033 2963 1132 3019 'nuno
1146 2955 1269 3042 priores
1285 2960 1452 3033 vooantur,

401 3070 508 3126 “non
517 3059 651 3125 2alicui
673 3080 819 3145 personae
843 3057 1054 3144 singulariter
1077 3057 1157 3122 data
1181 3062 1268 3135 sunt,
1293 3057 1350 3123 sed
1373 3055 1452 3134 Deo,

381 3168 476 3227 ·“et
498 3184 556 3248 per
579 3162 664 3226 Eum
688 3160 751 3226 toti
774 3158 1007 3225 monachorum
1030 3159 1295 3245 congregationi3
1316 3180 1377 3225 neo
1398 3181 1451 3224 us·

401 3274 417 3299 “
440 3264 538 3350 piam,
562 3270 601 3327 ut
623 3285 703 3339 reor,
735 3261 846 3347 aliquo
869 3262 904 3325 in
928 3261 1048 3348 scripto
1071 3260 1214 3348 simplici
1243 3261 1297 3326 vel
1328 3260 1453 3326 bullato

401 3376 417 3401 “
440 3365 582 3432 inveniri
597 3365 720 3450 poterit
742 3364 840 3429 aliter
861 3363 915 3429 vel
930 3363 1026 3428 alteri
1042 3365 1153 3428 omnia
1167 3363 1226 3428 illa
1240 3386 1310 3429 esse
1325 3363 1452 3429 oollata.

339 3468 598 3555 me“'.l'empore
621 3473 731 3532 autem
754 3466 912 3553 praedieto
928 3465 1194 3532 Normannorurn
1211 3489 1276 3552 quo
1291 3467 1362 3532 dux
1370 3466 1452 3531 Wil-

400 3571 557 3637 “lelmus
580 3592 655 3636 oum
677 3570 746 3634 suis
760 3569 897 3634 armatis
913 3569 1014 3655 oopiis
1029 3569 1186 3656 Angliam
1209 3570 1356 3648 intravit,
1379 3592 1452 3636 vas-

248 3652 347 3734 ιιθ010
401 3681 418 3710 “
442 3675 529 3741 tavit
552 3674 684 3760 penitus
708 3677 742 3737 et
764 3672 904 3758 subegit,
928 3671 1465 3758 0111110111[11111101111010011111,ἱ

401 3787 419 3811 “
441 3784 475 3843 et
505 3776 641 3843 ecelesia
663 3774 789 3839 Christi
820 3779 1025 3840 concremate
1051 3780 1109 3839 est.
1155 3774 1259 3839 Rexit
1280 3781 1392 3840 autem
1415 3798 1453 3841 eo

401 3888 417 3914 “
440 3885 586 3967 tempore
625 3877 897 3943 Cantuariensem
939 3877 1106 3943 ecelesiam
1144 3876 1273 3963 Anglus
1318 3878 1453 3964 quidam

400 3990 417 4016 “
442 3982 622 4068 Stigandus
656 3981 795 4058 nomine,
829 3980 887 4066 qui
921 4000 942 4044 a
973 3980 1105 4045 domino
1143 4000 1230 4066 papa
1262 3979 1453 4046 Alexandro

400 4092 417 4118 ‘⁴
441 4085 547 4171 primo
569 4084 671 4170 justis
693 4106 735 4148 ex
757 4083 864 4149 causis
888 4082 1054 4168 depositus
1077 4087 1135 4159 est,
1158 4088 1193 4147 et
1223 4104 1244 4148 0
1272 4105 1348 4170 rege
1371 4082 1452 4147 Wil-

401 4195 418 4222 “
442 4187 539 4253 101110
571 4187 606 4250 in
640 4207 798 4251 carcerem
830 4185 958 4271 positus
981 4185 1086 4249 vitam
1117 4184 1237 4251 finivit.
1284 4184 1348 4250 Cui
1379 4206 1453 4252 oum

402 4299 418 4325 “
441 4290 655 4357 Lamfrsneus
671 4287 883 4354 Cadomemis
903 4286 1005 4353 abbas
1027 4287 1213 4353 suceederet
1235 4287 1272 4352 in
1291 4287 1452 4376 arehiepi-

330 4405 376 4448 in
401 4401 419 4428 “
328 4398 617 4499 mseopatum,
642 4412 843 4479 regnumque
866 4395 900 4455 et
930 4389 1148 4456 sacerdotium
1183 4395 1301 4456 mutuo
1331 4391 1453 4479 gaude·

401 4501 515 4560 “rent
538 4493 702 4581 amplexu,
726 4491 978 4558 eonsuetudines
1001 4492 1143 4587 eoelesiae
1166 4491 1264 4556 simul
1296 4499 1331 4557 et
1361 4492 1453 4580 regni

401 4605 418 4631 “
440 4597 534 4683 quasi
554 4597 590 4660 in
611 4617 731 4660 novam
754 4593 957 4659 transierunt
972 4594 1191 4686 nativitatem.
1231 4594 1343 4681 Coepit
1365 4597 1453 4660 enim

401 4707 419 4733 “
441 4699 653 4764 Lamfranous
683 4698 744 4761 sub
768 4696 949 4782 patrocinio
980 4695 1161 4760 Alexandri
1186 4704 1279 4784 papae
1310 4705 1345 4764 et
1375 4699 1453 4764 novi

403 4818 461 4825 ·-···
751 4816 771 4821 ·-
1274 4820 1444 4830 “-

436 4875 444 4908 ¹
456 4875 578 4939 Properly
588 4871 740 4934 cccclxvii.;
759 4872 825 4923 from
838 4871 906 4921 Au.
990 4870 1072 4938 ²non]
1087 4889 1144 4937 que,
1157 4874 1186 4926 C.

402 4959 451 5007 600
461 4962 488 5006 to
499 4954 569 5005 AD.
584 4959 656 5006 1066.
