3646 5720
692 1004 804 1054 ornas
826 1004 1016 1053 marones
1307 991 1370 1055 301

322 1194 466 1281 “Surge
488 1194 582 1270 vade,
620 1214 733 1279 pacem
771 1192 940 1280 praedica''
993 1190 1057 1257 Oui
1080 1212 1155 1257 cum
1186 1193 1371 1258 excusatio·
1401 1209 1456 1254 sn.
1465 1212 1524 1254 nas

1383 1271 1525 1316 lllraculous

321 1318 397 1361 nem
428 1296 647 1383 praetenderet
676 1295 768 1411 quod
793 1316 861 1360 non
883 1298 970 1359 esset
991 1293 1167 1359 habiturus
1193 1294 1371 1370 auditores,
1423 1333 1542 1423 mirga

321 1397 430 1463 denuo
452 1398 616 1484 suggessit
636 1397 829 1483 praecipiens
845 1401 884 1460 ut
905 1417 1021 1482 pacem
1043 1396 1243 1481 praedicaret.
1291 1395 1370 1461 Sur-

319 1520 400 1584 gens
432 1499 530 1564 homo
563 1498 752 1584 episcopum
781 1518 877 1561 suum
909 1495 1002 1573 adiit,
1025 1496 1083 1561 et¹
1113 1518 1188 1581 quae
1219 1497 1372 1563 audierat

320 1600 482 1665 tremulus
514 1600 678 1665 enodavit
732 1599 844 1685 Agens
874 1603 986 1662 autem
1020 1598 1169 1663 sollerter
1199 1601 1370 1685 episcopus

320 1702 490 1767 micives
512 1702 601 1765 virus
632 1700 780 1786 probatae
810 1699 900 1763 fidei
917 1699 1063 1785 ejusdem
1094 1700 1251 1777 civitatis,
1273 1699 1509 1816 PodiistPurin·

321 1804 453 1881 scilicet,
484 1804 639 1869 secretius
669 1803 809 1880 vocavit,
841 1802 951 1886 eisque
982 1802 1174 1887 praedictam
1208 1764 1401 1867 visionem

321 1906 463 1971 recitans
485 1927 529 1970 an
551 1905 625 1991 paci
647 1903 831 1970 consentire
860 1903 987 1969 vellent
1017 1904 1179 1988 quaesivit
1226 1905 1306 1969 At
1297 1905 1371 1990 ipsi,

321 2006 363 2070 de
385 2005 474 2071 facili
497 2006 737 2070 transeuntes
728 2026 765 2068 m
794 2005 1003 2081 sententiam,
1026 2024 1190 2071 unacum
1221 2006 1372 2091 episcopo

321 2128 381 2171 suo
403 2107 460 2191 qui
483 2106 763 2171 tertius-decimus
793 2104 866 2181 fuit,
901 2104 942 2169 de
974 2125 1053 2191 pace
1086 2107 1231 2173 tenenda
1253 2107 1371 2193 praedi·

321 2207 426 2273 canda
447 2208 556 2273 foedus
587 2207 743 2284 inierunt,
766 2212 1034 2291 sacramentoque
1060 2207 1243 2293 juramenti
1265 2209 1373 2274 artius

321 2308 459 2394 obligati
496 2308 696 2394 plurimos
687 2329 723 2372 m
757 2328 854 2372 suum
891 2309 1096 2393 propositum
1129 2316 1371 2375 converterunt

321 2410 364 2474 In
385 2410 479 2475 brevi
501 2410 614 2495 itaque
636 2415 709 2474 tota
738 2410 875 2475 civitate
898 2408 993 2474 Pedii
1023 2431 1097 2475 cum
1127 2411 1299 2496 adjacente
1321 2434 1371 2476 re·
1383 2435 1509 2529 murth

320 2512 417 2597 gione
440 2531 605 2587 conversa,
628 2510 665 2574 in
694 2509 864 2574 infinitum
894 2509 1029 2574 tandem
1059 2509 1281 2626 multiplicati,
1304 2532 1372 2576 non
1383 2485 1541 2588 fflcoris

321 2610 428 2675 solum
455 2610 666 2676 Braibacenis
696 2609 755 2691 sed
788 2614 823 2674 et
844 2609 1037 2674 omnibus
1028 2611 1185 2696 1njur1am
1078 2612 1271 2677 unemsibi
1293 2612 1372 2678 saci-

321 2713 454 2777 entibus
481 2712 624 2776 viriliter
645 2710 848 2776 restiterunt.
894 2711 1055 2796 Episcopi,
1078 2712 1223 2790 abbates,
1246 2719 1281 2778 et
1304 2735 1372 2778 mo-

320 2813 428 2891 nachi,
458 2814 516 2879 sed
548 2818 583 2878 et
616 2812 723 2877 omnis
755 2811 880 2877 ordinis
911 2817 947 2877 et
977 2811 1120 2879 fortunae
1157 2815 1223 2878 viri
1261 2836 1373 2880 eorum

321 2916 510 2981 societatem
548 2918 733 2999 quaerentes
759 2912 966 2998 juraverunt,
989 2914 1142 3000 inprimis
1171 2916 1259 3000 quod
1289 2916 1374 2980 nulli

320 3015 469 3081 fraudem
492 3015 637 3081 facerent
656 3014 711 3079 vel
724 3013 919 3079 violentiam
935 3014 1112 3095 inferrent;
1134 3017 1244 3082 illatas
1258 3024 1371 3083 autem

320 3118 459 3202 injurias
481 3117 544 3182 sibi
567 3116 622 3182 vel
644 3117 713 3182 suis
734 3115 893 3181 fratribus
916 3137 1020 3202 usque
1049 3117 1093 3182 ad
1123 3125 1263 3185 mortem
1285 3141 1371 3185 com·
1458 3100 1467 3122 '

321 3218 414 3283 muni
447 3240 606 3286 concursu
638 3218 865 3297 vindicarent3
901 3218 1087 3307 legitimum
1123 3222 1372 3289 matrimonium

320 3319 396 3385 laici
418 3319 660 3395 contraherent,
682 3319 785 3384 vel
758 3341 787 3383 ει
810 3320 978 3385 continere
1001 3321 1147 3401 mallent,
1169 3345 1251 3409 puro
1282 3325 1371 3391 coeli·

320 3422 437 3487 batum
474 3427 635 3487 tenerent
681 3420 723 3485 In
754 3421 886 3507 signum
917 3443 996 3487 vero
1033 3430 1131 3490 sectae
1160 3426 1214 3491 vel
1248 3428 1542 3546 ordinismsgeoruo

320 3523 482 3598 habitum,
512 3521 638 3585 lineum
669 3520 838 3586 habebant
869 3523 1048 3608 caputium,
1080 3525 1118 3588 in
1155 3548 1221 3611 quo
1259 3501 1451 3594 Bmaeoner

320 3623 469 3710 Virginis
506 3621 685 3708 imaginem
722 3621 897 3707 parvulam
927 3622 1103 3707 plumbo
1093 3646 1285 3713 1mpressam
1318 3632 1371 3695 vel

321 3723 471 3809 stagno
461 3744 498 3786 m
519 3726 652 3807 pectore
673 3721 857 3807 gestabant
905 3722 976 3788 Nec
1005 3723 1068 3790 hoc
1097 3728 1219 3811 passim
1241 3732 1299 3795 sed
1322 3754 1374 3798 so·
1491 3714 1496 3721 ⁴

320 3824 488 3888 lummodo
510 3823 547 3886 in
570 3822 727 3898 exercitu,
749 3822 787 3884 in
808 3822 939 3908 signum
961 3823 1129 3910 religionis
1151 3833 1185 3892 et
1208 3831 1373 3898 societatis

321 3947 390 3991 suae
424 3923 611 4009 portabant.
658 3921 801 3986 Nullum
834 3943 1066 3990 conversorum
1099 3929 1248 3995 ordinem
1275 3954 1372 3998 suum
1385 3950 1516 3997 rhomen

321 4024 546 4108 derelinquere
577 4021 816 4107 permittebant
838 4022 892 4087 vel
922 4023 1083 4103 habitum,
1106 4029 1163 4093 sed
1186 4036 1227 4094 ut
1259 4053 1372 4118 pacem

321 4126 443 4210 ubique
481 4129 659 4200 servarent,
693 4129 729 4187 et
762 4124 804 4188 ad
842 4124 1025 4208 quamlibet
1063 4127 1280 4197 ulciscendam
1318 4136 1372 4200 vel

321 4224 567 4314 propellendam
589 4223 755 4308 injuriam,
779 4225 997 4312 undecunque
1020 4233 1191 4297 convocati
1221 4235 1291 4300 sine
1322 4236 1372 4300 di·

320 4327 445 4393 latione
468 4324 692 4390 convenirent.
738 4323 786 4388 Hi
808 4325 921 4410 igitur,
951 4334 991 4392 ut
1024 4331 1218 4414 praedictum
1249 4341 1309 4413 est,
1336 4338 1453 4401 inrum

321 4428 520 4492 immensum
564 4424 787 4509 multiplicati,
824 4427 981 4511 speciales
1025 4431 1115 4516 pacis
1159 4415 1481 4514 adversariosm‘

321 4528 540 4593 Braibacanos
555 4523 686 4602 scilicet,
702 4528 780 4610 post
793 4525 921 4610 aliquot
942 4549 1047 4595 annos
1061 4530 1129 4598 fere
1143 4533 1186 4598 ad
1209 4536 1370 4602 nichilum

321 4628 525 4715 redegerunt.
571 4625 669 4691 Hanc
689 4628 802 4691 autem
818 4625 1093 4696 Braibacenorum
1116 4634 1372 4704 destructionem

326 4797 624 4808 ...ff-m*—

755 4892 813 4963 ¹et]
828 4912 879 4947 om.
893 4895 923 4948 G.
