3588 5740
717 896 829 945 orans
852 894 1043 944 n1sron1cn.
1336 879 1399 940 585

351 1077 599 1151 “archiepiscopi
628 1080 756 1152 allegata
781 1080 909 1145 fuerunt,
933 1076 1058 1151 qualiter
1085 1095 1121 1132 ex
1144 1080 1226 1149 perte
1250 1073 1403 1130 monacho·
1436 1094 1493 1137 gn,
1501 1096 1560 1138 119⁸,

351 1161 371 1185 “
388 1177 454 1215 rum
472 1162 584 1217 ratione
603 1162 711 1234 praevia
729 1162 817 1217 fuerit
834 1163 994 1227 obviatum,
1008 1168 1042 1215 ut
1059 1158 1240 1231 cognoscatis
1258 1164 1289 1213 et
1304 1172 1404 1228 appro-
1418 1144 1543 1256 Seffm·

351 1245 370 1268 “
389 1242 464 1299 betis
481 1245 595 1315 plenius
606 1246 768 1309 veritatm,
781 1244 967 1301 universitati
978 1250 1083 1299 vestrae
1095 1241 1286 1313 praesentibus
1297 1239 1405 1296 litteris
1418 1261 1541 1305 suumn

351 1327 370 1350 “
390 1325 526 1383 duximus
544 1328 758 1401 explicandum.
786 1313 926 1400 Inprimis
944 1327 1086 1398 siquidem
1102 1325 1216 1397 praefati
1235 1324 1362 1387 nuntii,?'
1380 1329 1406 1378 et
1418 1312 1557 1413 affigam·

349 1413 446 1466 caera
471 1430 502 1465 ar
528 1412 721 1478 ordinationi
744 1412 873 1484 asperius
894 1411 1029 1484 scriptam
1054 1415 1101 1474 eet,
1126 1409 1159 1463 in
1183 1408 1282 1463 litteras
1301 1406 1405 1462 arctic-

347 1493 463 1564 pt’eeopi.
511 1496 550 1549 Ιιι
573 1496 633 1565 fine
661 1513 723 1550 vero
752 1496 872 1550 istorum
893 1494 1026 1550 additam
1050 1500 1088 1550 eet
1111 1494 1170 1548 itu:
1209 1495 1227 1518 ‘⁶
1241 1491 1304 1561 Quo
1329 1490 1406 1545 circa

352 1578 370 1602 ‘⁸
390 1579 571 1634 universitati
588 1585 693 1655 restrae
711 1581 748 1635 de
766 1581 887 1636 oonsilio
913 1582 1038 1636 fratrum
1056 1584 1223 1634 nostrorum
1242 1575 1273 1629 in
1297 1575 1406 1630 virtute

352 1664 371 1688 “
390 1661 561 1718 obedientie
590 1663 723 1719 districte
754 1663 948 1734 precipimus,
978 1662 1115 1735 quatinus
1145 1659 1203 1716 nisi
1233 1658 1405 1731 saepedictus

352 1747 370 1771 “
391 1745 627 1820 archiepiscopus
645 1747 723 1801 infra
740 1746 925 1818 premissum
944 1752 1061 1817 tempus
1085 1743 1255 1799 mandatum
1273 1748 1405 1797 nostrum

350 1831 369 1855 ‘⁸
389 1828 504 1885 duxerit
521 1829 559 1885 ad
582 1831 730 1894 effectum,
749 1848 800 1886 vos
818 1830 845 1885 ei
863 1829 973 1885 nullam
994 1827 1188 1884 obedientiam
1206 1827 1254 1882 rel
1270 1842 1406 1880 reveren·

351 1913 370 1937 “
391 1910 463 1966 tiam
481 1913 668 1985 impendatis,
682 1913 752 1984 quia
765 1913 880 1985 justum
900 1920 944 1969 est
961 1919 995 1968 ut
1012 1913 1039 1968 ei
1057 1930 1117 1967 non
1134 1911 1286 1967 obediatur
1304 1926 1322 1963 a
1339 1908 1406 1963 sub·

351 1995 371 2020 “
391 1993 471 2059 ditis,
494 1997 545 2067 qui
563 2013 615 2051 suo
633 1997 816 2067 contempnit
833 1995 952 2051 obedire
970 1996 1108 2067 proeloto;
1127 2000 1278 2066 procerte
1303 1992 1404 2047 scituri

351 2080 371 2104 ‘⁴
392 2079 470 2147 quod
499 2080 525 2135 si
554 2086 699 2152 praeoepto
729 2080 888 2150 apostolico
916 2079 947 2133 in
974 2079 1028 2135 hae
1053 2086 1135 2150 parte
1160 2076 1405 2150 praesumpseritis

351 2163 370 2186 ‘⁸
391 2160 516 2226 obviare,
534 2181 587 2218 nos
606 2169 724 2218 auctore
744 2164 805 2218 Deo
823 2162 1028 2218 inobedientiae
1047 2168 1151 2218 vestras
1170 2161 1335 2216 curabimus
1353 2178 1405 2232 per

351 2246 372 2270 “
391 2246 671 2302 animadversionem
701 2244 850 2302 debitam¹
875 2247 1059 2317 respondere.
1098 2245 1181 2315 Quod
1207 2246 1232 2299 si
1257 2245 1332 2299 forte
1349 2261 1404 2300 nec

352 2331 371 2355 ⁴‘
391 2329 433 2385 sic
450 2330 574 2385 eundem
599 2331 845 2404 archiepiscopum
869 2330 1030 2401 poterimus
1047 2330 1085 2385 ad
1106 2330 1215 2384 bonum
1233 2328 1405 2384 obedientior

352 2414 372 2438 “
390 2429 535 2479 revocare,
550 2420 667 2485 propter
685 2413 763 2485 quod
774 2415 884 2469 malum
903 2432 1062 2486 numquam
1080 2413 1282 2477 committitur,
1296 2413 1404 2468 bonurn

353 2499 370 2522 “
391 2504 489 2552 antem
520 2499 606 2555 debet
636 2500 742 2570 saepius
772 2499 939 2564 intermitti,
968 2500 1108 2571 majorem
1139 2498 1195 2554 eibi
1225 2498 1403 2554 animadver-

351 2589 369 2612 “
390 2584 501 2640 sionem
519 2585 632 2638 noverit
649 2584 813 2647 imminere,
833 2601 899 2638 curn
919 2584 996 2637 ferro
1014 2585 1074 2637 sint
1092 2581 1266 2638 abscidenda
1283 2582 1405 2636 vulnera

352 2672 373 2698 ‘⁶
392 2686 457 2739 quae
475 2668 671 2722 fomentorum
688 2684 745 2723 nou
768 2666 900 2722 sentiunt
918 2665 1100 2722 medicinam.
1133 2668 1240 2721 Datum
1258 2665 1403 2730 Laterani,

353 2756 371 2779 ‘⁶
391 2753 445 2806 xii⁰
456 2751 596 2807 kalendas
609 2750 786 2815 Decembris,
807 2750 992 2821 pontificatus
1013 2749 1104 2804 nostri
1124 2766 1199 2804 anno
1217 2749 1321 2819 primo.

397 2848 510 2913 Sciens
548 2854 659 2912 autern
702 2848 856 2912 dominus
894 2867 982 2932 papa
1019 2847 1107 2931 quod
1144 2846 1405 2932 archiepiscopus

352 2948 601 3015 Cantuariensis
638 2971 820 3014 summam·
839 2950 874 3012 in
917 2947 1015 3034 rege2
1052 2948 1235 3034 Anglorum
1269 2947 1406 3013 haberet

351 3052 514 3130 fiduciam,
542 3052 719 3137 nolensque
743 3052 830 3137 quod
852 3051 1049 3117 auctoritate
1067 3051 1157 3137 regia
1179 3072 1275 3115 suum
1299 3050 1406 3116 archi·

352 3154 522 3241 episcopus
556 3154 740 3241 prseteriret
770 3154 975 3229 mandatum,
999 3152 1062 3239 ipsi
1097 3152 1164 3239 regi
1188 3152 1318 3251 scripsit
1343 3151 1405 3216 sub

353 3256 416 3321 hac
437 3256 560 3321 sonna:

389 3362 406 3386 “
426 3356 635 3413 Innocentiua³
652 3357 930 3429 episcopusservus
947 3373 1098 3410 servornm
1117 3356 1181 3419 Dei,
1200 3355 1355 3412 karissimo
1373 3359 1404 3413 in
1417 3353 1541 3448 galf-²?-

353 3443 373 3467 “
393 3440 510 3496 onan
540 3441 601 3495 suo
631 3440 757 3495 nanno
788 3440 896 3495 inueni
921 3440 985 3511 regi
1015 3438 1189 3509 ungrorum,
1218 3439 1340 3495 euntem
1375 3446 1404 3496 et
1417 3415 1557 3546 notaio

354 3523 581 3594 “apostolicam
608 3522 849 3578 benedictionem.
888 3523 970 3577 luter
996 3522 1055 3576 alia
1081 3538 1146 3591 quas
1171 3539 1224 3576 nos
1252 3504 1458 3578 hortantur²h⁰
1482 3516 1528 3555 ¹¹¹⁸·

355 3610 374 3635 ‘⁴
394 3606 575 3662 celsitudinis
592 3607 681 3676 regiae
706 3606 793 3661 titulo
820 3604 1013 3675 congaudere,
1032 3603 1107 3659 illud
1132 3610 1273 3676 tanquam
1298 3623 1406 3663 memo·

355 3692 373 3716 ‘⁸
393 3690 475 3756 riale,
498 3690 566 3761 quia
595 3706 746 3760 personam
778 3696 859 3743 tuam
890 3688 1003 3742 sincera
1029 3687 1182 3758 diligimus
1213 3688 1245 3741 in
1281 3689 1405 3746 Domino

355 3776 374 3800 ‘⁴
394 3774 526 3837 caritate,
544 3774 637 3828 multa
662 3773 824 3843 gratiarum
851 3772 966 3826 actione
994 3771 1196 3843 prosequimur
1226 3772 1304 3841 quod
1329 3774 1404 3843 jam·

354 3858 373 3882 “
393 3856 504 3913 dudum
521 3875 575 3911 nos
593 3856 683 3927 regiis
701 3856 830 3928 apicibus
854 3855 995 3925 rogavisti
1013 3860 1046 3909 ut
1064 3872 1117 3925 pro
1134 3855 1217 3909 nullo
1235 3855 1405 3913 deberemus

354 3943 372 3968 “
394 3940 425 3994 in
442 3941 500 3995 hiis
519 3958 584 4010 quae
602 3940 717 4010 agimus
735 3955 753 3992 a
767 3938 1028 4010 justitiae'tramite
1047 3937 1179 4004 deviare;
1199 3955 1252 3993 nee
1265 3939 1337 3994 illud
1350 3940 1406 3994 fnit

354 4024 424 4077 “in
455 4024 564 4079 eisdem
595 4023 702 4077 litteris
739 4021 980 4094 pretermissum,
1012 4020 1088 4075 undo
1117 4022 1405 4093 circumspectionem

354 4112 373 4136 “
391 4108 505 4178 regiam
531 4108 630 4179 dignis
657 4107 791 4162 laudibus
815 4106 1062 4171 commendamus,
1082 4114 1124 4169 ut,
1144 4106 1169 4160 si
1187 4107 1261 4162 forte
1287 4109 1404 4164 anobis

354 4190 540 4245 “interdum
579 4191 692 4261 aliquid
721 4190 883 4262 postularet
913 4189 989 4258 quod
1020 4196 1098 4244 esset
1133 4189 1251 4244 obvium
1286 4191 1403 4257 rationi,

354 4277 372 4301 ‘⁴
392 4274 527 4329 nolebut⁴
545 4275 727 4345 aliquetenus
745 4273 885 4328 exaudiri.
924 4273 985 4327 Nos
1004 4290 1074 4344 ergo
1092 4273 1295 4344 praeterofficii
1314 4276 1404 4330 nostri

353 4361 373 4386 “
393 4358 533 4423 debitum,
546 4375 581 4412 ex
599 4374 656 4427 quo
674 4374 740 4412 cum
759 4357 828 4412 licet
841 4355 959 4427 indigni
977 4364 1093 4428 tempus
1110 4357 1304 4427 acceperimus
1317 4358 1403 4430 justi·

386 4586 449 4651 ιριν
467 4622 473 4635 .
492 4623 498 4635 .
517 4623 523 4635 .
547 4585 668 4651 debitum]
694 4585 854 4636 animadver-
901 4586 1051 4645 tuarienees,
1070 4586 1119 4636 No.
1131 4585 1183 4646 dii,
1205 4603 1229 4651 p.
1241 4592 1300 4647 469,
1316 4589 1401 4641 nhere

353 4667 424 4717 sione
436 4665 529 4725 debita,
541 4665 571 4717 C.
901 4665 943 4715 the
963 4667 1022 4715 dete
1043 4666 1066 4715 is
1086 4665 1163 4730 giren
1184 4670 1199 4693 ‘⁶
1209 4665 1257 4716 xii⁰
1280 4667 1402 4719 kalendas

385 4744 477 4810 ἥιρει]
493 4759 588 4809 regem,
599 4743 629 4794 C.
900 4748 917 4772 ‘⁴
935 4743 1110 4796 Decembris.’'

384 4826 396 4858 ³
407 4823 577 4890 Innocentius]
593 4823 640 4875 See
652 4823 774 4889 Epistoln
784 4824 852 4876 can-
933 4824 944 4855 ⁴
957 4821 1075 4890 nolebat]
1089 4822 1166 4883 cuim,
1178 4823 1227 4873 ins.
1240 4824 1270 4875 C.
