3666 5724
690 896 695 903 .
727 857 840 909 oram
862 857 1054 908 msroaros.
1347 837 1413 909 367

361 1066 460 1130 quam
482 1045 728 1133 proposuissent
748 1044 919 1111 actionem.
965 1044 1182 1111 Accesserant
1203 1044 1308 1130 igitur
1329 1063 1412 1130 praa·
1444 1050 1566 1099 alr-11⁸⁷-

359 1147 424 1213 fati
445 1148 679 1236 arehiepisoopi
702 1146 911 1233 responsales,
935 1152 970 1212 et
993 1147 1029 1211 in
1051 1147 1159 1232 prima
1184 1147 1253 1211 aeia
1283 1140 1412 1212 litteras
1425 1116 1583 1211 didimi

359 1250 602 1338 archiepiscopi,
625 1251 711 1337 regis
734 1255 922 1336 quoquest
947 1250 1170 1336 episeoporum
1194 1248 1334 1336 Angliae,
1357 1248 1413 1312 ob
1424 1216 1495 1262 ‘⁰⁸¹¹‘
1503 1228 1569 1270 '³⁰⁹⁰'

359 1352 517 1417 tulermrt
564 1352 615 1417 Ex
639 1353 761 1439 quibus
783 1352 913 1438 aliquae,
937 1353 1023 1439 regis
1046 1352 1172 1418 seilicet
1196 1356 1231 1417 et
1253 1350 1413 1438 arehiepi-

358 1455 456 1540 scopi,
480 1455 574 1521 lectae
600 1460 688 1532 sunt,
711 1454 785 1520 aliae
816 1460 928 1520 autem
959 1459 1000 1520 ut
1030 1455 1135 1521 fertur
1166 1455 1203 1518 in
1234 1454 1413 1521 fenestram
1539 1454 1542 1461 ⁴

359 1556 520 1641 usquein
542 1561 709 1643 posterum
732 1556 896 1642 projactae.
943 1556 1100 1622 Summus
1123 1561 1234 1621 autem
1262 1555 1414 1642 pontifex

358 1658 402 1722 ad
434 1659 564 1724 eosdem
595 1659 731 1723 nuntios
763 1657 872 1723 dixit:
896 1657 1065 1723 “Domini
1088 1656 1336 1723 Cantuariensis
1358 1655 1414 1720 lit-

359 1767 378 1794 “
400 1764 487 1824 teras
509 1759 698 1825 audivimus
721 1765 756 1824 et
778 1759 873 1846 regis,
895 1759 954 1824 sed
976 1764 1089 1824 utrum
1116 1758 1314 1826 sufficientes
1340 1758 1414 1823 sitis

361 1869 378 1895 “
399 1861 610 1947 responsales,
637 1861 689 1927 vel
722 1862 751 1925 si
783 1861 824 1927 de
856 1882 955 1928 eausa
986 1862 1052 1926 ista
1085 1866 1235 1926 nostrum
1268 1860 1414 1927 debeatis
1428 1869 1540 1918 Booten
1548 1870 1574 1914 to

361 1963 511 2028 “subire
541 1963 705 2049 judicium
734 1983 846 2040 neone,
869 1984 937 2028 non
959 1963 1156 2028 audivimus.
1196 1962 1233 2028 Si
1267 1984 1341 2049 quas
1364 1922 1562 2028 ta-inel‘tbbim'

361 2074 477 2130 “men
510 2065 796 2152 inpraesentiarum
827 2065 932 2130 vultis
965 2086 1153 2152 proponere,
1170 2065 1269 2132 dicite
1292 2072 1327 2131 et
1356 2087 1412 2131 au·
1425 2023 1558 2119 ww

361 2176 378 2201 “
401 2166 556 2232 diemus.''
603 2166 849 2254 Proposuerunt
879 2168 992 2254 itaque
1021 2168 1062 2232 de
1088 2168 1304 2234 aedificatione
1328 2168 1415 2233 basi·

361 2267 442 2344 liora,
481 2273 631 2354 petentes
669 2269 817 2334 omnium
854 2269 1107 2345 restitutionem,
1142 2290 1254 2334 eorum
1292 2269 1416 2335 scilieet

361 2393 435 2456 quoe
467 2371 510 2436 ad
542 2370 660 2457 prioris
691 2372 887 2458 petitionem
919 2370 1074 2437 do‘minus
1096 2390 1183 2458 papa
1204 2378 1414 2449 ooneesserat,

362 2479 397 2538 et
418 2478 458 2538 ut
489 2473 601 2539 omnia
623 2473 725 2559 priori
751 2472 886 2538 indulta
909 2473 945 2537 in
968 2473 1100 2537 irritum
1123 2478 1298 2539 revocaret.
1345 2474 1414 2537 Au-

361 2575 441 2639 ditis
473 2575 577 2660 igitur
608 2574 761 2639 omnibus
793 2573 834 2639 de
865 2574 985 2659 quibus
1007 2580 1246 2660 proposuerant
1267 2574 1414 2652 actitare,
1427 2593 1538 2640 arras

361 2681 499 2742 vocatus
522 2681 573 2741 est
594 2676 751 2762 magister
773 2674 890 2740 Pillius
912 2676 955 2740 ad
985 2675 1118 2753 aunam,
1142 2681 1177 2741 et
1206 2676 1241 2740 in
1272 2645 1583 2742 crastino1⁸i⁸¹¹miliii¹'md

361 2780 514 2843 dominus
536 2799 624 2865 papa
646 2779 876 2844 consistorium
902 2779 1068 2865 ingressus
1091 2784 1149 2843 ast.
1197 2778 1281 2845 Cum
1312 2779 1416 2867 igitur
1427 2746 1500 2792 ‘m'

361 2882 473 2946 nuntii
505 2880 739 2967 archiepiscopi
772 2878 911 2945 ulterius
943 2880 1045 2946 latere
1074 2878 1151 2946 'non
1186 2881 1343 2958 valerent,
1375 2882 1416 2947 de

362 2982 484 3048 litteris
506 2983 592 3069 rogis
624 2983 752 3068 atejus
782 2982 1021 3068 supplicatione
1044 2987 1079 3047 et
1108 2982 1283 3069 magnifica
1307 2985 1416 3070 gratia

362 3086 507 3171 primum
533 3106 602 3150 suaa
629 3105 736 3151 causae
762 3082 951 3150 habuerunt
977 3085 1168 3171 ingressum.
1215 3085 1343 3166 Quibus
1366 3108 1415 3151 re-

363 3187 498 3272 spondit
520 3186 657 3250 Pillius:
681 3185 748 3251 “Si
771 3186 812 3251 de
834 3185 957 3251 litteris
979 3186 1106 3252 domini
1135 3186 1222 3273 regis
1251 3188 1415 3275 agendum

363 3297 380 3323 ‘⁴
404 3295 463 3366 est,
480 3289 620 3354 dioimns
641 3309 717 3355 eum
740 3291 844 3353 tantae
866 3288 1091 3374 benignitatis,
1107 3294 1275 3375 tanoeque
1298 3290 1416 3357 libera-

364 3390 510 3455 “litatis
551 3412 629 3468 esse,
656 3396 696 3455 ut
736 3389 927 3475 hujusmodi
957 3390 1086 3456 litteras
1121 3390 1327 3457 incommodo
1356 3415 1417 3457 suo

364 3502 380 3527 “
403 3492 542 3558 cuilibet
572 3491 672 3557 diviti
695 3491 750 3556 val
776 3491 926 3557 mendico
956 3512 1024 3556 non
1054 3497 1196 3575 negaret.
1244 3492 1332 3573 Quid
1355 3495 1416 3579 igi-

365 3604 380 3630 “
404 3600 461 3659 tur
483 3614 640 3681 magnum
663 3593 691 3658 si
715 3593 867 3658 dominus
891 3590 1139 3658 Cantuariensis
1161 3593 1309 3677 ejusdem
1331 3596 1417 3681 mgis

364 3706 380 3732 “
404 3696 512 3782 apices
542 3694 743 3781 impetravit,
770 3716 845 3759 eum
875 3714 950 3758 eum
973 3693 1009 3757 in
1039 3692 1107 3757 suis
1130 3698 1243 3759 teneat
1266 3695 1536 3774 vinculisrmyos

365 3808 381 3833 “
404 3804 440 3863 et
462 3798 504 3863 ab
528 3797 642 3863 eodem
666 3795 809 3861 nexibus
831 3795 987 3861 amicitia
1010 3794 1214 3860 teneaturl”
1249 3765 1569 3863 Dixenmtdtbldtl.

363 3905 476 3963 autam
515 3896 704 3973 adversarii,
743 3893 943 3960 dominum1·
976 3894 1247 3961 (lantoniensem
1284 3898 1416 3983 plenam
1428 3865 1587 4011 &oin-iiiii

365 4000 512 4063 omnium
538 4003 685 4084 repetere
716 3996 968 4071 restitutionem,
998 4001 1038 4060 ut
1064 4016 1103 4060 ea
1131 3995 1257 4062 seilicet
1286 4020 1415 4065 revoca·
1466 3966 1570 4011 'm‘

365 4103 480 4162 rentur
510 4099 546 4161 in
576 4098 709 4161 irritum
738 4118 812 4182 quae
843 4094 1076 4162 (lantuariensi
1106 4095 1265 4163 fuerant2
1286 4099 1418 4165 indulta

365 4198 490 4284 priori;
513 4203 548 4262 et
574 4203 613 4262 ut
635 4198 666 4262 ei
693 4196 865 4283 proaedere
888 4195 1002 4262 lioeret
1025 4196 1061 4262 in
1086 4218 1182 4283 opere
1212 4220 1308 4266 novae
1330 4200 1417 4266 basi·

366 4299 447 4377 linae,
471 4304 505 4364 et
527 4298 756 4363 canonicorum
780 4298 999 4376 institutione,
1022 4303 1058 4363 et
1079 4298 1297 4365 fraternitatis
1322 4323 1416 4367 exae-

367 4401 466 4466 tione.
512 4399 567 4464 Ad
597 4420 672 4484 quae
702 4399 819 4464 Pillius
849 4401 1049 4487 respondens
1079 4402 1168 4467 dixit
1196 4403 1240 4467 ad
1277 4424 1416 4490 papam:

369 4502 462 4569 “Ob
488 4501 706 4567 reverentiam
737 4502 921 4588 majestatis
952 4510 1071 4570 vesuae
1102 4511 1138 4570 et
1167 4503 1272 4571 hostis
1303 4507 1418 4573 absen-

400 4768 554 4836 rmm]
569 4769 719 4856 dompnmp
730 4766 761 4819 c.
890 4765 895 4837 Ι
943 4767 955 4800 ²
957 4768 1079 4835 jurant]
1093 4769 1195 4827 fuerim,
1206 4771 1237 4823 B.
