3588 5740
681 940 793 990 crasa
815 937 1005 990 nrsrosrca
1298 926 1360 992 561

309 1122 473 1189 Praeterea
504 1122 721 1210 compositum
753 1128 804 1189 est
834 1122 993 1209 scriptum
1025 1122 1191 1208 pravitate
1225 1121 1360 1239 plenum
1391 1131 1513 1228 afflas-

189 1281 193 1288 .
309 1231 344 1290 et
381 1226 560 1291 mendaciis
596 1225 762 1303 refertum,
800 1225 854 1291 cui
891 1225 936 1291 ad
978 1246 1089 1311 preces
1125 1223 1360 1311 archiepiscop1
1373 1245 1512 1292 sessum

1295 1328 1302 1343 .
1372 1296 1454 1342 letters
1462 1299 1521 1342 troni

309 1335 533 1414 apposuerunt
563 1328 672 1416 sigilla
701 1334 771 1393 tam
794 1328 937 1416 episcopi
968 1349 1067 1415 quam
1090 1328 1237 1405 abbates,
1259 1333 1359 1394 etiam
1373 1346 1517 1443 fflfflss‘

309 1451 385 1496 cum
418 1431 570 1510 lacrimis,
604 1437 639 1497 ct
671 1431 855 1496 nescientes
886 1431 966 1516 quid
997 1430 1034 1495 in
1066 1452 1104 1496 eo
1138 1431 1521 1502 continereturtouepops

310 1531 515 1619 inscriptum.
573 1531 645 1598 Nec
681 1530 788 1598 solum
818 1530 912 1598 haec1
950 1531 1148 1597 moliebatur
1181 1531 1362 1608 Hubertus

311 1633 369 1698 sed
391 1633 548 1721 quicquid
570 1633 755 1721 excogitare
777 1631 912 1719 potuit²
933 1633 1080 1699 humana
1109 1632 1258 1698 versutia
1287 1654 1361 1699 con-

310 1742 365 1802 tra
387 1735 658 1802 Oantuariensem
688 1735 857 1803 ecclesiam
887 1736 1068 1803 exercebat.
1115 1734 1221 1801 Erant
1250 1741 1362 1801 autem

310 1842 392 1905 tunc
417 1839 575 1926 temporis
603 1839 706 1904 verba
728 1838 963 1925 archiepiscopi
994 1839 1089 1926 quasi
1111 1837 1281 1925 simplicia,
1304 1837 1363 1903 sed

310 1940 492 2028 tangebant
518 1942 645 2007 ventris
674 1941 840 2008 interiore.
886 1940 1042 2008 Monachi
1067 1961 1146 2007 vero
1169 1939 1362 2026 simpliciter
1374 1943 1513 2040 {³333ng

311 2047 345 2108 et
367 2043 465 2130 plane
487 2044 689 2131 scripserunt
719 2044 853 2110 domino
886 2065 982 2130 papae
1004 2043 1152 2109 ordinem
1185 2043 1234 2108 rei
1260 2048 1362 2130 gestae

310 2151 345 2211 et
367 2145 527 2212 fratribus
550 2147 607 2233 qui
630 2147 824 2234 superstites
847 2152 943 2213 erant
964 2146 1001 2211 in
1023 2144 1134 2228 curia3'
1153 2146 1263 2212 Deum
1279 2167 1363 2211 sem·

310 2270 369 2334 per
391 2255 427 2314 et
448 2255 578 2315 sanctos
604 2249 749 2316 ecclesiae
778 2253 935 2335 patronos
964 2248 1107 2314 lacrimis
1130 2253 1166 2314 et
1187 2248 1363 2314 devotione

310 2350 416 2416 cordis
438 2349 703 2438 interpellabant.
750 2350 884 2416 Timens
898 2355 1012 2416 autem
1035 2350 1299 2438 archiepiscopus
1321 2354 1517 2452 negppfliglnfu

309 2458 518 2519 accusaretur
539 2453 576 2517 in
598 2453 691 2518 curia
713 2452 754 2518 ds
769 2452 941 2519 invasione
963 2451 1127 2532 villarum,
1143 2458 1219 2540 post
1240 2475 1363 2540 paucos

310 2554 381 2620 dies
403 2554 581 2621 conventui
611 2554 695 2620 fecit
715 2574 770 2619 eas
792 2554 945 2634 restitui3
975 2554 1156 2621 cardinales
1178 2555 1266 2621 enim
1298 2556 1364 2621 Ro·

310 2679 417 2723 manae
449 2658 549 2724 curiae
579 2657 780 2743 scripserunt
810 2656 841 2722 ei
863 2661 904 2722 ut
925 2679 1000 2738 cum
1031 2657 1121 2722 omni
1152 2640 1364 2724 festinatione

309 2759 524 2845 apostolicum
561 2758 758 2845 adimpleret
793 2759 996 2824 mandatum.
1053 2759 1254 2835 Litteramm
1286 2748 1543 2851 veroffifflfm'

310 2862 517 2947 quanmdam
559 2881 641 2947 quas
686 2860 868 2927 cardinales
912 2861 944 2926 ei
989 2861 1150 2928 misenmt
1192 2861 1272 2928 tulis
1314 2869 1367 2928 est

310 2963 438 3029 forma:

347 3072 566 3137 “Venerabili⁸
582 3075 615 3130 in
633 3074 753 3131 Christo
772 3073 860 3131 fratri
878 3072 1031 3146 diligendo
1056 3091 1172 3147 semper
1189 3075 1285 3131 amico
1303 3075 1366 3131 Hu·
1378 3076 1513 3140 aeturus

309 3158 331 3185 “
350 3155 434 3213 berto
451 3157 506 3214 Dei
532 3157 630 3231 gratia
655 3157 860 3214 cantuariensi
877 3157 1106 3230 archiepiscopo,
1125 3157 1222 3215 Guido
1248 3159 1369 3215 misera·
1379 3129 1518 3230 fflffiii',

309 3240 331 3266 “
349 3241 430 3296 tione
460 3240 562 3297 divina
586 3241 701 3298 Sancta
731 3241 835 3296 Mariae
866 3245 949 3296 mans
985 3241 1114 3297 Tiberim
1143 3243 1232 3298 cimlo
1268 3241 1369 3299 Sancti
1380 3229 1486 3332 mii}

309 3322 328 3353 “
348 3324 455 3380 Calixti
471 3325 617 3397 presbiter
628 3324 793 3389 cardinalis,
811 3324 844 3379 in
860 3341 931 3380 vero
944 3324 1073 3381 Salutari
1085 3327 1218 3383 salutern.
1255 3325 1369 3395 Quanto
1381 3331 1465 3374 hiato

309 3407 329 3434 ‘⁸
348 3412 444 3481 magis
462 3409 500 3465 ad
517 3410 685 3466 sectandam
699 3409 826 3481 justitia
842 3426 977 3466 normam
1002 3409 1089 3466 officii
1106 3410 1262 3482 pastoralis
1289 3410 1368 3468 debi·
1381 3381 1522 3485 fflfflffm.

307 3488 330 3519 “
350 3498 417 3549 tum
434 3511 487 3549 ros
505 3492 629 3559 inducit,
647 3494 818 3550 discretioni
843 3501 948 3550 vsscrae
965 3494 1073 3566 maJ'ori
1090 3493 1247 3566 diligentia
1265 3512 1368 3552 caven·
1380 3444 1442 3527 ελ

309 3578 328 3604 “
349 3576 420 3632 dum
438 3585 492 3643 est,
506 3595 543 3633 ne
561 3577 593 3632 id
610 3594 698 3649 agere
716 3576 820 3632 debeat
830 3593 883 3648 per
895 3575 974 3649 quod
986 3576 1037 3648 jus
1049 3576 1173 3632 laedatur
1190 3577 1321 3635 ecclesiae
1337 3583 1369 3633 et

310 3663 330 3688 “
350 3666 455 3718 vsstrae
482 3662 631 3718 honestati
655 3661 822 3734 derogetur.
867 3660 942 3716 Inde
968 3666 1013 3715 est
1043 3660 1131 3732 quod,
1149 3678 1216 3717 cum
1246 3660 1369 3717 ecclesia

308 3747 328 3773 ‘⁴
349 3745 571 3801 Cantuariensis
588 3745 750 3801 multorum
761 3743 1008 3816 predecessorum
1024 3749 1188 3799 vestrorum
1206 3744 1320 3800 meritis
1337 3750 1369 3801 et

309 3830 532 3902 “quorundam
557 3829 700 3898 sanguine
717 3824 842 3882 mirifice
869 3827 1044 3893 illustretur,
1063 3827 1280 3883 fraternitatem
1303 3844 1367 3883 ves·

309 3914 329 3939 ⁴‘
348 3918 428 3968 tram
454 3913 620 3968 curavimus
645 3911 803 3967 admonere
828 3916 863 3966 ut
887 3927 905 3965 a
929 3910 1144 3967 constructione
1170 3910 1301 3965 canonis
1331 3909 1368 3966 de

309 3998 329 4023 ⁴‘
348 3997 487 4063 Lamhee‚
516 4010 581 4069 quas
606 3995 639 4050 in
665 3993 869 4068 proejudicium
896 3992 1118 4049 cantuariensis
1145 3993 1277 4049 ecclesiae
1302 3993 1369 4048 fieri

309 4082 328 4109 ‘⁴
349 4082 521 4149 dinoscitur,
536 4083 622 4154 juxta
637 4080 809 4137 mandatum
826 4078 938 4134 domini
955 4078 1043 4150 Papa
1067 4078 1144 4150 quod
1168 4078 1204 4134 de
1222 4077 1372 4134 communi

311 4165 331 4192 ‘⁴
351 4166 479 4222 fratrum
497 4165 620 4222 consilio
632 4165 790 4230 emanavit,
804 4163 946 4220 desistere
964 4162 1075 4228 velitis,
1090 4167 1120 4217 et
1137 4162 1233 4234 ipsam
1245 4171 1369 4218 matrem

311 4252 331 4278 ‘⁶
353 4249 510 4305 ecclesiam
539 4254 678 4315 scemam,
705 4265 770 4320 quas
799 4266 852 4303 vos
878 4246 917 4302 ad
946 4246 1063 4302 culmen
1093 4250 1183 4301 tantas
1213 4245 1370 4317 dignitatis

310 4334 332 4359 ‘⁸
352 4335 455 4401 erexit,
475 4334 570 4390 modis
594 4333 730 4389 omnibus
747 4331 904 4398 honoretis,
924 4330 1009 4385 bones
1034 4329 1182 4385 memoriae
1209 4328 1368 4401 praedeoes·

317 4488 1363 4519 Μ

345 4621 353 4654 ¹
372 4620 437 4690 tac]
451 4622 509 4685 hoc,
520 4621 550 4674 (2.
863 4616 918 4668 rte
939 4613 1025 4667 writer
1046 4614 1070 4666 is
1093 4614 1154 4681 Gry
1176 4615 1285 4680 Paparo,
1309 4613 1368 4665 who

345 4701 461 4769 'paraq
476 4699 576 4768 poterit,
587 4701 623 4751 Δ.
635 4700 666 4750 B.
864 4694 1175 4761 mmadecardinslby
1186 4695 1304 4748 clement
1313 4694 1367 4746 111.

346 4780 530 4849 'Venerabils‘J
558 4781 608 4833 Sea
618 4778 740 4845 Epistola
750 4777 818 4831 can-
865 4774 892 4827 in
906 4779 979 4827 1190.

312 4860 463 4925 tranenses,
474 4863 523 4915 No.
535 4857 716 4920 ccccxxxviii,
727 4872 752 4924 p.
760 4859 818 4907 891.

406 4953 468 4998 Adt.
1168 4949 1233 5000 NN
