3588 5740
417 917 482 980 516
615 928 778 979 enavasu
799 927 961 978 mousom
983 928 1259 980 omruamsusrs

264 1131 387 1176 anna
415 1136 475 1182 rex
511 1138 571 1202 per
608 1116 847 1183 fimdibalarios
885 1122 920 1184 et
956 1117 1146 1204 sagittarios
1185 1122 1220 1182 et
1256 1116 1497 1203 pedissequas¹

248 1193 372 1289 diffiniit
416 1219 571 1296 civitatis,
594 1240 669 1305 quae
695 1240 785 1284 more
811 1219 958 1285 virorum
988 1224 1129 1286 attonsae
1159 1219 1265 1306 picem
1291 1219 1470 1305 eliquatam

248 1294 337 1340 ¹³⁰¹¹⁶³
417 1325 452 1386 a
477 1320 543 1387 uia
567 1321 740 1387 immunda
765 1321 802 1385 in
829 1321 1017 1387 obsidentes
1040 1322 1262 1387 effundebant,
1309 1321 1384 1387 nex
1405 1322 1469 1386 ra

417 1445 481 1509 que
508 1422 662 1488 confusus
683 1423 784 1488 rediit
809 1423 849 1487 in-
871 1422 1053 1502 Franciam,
1080 1424 1241 1510 misitque
1267 1424 1403 1488 nuntios
1426 1422 1470 1488 ad

248 1527 384 1625 ggffih
416 1525 649 1613 imperatorem
687 1547 762 1591 cum
801 1525 934 1591 infinita
974 1527 1125 1613 pecunia,
1155 1547 1275 1613 rogans
1305 1525 1470 1591 attentius

248 1629 343 1733 3223?-
416 1633 457 1693 ut
479 1650 590 1714 regem
620 1626 752 1714 Angliae
781 1633 898 1715 utpote
927 1627 1097 1694 hominem
1128 1650 1227 1693 suum
1257 1629 1290 1694 ei
1318 1628 1470 1693 mitteret

416 1730 566 1808 liberum,
589 1729 644 1794 vel
681 1730 822 1795 eundem
861 1730 988 1795 diutius
1026 1730 1186 1796 retineret
1219 1731 1468 1796 incarceratum.

417 1831 535 1899 Comes
560 1836 684 1897 ,autem
721 1831 891 1917 «Iohannes
930 1854 1005 1899 cum
1043 1833 1173 1899 videret
1206 1832 1469 1919 conjurationem

417 1957 510 2001 suam
533 1956 602 2001 esse
626 1934 798 2013 detectam
814 1940 849 2000 et
868 1934 957 2021 quod
978 1934 1152 2001 fraudatus
1175 1940 1263 2001 esset
1278 1934 1469 2002 Scottorum

108 2088 113 2101 .
249 2038 355 2085 souare
417 2044 452 2104 et
478 2037 731 2103 flandrensium
761 2037 935 2123 adjutorio,
962 2037 1099 2103 castella
1129 2059 1204 2123 quea
1235 2059 1304 2103 suae
1332 2038 1469 2103 ditionis

247 2093 349 2136 turnsto

247 2141 342 2187 M
417 2146 513 2207 erant
536 2139 667 2205 fortiter
692 2139 847 2215 munivit,
865 2145 899 2205 et
922 2139 1163 2217 transfretavit,
1178 2144 1214 2205 et
1235 2140 1305 2227 regi
1320 2139 1470 2206 Franoiae

416 2244 540 2310 iaciens
566 2242 757 2329 homagium
781 2240 1006 2307 indesinenter
1027 2241 1177 2308 adhaesit

247 2347 295 2392 ’1111
304 2350 388 2404 sur·
461 2346 593 2412 Interea
615 2349 781 2411 venerumt
806 2343 843 2409 in
873 2344 1029 2432 angliam
1053 2345 1166 2410 nuntii
1196 2345 1292 2432 regis,
1322 2345 1469 2412 dicentes

246 2410 339 2495 “w
415 2469 491 2514 eum
528 2469 588 2535 pro
622 2446 847 2533 redemptione
885 2467 946 2512 sua
982 2452 1116 2513 eentum
1153 2446 1248 2512 milia
1284 2467 1469 2513 marcarum

415 2551 605 2637 imperatori
650 2549 863 2637 spopondisse
900 2549 1083 2636 pecuniam.
1142 2548 1247 2615 Venit
1283 2550 1386 2616 etiam
1430 2551 1468 2614 in

415 2654 570 2741 Angliam
593 2653 659 2717 xiio
683 2652 845 2718 kalendas
870 2652 952 2718 Maii
979 2651 1178 2718 venerabilis
1208 2653 1264 2717 ille
1295 2652 1468 2718 Hubertus

244 2755 396 2863 ffilfflgg
416 2756 666 2823 Salesberiensis
690 2756 870 2842 episcopus,
889 2754 1002 2840 justus
1026 2760 1061 2820 et
1087 2755 1202 2833 bonus,
1231 2756 1268 2819 in
1291 2755 1386 2840 cujus
1410 2754 1469 2820 ad·

244 2857 519 2960 ffiffimdventu
544 2864 616 2925 tota
639 2858 763 2945 Anglia
785 2859 822 2923 in
847 2858 941 2923 brevi
967 2857 1141 2943 pacificata
1161 2863 1220 2924 est
1267 2857 1353 2925 Cum
1378 2858 1467 2925 enim

244 2957 375 3055 mg&
414 2961 586 3029 castellum
607 2960 648 3026 de
668 2959 890 3047 windlesores
914 2959 958 3025 ad
981 2959 1184 3025 deditionem
1209 2960 1376 3046 coegisset,
1391 2981 1466 3026 cum

208 3152 210 3155 Ι
245 3058 316 3104 3οΜ
413 3066 533 3133 comite
556 3062 709 3129 Johanne
736 3066 916 3148 antequam
939 3061 1064 3127 rediret
1089 3062 1126 3126 in
1150 3062 1324 3129 Franciam
1352 3084 1466 3149 paoem

412 3168 499 3245 fecit,
515 3166 603 3232 datis
626 3170 661 3230 et
682 3163 824 3251 acceptis
847 3163 989 3230 induciis
1010 3185 1115 3251 usque
1140 3165 1184 3230 ad
1206 3165 1328 3231 festum
1352 3164 1467 3232 Sancti

413 3268 592 3341 Michaelis
930 3271 933 3275 ’

243 3370 366 3467 ffigdm
457 3372 531 3438 Rex
578 3371 713 3437 interim
747 3369 931 3457 Anglorum
970 3369 1142 3447 Ricardus‚
1179 3392 1281 3436 manu
1319 3371 1465 3437 militum

242 3472 356 3568 fflgof
412 3480 614 3542 armatorum
641 3474 695 3539 die
727 3479 894 3559 noctuque
918 3472 1064 3538 vicissim
1091 3472 1304 3560 vigilantium
1329 3473 1391 3539 sub
1413 3496 1465 3539 ar·

241 3573 540 3674 fflhfndtissima
565 3582 679 3644 tentus
706 3576 865 3653 custodia,
899 3596 975 3641 cum
1005 3596 1118 3641 amaro
1148 3575 1256 3642 multa
1281 3577 1467 3643 revolveret

241 3675 374 3776 ggissffl
411 3682 530 3759 animo,
559 3679 684 3768 duplici
708 3684 822 3744 tamen
848 3699 892 3742 ex
914 3699 1013 3743 causa
1036 3677 1244 3763 frequentius
1271 3680 1463 3765 angebatuu.

242 3777 389 3881 magon
411 3784 584 3871 Inprimis
608 3782 771 3868 siquidem
794 3801 888 3845 suam
904 3779 1113 3853 desiderabat
1133 3780 1372 3859 liberationem,
1389 3804 1464 3868 quae

409 3887 479 3952 sola
508 3886 662 3973 pecunia,
686 3884 860 3960 mediante,
893 3887 1026 3949 centum
1056 3882 1183 3949 seilicet
1220 3883 1465 3972 quinquaginta

409 3989 502 4053 milia
539 4008 732 4063 marcarum,
766 3990 898 4072 poterat
930 3985 1087 4072 expediri.
1149 3985 1278 4051 Deinde
1317 3987 1463 4053 consola·

408 4092 533 4157 tionem
564 4087 813 4157 Oantuariensis
847 4086 991 4153 ecelesiae
1023 4087 1059 4152 in
1090 4087 1241 4175 eligendo
1264 4093 1396 4175 pastore
1428 4095 1463 4156 et
1571 4112 1575 4117 ·

408 4193 652 4279 archiepiscopo
689 4189 900 4257 desiderabat
931 4189 1112 4268 accelerari,
1139 4211 1199 4276 per
1235 4211 1334 4275 quem
1368 4213 1462 4257 suam

408 4296 671 4382 redemptionem
692 4292 831 4360 celerius
853 4291 1008 4377 sperabat
1031 4291 1166 4357 exsolvi
1214 4292 1349 4359 Sciebat
1371 4296 1461 4360 enim

408 4398 564 4486 angliam
597 4396 692 4483 regni
725 4400 761 4462 et
794 4394 968 4460 sacerdotii
990 4394 1165 4481 privilegio
1187 4395 1363 4480 privatam,
1386 4418 1461 4462 cum

407 4501 624 4587 nequissimos
646 4504 681 4564 et
703 4497 839 4584 cupidos
861 4497 999 4563 haberet
1020 4496 1165 4575 aemulos,
1189 4496 1230 4561 de
1253 4496 1344 4563 sacili
1366 4521 1460 4586 posse

405 4602 593 4689 perturbari
607 4622 683 4667 cum
698 4604 840 4685 utroque
860 4603 985 4665 careret
998 4598 1164 4664 beneficio.
1211 4597 1324 4665 Sciens
1347 4608 1460 4667 autem

334 4726 338 4741 ·
405 4726 465 4770 rex
488 4704 577 4791 quod
609 4724 631 4769 a
664 4706 831 4769 conventu
864 4699 1114 4767 Oantuariensis
1137 4700 1283 4768 ecclesio
1306 4702 1347 4768 de
1369 4704 1460 4770 facili

405 4827 474 4874 non
499 4806 722 4883 exaudiretur,
747 4805 776 4869 si
798 4803 907 4870 denuo
929 4825 990 4891 pro
1013 4802 1259 4891 archiepiscopo
1281 4804 1323 4870 de
1344 4804 1460 4874 Monte
