3662 5728
410 894 476 959 152
613 904 776 956 onsvmn
798 905 958 956 uouscm
979 902 1255 954 esurummsns

258 1086 383 1190 ffffilg'·
410 1088 592 1170 auditurus,
620 1091 675 1158 vel
697 1091 858 1178 paulatim
881 1114 971 1159 more
992 1091 1138 1157 militum
1161 1084 1328 1168 oraturus,
1344 1110 1387 1155 ex
1412 1088 1463 1152 iu·

240 1201 367 1305 ffislogf
409 1198 540 1274 sperato
571 1194 695 1281 incepit
726 1195 899 1281 presbyter
932 1192 1073 1260 officium
1104 1194 1213 1260 misse
1247 1192 1314 1258 diei
1343 1191 1462 1293 dicens,

240 1302 324 1356 snjou
411 1299 427 1326 “
450 1292 532 1359 Eece
555 1295 694 1361 advenit
708 1296 895 1362 dominator
918 1297 1071 1362 dominus
1085 1300 1121 1361 et
1142 1317 1280 1382 regnum
1303 1293 1340 1358 in
1361 1313 1463 1357 manu

411 1402 428 1430 “
450 1395 547 1482 ejus‚''
578 1404 613 1463 et
635 1397 773 1465 oaetera¹
820 1399 930 1487 Igitur
955 1399 1072 1465 audita
1094 1420 1153 1485 per
1175 1393 1281 1465 totam
1306 1395 1463 1482 Angliam

340 1538 343 1539 ν
408 1497 572 1566 adventus
594 1502 647 1566 sui
669 1502 765 1579 fama,
781 1503 916 1569 comites
937 1507 971 1568 et
994 1522 1141 1589 proceres
1163 1501 1221 1587 qui
1244 1505 1370 1587 purtem
1393 1497 1464 1583 ejus

410 1601 568 1667 fovebant
597 1605 801 1671 unanimiter
829 1605 873 1670 ad
902 1627 980 1670 eum
1012 1604 1231 1681 confluebant,
1262 1601 1464 1668 conferentes

410 1726 485 1770 oum
508 1726 546 1771 eo
573 1707 655 1792 quid
678 1707 785 1792 primo
812 1708 934 1793 quidve
964 1712 1128 1794 postremo
1154 1709 1239 1772 esset
1269 1703 1463 1771 faciendum.

411 1807 463 1871 Ex
490 1810 656 1874 communi
681 1809 823 1896 denique
845 1810 980 1876 oonsilio
1006 1810 1152 1896 perrexit
1174 1830 1287 1874 versus
1312 1806 1464 1872 Malmes-

411 1909 544 1989 beriam,
559 1910 706 1997 fusisque
721 1911 758 1976 in
772 1912 947 1998 campestri
961 1911 1102 1998 planicie
1117 1914 1338 1997 pugnatorum
1353 1908 1463 1994 copiis,

241 2017 388 2114 fffflesoe
411 2010 582 2101 castellum
612 2011 743 2078 fortiter
772 2012 986 2099 obpugnant,
1018 2017 1053 2078 et
1082 2012 1119 2076 in
1149 2011 1243 2078 brevi
1272 2027 1605 2082 murosex·11..nunt.

241 2123 309 2174 bury.
410 2101 546 2166 teriores
571 2102 754 2187 occupavit.
800 2111 974 2183 Expugnate
984 2110 1104 2167 taudem
1122 2109 1307 2175 nutaturus
1324 2094 1581 2164 meallen-libuli·

410 2198 524 2253 tissime
548 2198 679 2266 Jordsni,
706 2217 794 2271 quam
819 2190 947 2277 speciali
970 2191 1054 2271 regis
1078 2199 1271 2255 conservabat
1292 2192 1464 2275 praecepto,
1476 2162 1512 2212 ὼ·
1525 2165 1582 2213 ²³⁷·

411 2279 474 2333 sola
498 2277 576 2333 fame
601 2278 755 2336 domabilis
775 2280 938 2346 remansit;
969 2280 1047 2335 unde
1077 2278 1223 2335 Jordanus
1253 2295 1320 2333 oum
1350 2294 1466 2334 summa

411 2361 596 2418 festinatione
619 2364 779 2434 egrediens,
804 2381 868 2419 rem
891 2369 1004 2435 gestam
1031 2363 1095 2435 regi
1121 2362 1268 2436 Stephano
1292 2360 1463 2434 propalavit.

330 2471 348 2501 u
412 2453 476 2509 Rex
499 2445 613 2531 itaque
645 2454 817 2528 Stephanus,
843 2463 1025 2530 congregato
1056 2442 1225 2523 exercitu,²
1249 2443 1477 2511 Oirecestram

338 2521 350 2552 ⁵
409 2547 511 2625 venit,
544 2549 751 2634 martinoque
782 2549 950 2636 dispositis
980 2548 1168 2635 agminibus
1202 2546 1464 2614 Malmesberiam

294 2641 300 2655 ’
410 2652 607 2738 properavit,
633 2651 728 2738 qussi
750 2673 825 2718 oum
848 2652 930 2718 duee
953 2651 1169 2718 dimicaturus
1191 2654 1227 2715 et
1256 2650 1401 2716 obsessos
1424 2649 1464 2714 li·

410 2752 589 2820 beraturus.
637 2754 704 2821 Sed
733 2776 801 2821 non
826 2755 966 2843 longua
999 2755 1114 2820 castris
1145 2753 1272 2841 positus
1302 2753 1464 2838 impetum

411 2856 568 2934 cohibuit,
599 2861 635 2922 et
664 2878 707 2922 ne
736 2857 887 2943 protinus
924 2863 1129 2944 pugnaretur
1158 2854 1295 2922 sollicite
1326 2856 1463 2929 amauit.

411 2957 576 3024 Obstabat
598 2958 686 3023 enim
709 2959 877 3025 saevientis
899 2958 1018 3024 hiemis
1051 2957 1186 3023 insolita
1207 2955 1375 3043 asperitas,
1398 2977 1463 3042 qua

409 3060 569 3126 nonnulla
586 3061 775 3126 centenaria
795 3060 967 3127 hominum
988 3061 1159 3149 perierunt
1176 3064 1211 3125 et
1227 3060 1462 3145 jumentorum

409 3157 529 3230 Apertis
546 3158 626 3213 euim
644 3157 890 3216 cataractaribus⁸
906 3159 972 3214 eseli
988 3164 1085 3215 tanus
1102 3158 1135 3213 in
1152 3159 1241 3215 facies
1258 3170 1361 3214 eorum
1384 3157 1465 3213 misit

410 3237 490 3292 Deus
507 3236 723 3306 inundationes,
743 3244 840 3295 tantas
858 3240 993 3297 acerrimi
1021 3237 1141 3310 frigoris
1164 3237 1381 3303 obstinationes,
1399 3244 1463 3293 tau·

409 3334 455 3384 tss
482 3330 596 3384 ventosi
620 3330 747 3387 turbinis
774 3331 975 3403 impulsiones,
994 3335 1028 3385 ut
1055 3330 1134 3386 Deus
1152 3331 1216 3403 ipse
1234 3321 1284 3388 vel
1306 3322 1391 3387 aeris
1413 3321 1465 3385 in-

241 3429 375 3484 sennenn
410 3408 583 3495 temperies
605 3435 659 3490 pro
677 3419 751 3475 duee
773 3419 943 3475 viderentur
959 3431 1115 3497 pugnare.
1160 3420 1249 3476 Ibant
1265 3426 1365 3476 tamen
1389 3420 1463 3476 soie.

240 3481 376 3584 ffiffi
409 3498 465 3555 bus
483 3496 633 3570 dispositis
650 3496 733 3568 qussi
756 3503 859 3555 eontra
882 3498 938 3554 Dei
961 3498 1123 3573 potentiam
1140 3500 1356 3556 contendentes.
1393 3499 1465 3555 Erat

241 3583 372 3629 mm·
410 3583 498 3649 enim
521 3582 597 3648 duci
618 3593 777 3664 tempestas
803 3608 822 3647 a
845 3596 938 3663 tergo,
963 3590 1028 3663 regi
1052 3604 1131 3649 vero
1153 3592 1186 3646 in
1210 3592 1325 3657 faeiem,
1351 3597 1386 3648 ut
1409 3609 1464 3647 neo

409 3689 491 3729 arma
520 3671 661 3729 sustinere
683 3687 738 3727 nee
761 3671 875 3726 lsuoess
898 3671 1049 3742 ymbribus
1078 3672 1256 3746 profluentes
1285 3675 1464 3728 oontreoture

409 3756 567 3822 valerent.
608 3763 671 3821 Rex
692 3754 804 3842 igitur,
826 3754 898 3820 Deo
920 3760 955 3821 et
977 3754 1054 3821 duci
1079 3756 1229 3821 resistere
1251 3776 1319 3821 non
1340 3754 1463 3834 valens,

408 3859 546 3926 celerius
575 3859 709 3924 recessit
738 3863 773 3923 et
803 3865 971 3939 Londonias
1000 3858 1199 3944 properavit.
1260 3867 1340 3922 Deus
1374 3859 1462 3924 euim

409 3970 471 4026 sine
488 3969 639 4042 sanguinis
656 3969 795 4025 effusione
818 3959 894 4025 duci
924 3961 1126 4047 praeparavit
1154 3959 1368 4047 triumphum.
1415 3961 1463 4026 Hi

408 4084 485 4150 ergo
507 4062 566 4149 qui
588 4062 625 4126 in
646 4060 732 4126 turri
754 4068 856 4138 erant,
880 4062 970 4149 regio
992 4062 1149 4150 suffragio
1174 4063 1336 4140 destituti
1359 4064 1462 4150 impe-

407 4170 497 4232 trata
511 4163 697 4232 rebellionis
712 4163 921 4251 impunitate,
937 4170 1062 4231 turrem
1077 4187 1153 4233 eum
1168 4166 1294 4252 reliquo
1309 4167 1462 4252 praesidio

407 4267 444 4332 in
466 4288 585 4332 manus
608 4265 700 4331 ducis
731 4264 948 4331 tradiderunt.
994 4266 1125 4334 Exinde
1146 4267 1267 4334 nobilis
1297 4267 1462 4335 Robertus

407 4390 514 4436 comes
537 4367 721 4434 leicestria
744 4367 846 4452 eoepit
867 4372 996 4454 partem
1029 4369 1121 4436 ducis
1143 4370 1262 4449 fovere,
1285 4370 1380 4456 eique
1403 4393 1462 4458 per

441 4591 542 4645 muers
551 4592 634 4642 words
645 4605 689 4641 are
707 4590 750 4642 the
768 4589 909 4659 beginning
992 4591 1133 4661 ἀπίω]
1148 4609 1205 4656 suo,
1214 4593 1263 4646 ius.
1274 4594 1306 4648 C.

408 4671 438 4723 of
454 4669 676 4722 the‘¹0ffleium”
686 4668 716 4720 oi
730 4670 857 4725 thenas
874 4686 908 4722 ou
992 4671 1223 4741 lcutuructsritss]
1238 4675 1415 4739 eurseteribus,
1425 4677 1461 4728 A.

408 4753 452 4804 the
479 4749 546 4802 feast
567 4749 597 4801 of
620 4749 665 4799 the
685 4747 833 4816 Epipbsny,
857 4751 909 4800 and
959 4751 990 4802 B.

408 4831 502 4898 during
511 4829 556 4882 the
566 4828 670 4881 Octava.
