3588 5740
400 848 464 912 592
597 858 758 908 ornvnsu
781 857 941 906 nonium
965 855 1240 904 caurorumusrs

249 1040 371 1136 Afflif'·
444 1049 587 1114 Domino
610 1048 710 1114 etiam
734 1069 828 1133 papae
850 1053 885 1111 et
909 1044 1131 1111 cardinalibus
1153 1045 1355 1132 seripserunt
1380 1068 1434 1111 mo

231 1156 373 1259 ahma
399 1152 496 1218 naohi
532 1150 795 1228 Cantuariensea
830 1154 877 1225 ut,
900 1149 928 1212 si
963 1170 1022 1214 nee
1057 1170 1116 1234 per
1149 1170 1258 1234 regem
1293 1171 1355 1215 neo
1392 1171 1451 1235 per

229 1256 333 1351 ἓξὲξ*
399 1253 677 1339 archiepisoopum
703 1249 851 1315 sublatas
878 1249 1021 1315 eeclesiae
1051 1251 1271 1335 possessiones
1302 1252 1451 1337 optinere

400 1356 556 1433 valerent,
572 1376 630 1441 per
648 1353 772 1443 orniam
794 1351 911 1416 saltem
928 1352 1111 1416 Romanam
1134 1351 1245 1438 aliquo
1267 1353 1364 1419 modo
1385 1375 1452 1440 pax

399 1458 541 1525 eeclesiae
564 1456 762 1521 redderetur.
802 1453 883 1518 Haeo
907 1458 957 1517 est
980 1459 1092 1518 autem
1116 1454 1222 1518 forma
1243 1454 1451 1520 litterarum:

435 1563 453 1587 ‘⁶
469 1557 654 1615 innocentio¹
675 1556 730 1610 Dei
749 1556 843 1626 gratia
866 1571 979 1609 summo
998 1555 1129 1626 pontifici
1148 1562 1308 1611 conventus
1327 1556 1452 1612 Cantus·

400 1647 418 1671 ‘⁴
439 1642 541 1697 niensis
558 1639 686 1695 eeclesiae
704 1639 834 1692 sulutem.
873 1635 968 1691 Multa
986 1643 1016 1692 et
1027 1636 1148 1703 diversa,
1169 1638 1258 1692 immo
1275 1644 1305 1693 et
1319 1639 1453 1710 quaedum

401 1728 419 1753 ⁴‘
439 1726 495 1780 sibi
512 1725 640 1788 adversa,
665 1720 812 1777 sanctitati
838 1726 942 1775 vestrae
968 1718 1138 1791 quandoque
1156 1720 1363 1791 significamus,
1383 1724 1453 1793 quia

399 1813 419 1839 “
438 1810 509 1864 talia
526 1812 594 1863 sunt
611 1823 676 1877 qnae
694 1821 747 1859 nos
765 1808 908 1874 premunt.
947 1803 1005 1857 Sed
1023 1803 1054 1856 in
1072 1803 1126 1858 hoo
1141 1803 1357 1869 confundimur,
1374 1807 1452 1877 quod

400 1896 418 1920 “
439 1911 472 1947 ea
489 1910 554 1965 quae
572 1907 639 1945 vere
657 1889 732 1943 fiunt
748 1893 778 1942 et
795 1903 854 1940 non
872 1885 1037 1941 scribuntur
1053 1885 1123 1941 dum
1141 1887 1297 1958 loquimur,
1311 1888 1381 1943 dum
1401 1907 1451 1945 an·

401 1978 420 2003 “
439 1976 518 2040 ditis,
530 1976 605 2030 forte
631 1973 661 2027 in
680 1970 857 2025 eontrarium
874 1974 987 2024 mutata
1006 1977 1090 2037 sunt;
1110 1972 1181 2026 adeo
1202 1988 1261 2025 non
1279 1973 1453 2045 simpliciter

400 2062 419 2086 ‘⁴
438 2063 594 2131 operantur
611 2056 661 2127 qui
686 2072 738 2108 nos
756 2052 900 2123 affligunt,
923 2058 957 2107 ut
983 2053 1029 2107 vel
1059 2054 1101 2108 ita
1125 2053 1201 2126 opud
1227 2071 1279 2109 vos
1306 2054 1341 2109 de
1368 2074 1451 2111 men·

399 2145 418 2170 “
438 2143 520 2197 doeio
532 2157 585 2195 nos
603 2138 713 2211 possint
726 2153 855 2206 arguere,
869 2136 925 2199 vel,
940 2134 1019 2207 quod
1031 2153 1089 2190 uno
1101 2138 1198 2208 aliquo
1210 2154 1269 2191 non
1281 2140 1449 2209 prevalent,

399 2227 418 2253 ‘⁴
436 2225 537 2280 multis
566 2240 619 2277 nos
645 2220 756 2293 possint
785 2219 953 2273 vulneribus
983 2218 1146 2275 immutare.
1184 2220 1270 2275 Unde
1298 2228 1328 2275 et
1362 2222 1449 2277 modo

399 2312 418 2336 “
438 2309 554 2373 feriunt,
575 2305 660 2360 modo
678 2304 769 2358 ictum
788 2300 977 2372 suspendunt,
996 2302 1160 2366 etiterum,
1179 2309 1334 2375 antequam
1364 2305 1452 2360 scissa

400 2395 418 2419 “
438 2396 548 2456 coeant,
568 2387 774 2462 repercutiunt.
814 2385 974 2456 Eupropter
987 2401 1046 2438 nou
1062 2385 1183 2451 levitati,
1203 2404 1378 2457 quaesumus.
1398 2388 1453 2442 im·

400 2476 546 2548 “putetis
566 2473 644 2544 quod
667 2471 781 2526 diversa
798 2472 845 2524 vel
867 2469 923 2524 sibi
947 2469 1063 2525 dissona
1080 2471 1258 2537 nuntiamus,
1279 2473 1450 2544 quietique

400 2558 582 2630 “majestati
609 2561 712 2610 vestrm
739 2551 919 2607 decrevimus
949 2569 1008 2605 non
1039 2553 1166 2618 mentiri,
1198 2554 1247 2609 sed
1277 2572 1330 2609 nec
1354 2556 1453 2610 omniu

400 2645 418 2670 ‘¹
439 2658 593 2713 suggerere
610 2657 675 2710 quae
700 2639 830 2709 petimur
847 2636 879 2689 in
902 2635 1032 2690 veritate.
1068 2636 1155 2691 Nune
1175 2643 1272 2691 antem
1291 2637 1360 2709 quia
1385 2639 1453 2694 sub·

229 2743 294 2794 they
400 2728 421 2752 “
439 2726 546 2781 stantis
566 2724 627 2796 spei
644 2728 751 2776 nostrae
769 2721 845 2792 apud
865 2738 914 2775 vos
935 2727 987 2784 est,
1007 2725 1037 2774 et
1055 2738 1136 2775 casus
1154 2728 1240 2792 urget
1258 2740 1344 2791 quem
1367 2723 1452 2778 silere

231 2805 353 2837 99999999
402 2812 420 2835 “
439 2827 498 2864 non
515 2825 675 2881 possumus,
690 2805 837 2861 sanctitati
854 2811 958 2859 vestrm
974 2803 1197 2874 significandum
1216 2804 1361 2872 duximus,
1376 2807 1453 2878 qnod

231 2844 355 2938 9199999399
400 2896 419 2919 “
439 2893 572 2948 omnibus
591 2888 814 2962 possessionibus
832 2888 949 2951 uostris,
969 2887 1050 2957 quasi
1069 2886 1104 2941 de
1122 2888 1198 2958 regis
1223 2888 1369 2955 mandato,
1386 2892 1449 2962 jam

233 2945 388 3055 iidihddhird
401 2980 420 3004 “
439 2978 526 3033 tertio
543 2974 659 3047 spoliati
677 2989 785 3037 sumus,
805 2976 957 3042 postquam
981 2970 1018 3024 ad
1042 2970 1220 3025 audientiam
1238 2979 1365 3027 vestram
1383 2991 1450 3029 con·

231 3046 353 3140 tossfflrgf
400 3063 419 3087 ‘⁴
439 3058 584 3131 fugimns²
604 3056 653 3128 jus
679 3060 812 3110 nostrum
840 3055 893 3109 sub
917 3054 1028 3125 judicio
1046 3062 1141 3109 vestro
1160 3055 1314 3126 postulare,
1334 3058 1444 3114 nullius

233 3108 317 3197 remi
400 3148 420 3172 ⁶⁴
438 3143 538 3198 deuoti
567 3141 650 3196 nous
680 3138 787 3194 conscii
817 3138 874 3191 nm
904 3138 981 3208 quoe
1012 3138 1042 3191 in
1073 3155 1158 3193 eausa
1182 3139 1375 3195 ecclesiastiea
1396 3141 1446 3212 jus

401 3232 419 3254 “
438 3226 520 3282 nobis
532 3225 591 3280 dici
602 3223 728 3295 petimus
740 3222 776 3275 ab
788 3238 822 3276 eo
840 3221 887 3276 oui
905 3222 1058 3277 commissa
1075 3228 1118 3276 est
1136 3221 1302 3278 sollicitudo
1318 3224 1447 3280 omnium
1462 3236 1620 3286 sceatta

401 3316 420 3338 “
439 3310 631 3366 eeclesiarum.
675 3307 786 3377 Itaque,
813 3305 991 3360 sanctissime
1014 3312 1096 3376 peter
1120 3310 1149 3360 et
1173 3305 1300 3372 domine,
1329 3308 1355 3362 si
1380 3309 1450 3379 quid

399 3398 418 3420 “
439 3392 557 3466 potestis
587 3390 723 3461 adjuvate
752 3405 812 3443 nos.
849 3387 955 3443 Omnia
984 3389 1062 3443 enim
1093 3388 1213 3459 potestis
1245 3406 1298 3459 pro
1324 3391 1448 3459 justitia,
1466 3387 1610 3434 miv-1³·

400 3480 419 3504 “
438 3478 513 3532 siout
533 3475 679 3547 apostolus
697 3473 733 3527 de
756 3490 786 3527 se
806 3472 855 3527 ait.
891 3471 954 3526 Nos
978 3477 1075 3526 autem
1092 3489 1231 3544 pauperes
1256 3473 1367 3528 Christi
1391 3492 1450 3528 non

400 3563 419 3586 “
439 3577 535 3615 rernm
561 3563 709 3613 momenta
735 3573 835 3610 sumus
862 3571 914 3626 pro
938 3555 1041 3626 quibus
1069 3554 1171 3609 debeat
1199 3555 1330 3626 dignatio
1355 3564 1452 3613 restra

400 3646 420 3671 “
440 3661 507 3698 cum
536 3640 716 3713 principibus
747 3637 894 3701 dimicare,
920 3637 970 3691 sed
997 3636 1082 3691 officii
1106 3638 1192 3692 vestri
1219 3639 1243 3693 si
1269 3641 1363 3710 placet
1390 3659 1450 3696 me·
1539 3642 1547 3663 ³

401 3731 532 3782 “mores
561 3731 660 3780 estote.
703 3723 742 3777 Et
772 3722 847 3777 siout
879 3719 1014 3792 egregie⁸
1046 3721 1107 3776 Deo
1138 3722 1299 3793 inspirante
1334 3725 1451 3796 egregie

401 3813 417 3836 ‘⁴
438 3809 575 3881 eoepistis,
601 3808 669 3879 Ipso
692 3805 857 3877 adjuvante,
883 3804 1000 3876 speciali
1025 3805 1093 3860 filie
1117 3809 1220 3861 vestras
1246 3807 1451 3864 Oautnariensi

401 3896 418 3920 “
438 3892 567 3948 eoelesiae
584 3891 716 3946 miserius
733 3893 870 3944 amovete.
905 3887 1009 3943 Valeat
1026 3896 1056 3943 et
1073 3890 1172 3960 vigeat
1190 3889 1220 3944 in
1239 3890 1355 3946 Christo
1375 3910 1449 3947 sem·

401 3979 419 4003 ‘⁴
439 3994 491 4048 per
520 3975 657 4031 sanctitas
680 3978 777 4028 vestre
806 3977 840 4027 nt
863 3990 915 4044 per
944 3989 1008 4027 eam
1039 3979 1137 4028 nostra
1163 3973 1293 4029 deleatur
1323 3977 1449 4031 miseria.

403 4063 421 4087 “
441 4059 564 4114 Amen.‘'

232 4167 365 4261 affirm
445 4155 535 4219 Dum
572 4154 677 4241 igitur
713 4152 870 4240 praefatus
904 4152 1083 4219 monachus
1118 4156 1339 4222 venerabilem
1378 4158 1453 4223 Hu-

233 4280 369 4361 aeffiggr·
401 4258 530 4322 bertum
565 4257 836 4324 Cantuariensem
869 4255 1152 4343 arehiepiscopum
1190 4258 1336 4324 breviter
1373 4262 1452 4345 quia

233 4368 368 4465 {1⁹5}th
401 4358 566 4424 inutiliter
588 4358 816 4444 alloqueretur,
833 4358 1040 4423 contumeliis
1061 4359 1196 4423 tandem
1217 4359 1354 4425 affectus
1376 4383 1450 4447 pro·

401 4465 531 4546 peraret
552 4461 595 4526 ad
618 4481 736 4547 regem,
754 4481 813 4525 rex
836 4465 979 4525 oestrum
1003 4460 1132 4526 comitis
1155 4459 1346 4547 Engolismi,
1362 4464 1451 4548 quod

436 4712 612 4779 wamma]
638 4710 757 4777 epistole
769 4710 901 4772 cantuar„
984 4709 1173 4776 ²eonseqim]
1189 4711 1284 4761 om.B.

403 4795 572 4857 No.1›xr.‚p.
586 4796 643 4842 480.
984 4789 1115 4856 ³e9re95e]
1130 4804 1180 4840 om.
1193 4790 1223 4842 O.
