3544 5724
679 847 792 899 ornas
814 847 1006 898 aaronica
1315 828 1357 899 17

301 1030 475 1099 obfuscare.
523 1031 680 1099 Pmoessu
702 1053 782 1098 vero
808 1031 965 1117 temporis
991 1029 1096 1094 fide
1087 1050 1159 1116 ipsa
1184 1031 1239 1094 in
1235 1029 1357 1096 multi·
1385 1057 1504 1154 ''¹²ng
1476 1071 1514 1102 m-

300 1134 414 1199 tudine
430 1134 566 1219 quidem
588 1140 751 1201 crescente
774 1134 863 1198 sed
854 1155 890 1197 m
912 1131 1050 1218 singulis
1073 1132 1141 1197 fere
1160 1138 1414 1218 tepescente,
1388 1110 1495 1207 ιῖιῗιὶιῗῖἶῗ

300 1238 334 1302 in
364 1244 553 1303 sanctorum
592 1244 704 1303 temen
734 1238 815 1301 meri
817 1236 860 1302 tis
817 1235 1110 1303 tconfessorum
1150 1235 1256 1301 lucem
1286 1257 1354 1303 suae
1396 1208 1506 1309 blachis

299 1338 459 1405 claritatis
489 1338 641 1405 ostendit
689 1338 808 1424 Sisque
838 1338 995 1424 temporis
1019 1358 1170 1423 processu
1194 1338 1355 1424 paulatim
1366 1311 1487 1391 anem
1491 1323 1525 1364 γ’

299 1443 401 1558 acepit
435 1442 546 1508 fervor
575 1440 630 1506 ille
665 1441 743 1505 fidei
773 1445 1014 1526 tepescerent
1047 1460 1120 1505 raro
1152 1441 1357 1506 inveniretur

300 1545 357 1628 qui
375 1544 468 1629 juste
490 1549 525 1608 et
554 1548 666 1609 sancte
690 1543 835 1607 vivendo
865 1542 971 1608 vitam
1002 1542 1136 1606 duceret
1165 1542 1236 1606 sine
1263 1543 1356 1609 vitio.

299 1645 399 1711 Nune
428 1651 542 1711 numm
573 1646 609 1709 in
638 1644 746 1721 fine,
737 1665 838 1709 rmmo
865 1643 934 1709 et
926 1666 960 1708 m
988 1642 1075 1720 faece,
1102 1649 1287 1729 temporum
1311 1646 1357 1711 sic
1369 1660 1470 1754 aaran

298 1748 343 1813 ad
365 1747 453 1813 mala
474 1748 695 1834 perpetranda
717 1746 901 1823 festinatur,
920 1753 959 1811 ut
981 1745 1105 1811 nescire
1128 1746 1265 1810 crimina
1295 1748 1386 1813 ιιι-ι
1369 1716 1436 1806 iiiia

298 1871 375 1915 men
399 1871 470 1914 esse
494 1849 655 1914 videatur.
701 1849 773 1914 Nec
801 1848 1004 1914 solummodo
1031 1847 1191 1913 seculares
1215 1850 1356 1934 peccatis

297 1953 499 2028 deserviunt,
514 1951 732 2017 verumetiam
755 1951 897 2018 ccclesiae
921 1950 1058 2037 praelati,
1080 1950 1170 2036 gula>
1196 1951 1356 2017 illecebris

296 2062 332 2120 et
362 2054 556 2141 cupiditatis
586 2054 726 2120 nexibus
756 2053 894 2130 astricti,
925 2053 1142 2139 cupiditatem
1173 2053 1354 2138 palliantes,

291 2157 462 2243 justitiam
503 2156 663 2234 vendunt,
701 2155 861 2222 victualia
898 2154 1098 2242 pauperibus
1121 2155 1290 2222 auferunt
1320 2162 1354 2222 et

295 2259 417 2325 sciuris
441 2258 603 2335 tribuunt,
620 2257 770 2323 subditos
793 2257 989 2344 perturbant
1004 2278 1086 2342 quos
1108 2256 1218 2323 fovere
1234 2258 1353 2325 debue-

295 2368 382 2436 rant,
398 2366 433 2426 et
464 2359 629 2426 Crantoris
659 2359 866 2425 dulcedinem
896 2363 1137 2446 postponentes,
1153 2359 1189 2425 in
1215 2362 1353 2425 terrenis

295 2463 476 2540 desideriis,
493 2464 594 2527 immo
617 2462 765 2539 miseriis,
781 2462 994 2528 delectantur.
1041 2460 1178 2527 Ducunt
1200 2463 1236 2526 in
1259 2463 1354 2528 bonis

295 2565 368 2631 dies
383 2587 467 2642 suos,
483 2570 518 2630 et
540 2565 576 2628 in
599 2566 721 2650 puncto
743 2564 787 2630 ad
802 2563 930 2630 inferna
945 2563 1156 2630 descendunt.
1202 2564 1285 2644 Quis
1299 2565 1353 2630 vel

290 2667 405 2752 justus
435 2666 489 2731 bis
519 2666 635 2732 diebus
664 2666 828 2752 apostolos
859 2666 913 2731 vel
943 2671 1105 2751 martyres
1128 2670 1180 2731 tot
1201 2673 1237 2732 et
1258 2672 1354 2733 tanta

294 2776 463 2837 tormenta
499 2769 703 2846 ιιιιιιίιιιιὶιιιιθ,
733 2770 809 2855 quis
841 2774 991 2837 nostrum
1025 2774 1156 2835 sanctos
1186 2768 1249 2835 Dei
1271 2769 1353 2836 talia

294 2873 402 2939 credit
431 2872 545 2939 fecisse
575 2872 756 2938 miracula?
801 2871 886 2938 Cum
913 2872 1079 2958 passiones
1105 2872 1160 2937 vel
1183 2894 1353 2940 conversa·

293 2975 403 3041 tiones
433 2974 633 3041 miraculose
662 2980 849 3041 sanctornm
873 2974 1037 3061 leguntur,
1052 2975 1173 3040 fictitia
1196 2975 1250 3041 vel
1275 2998 1395 3062 apo-an
1366 2990 1451 3035 ιιιοιιι
1421 2990 1500 3084 antip

294 3078 379 3143 cn'fa
415 3076 459 3142 ab
496 3077 660 3163 imperitis
691 3082 726 3142 et
758 3076 935 3142 incredulis
969 3098 1038 3143 esse
1073 3077 1237 3143 dicuntur
1286 3078 1352 3145 Sed
1365 3091 1393 3187 εὑ
1366 3041 1496 3195 Ἤῖωἶι
1441 3146 1505 3195 W

294 3180 413 3245 beatus
445 3185 574 3264 martyr
604 3178 739 3245 ιιοιιιιι1
761 3178 904 3245 Thomas
926 3179 968 3243 de
1001 3178 1105 3265 gloria
1138 3179 1276 3246 seculari
1309 3142 1406 3246 adthe
1506 3175 1511 3188 '

294 3287 444 3347 sanctem
466 3281 666 3367 religionem,
683 3282 724 3346 dc
738 3287 869 3347 terreno
884 3280 1008 3367 palatio
1030 3282 1073 3346 ad
1096 3281 1239 3348 ecclesiis
1262 3284 1401 3369 prin·

294 3384 453 3468 cipetum,
476 3382 517 3448 ds
547 3384 639 3469 regio
673 3383 835 3449 famulatu
858 3384 901 3448 ad
924 3383 989 3449 Dei
1011 3384 1184 3449 servitium
1207 3392 1350 3465 vocatus,

294 3485 493 3551 fidelitatem
516 3476 616 3570 quam
639 3485 710 3571 regi
733 3489 862 3551 terreno
894 3485 1056 3571 ingloria
1078 3486 1216 3551 seculari
1238 3488 1352 3552 minis·

293 3587 544 3674 traveratRegi
560 3610 683 3673 regum,
704 3587 775 3653 Deo
797 3587 929 3665 scilicet,
945 3593 1056 3654 mente
1079 3582 1199 3654 devota
1220 3612 1350 3656 servare

293 3689 474 3775 proposuit.
521 3689 681 3756 Mandata
703 3689 815 3774 itaquo
838 3689 973 3754 Domini
996 3690 1048 3757 sui
1071 3691 1249 3776 inquibus
1271 3692 1350 3757 viri-

292 3791 373 3856 liter
394 3797 481 3857 stare
502 3792 713 3877 cogitaverat,
738 3792 951 3857 multitudine
978 3793 1136 3858 vitiorum
1159 3796 1351 3879 pessundari
1464 3864 1467 3869 ,

292 3894 505 3979 conspiciens,
529 3894 740 3960 vehementer
771 3895 915 3960 indoluit
948 3901 983 3960 et
1013 3895 1170 3961 audacter
1201 3898 1350 3964 resistere

293 3996 427 4081 incepit.
483 3995 637 4062 Sentiens
667 4002 778 4061 autem
803 4018 837 4062 se
859 3996 965 4062 solum
988 4002 1040 4062 tot
1062 3998 1352 4087 malignitatibus²

292 4119 363 4163 non
393 4119 487 4183 posse
516 4098 675 4174 resistere,
698 4119 763 4183 quo
797 4098 904 4163 tutius
934 4099 1114 4185 principem
1138 4102 1253 4165 mundi
1276 4123 1350 4166 cum

292 4199 448 4264 omnibus
467 4200 667 4266 satellitibus
689 4200 757 4266 suis
780 4205 815 4264 et
837 4202 965 4286 pompis
987 4200 1173 4280 debellaret,
1189 4225 1293 4289 usque
1316 4205 1351 4268 in

291 4300 504 4387 septennium
535 4302 679 4369 lacrimis
713 4309 747 4368 et
780 4302 985 4368 orationibus
1016 4305 1170 4370 insistens
1192 4307 1349 4373 exnerit.

293 4402 445 4488 Septimo
467 4403 601 4488 quidem
634 4424 723 4470 anno
757 4403 895 4480 rediens,
917 4411 953 4470 et
979 4404 1050 4489 jam
1077 4406 1117 4471 de
1140 4407 1276 4473 Domini
1298 4410 1351 4473 sui
1422 4444 1424 4447 ·

292 4504 396 4590 Regis
418 4506 534 4570 aetemi
555 4505 720 4591 adjutorio
742 4526 874 4571 securus
897 4507 1051 4584 existens,
1073 4528 1169 4574 omne
1191 4510 1349 4575 vitiosum

839 4658 994 4667 mmo-n...-
1019 4661 1065 4668 .--
1082 4662 1158 4670 0⁴4...-

430 4728 439 4762 ¹
451 4731 545 4797 noster]
560 4747 611 4781 orn.
624 4733 653 4781 B.
664 4752 671 4793 ;
689 4731 736 4782 ins.
748 4732 778 4783 C.

390 4888 411 4930 ι
420 4808 662 4931 asstipulantur]
672 4811 879 4876 malignantibus,
889 4812 920 4862 B.
930 4831 937 4871 3
955 4812 1162 4878 malignitatibus,
1174 4816 1214 4958 cp
