3662 5728
718 867 1044 920 ornusmsromcs
1337 854 1403 927 217

388 1056 587 1131 “Inprimis
611 1057 730 1131 exigent
754 1057 878 1114 barones
903 1061 1034 1114 errantes
1056 1054 1192 1114 vndium¹
1218 1061 1249 1112 et
1269 1024 1404 1130 plegium
1431 1068 1488 1114 nn.
1495 1069 1554 1115 nto.

351 1144 372 1172 “
390 1145 428 1199 ab
446 1144 583 1200 omnibus
599 1142 823 1201 vicecomitibus
841 1142 892 1216 qui
910 1142 1029 1199 fuerunt
1045 1140 1231 1199 vicecomites
1249 1144 1403 1214 postquem
1415 1130 1545 1237 ffiffl‘ff

351 1229 441 1288 “rex
464 1225 700 1283 transfretavit
691 1244 723 1281 ιιι
747 1225 969 1290 Normenniam‚
991 1231 1021 1281 et
1046 1224 1083 1282 eb
1108 1224 1242 1281 omnibus
1265 1223 1316 1298 qui
1338 1230 1405 1297 post

351 1311 553 1368 “terminum
575 1310 802 1366 illuminerunt
825 1309 929 1366 bailivi
952 1313 982 1365 et
1005 1309 1134 1366 ministri
1158 1310 1277 1365 illorum
1303 1326 1404 1380 quom·

350 1396 369 1423 ‘¹
388 1411 512 1466 cumque
529 1392 648 1450 bailium
665 1393 702 1448 de
720 1393 782 1449 illie
802 1394 976 1460 habuerunt,
998 1399 1028 1449 et
1052 1394 1089 1449 ab
1114 1391 1250 1449 omnibus
1274 1392 1404 1464 illisqui

347 1479 369 1507 “
388 1484 454 1551 post
462 1477 623 1534 terminum
634 1476 721 1533 illum
732 1477 915 1547 [tenuerunt]
922 1476 1090 1533 hundredcs
1101 1477 1253 1544 baronum,
1263 1495 1335 1550 quos
1346 1477 1404 1550 ipsi

349 1563 368 1588 ‘⁸
387 1562 497 1617 habent
508 1561 540 1616 in
558 1561 755 1628 comitatibus,
770 1561 833 1617 sive
850 1560 917 1617 illos
934 1561 1102 1618 habuerunt
1119 1562 1157 1618 ud
1168 1561 1284 1618 firmum
1298 1561 1404 1617 sivein

348 1647 368 1673 ‘⁴
387 1645 537 1712 custodis3
557 1644 635 1716 quod
658 1651 745 1701 erunt
768 1662 867 1700 ocrem
885 1644 1003 1702 domino
1021 1663 1093 1715 rege
1110 1645 1158 1701 die
1174 1663 1261 1718 quem
1279 1645 1339 1719 ipsi
1361 1646 1404 1704 eis

347 1730 367 1757 ‘⁴
387 1728 566 1785 constituent
585 1728 623 1783 ed
639 1733 756 1785 rectum
773 1728 939 1785 faciendum
958 1734 988 1784 et
1007 1728 1237 1785 eddreciendum
1256 1729 1284 1785 ei
1303 1735 1335 1785 et
1351 1730 1404 1787 bo·

347 1814 365 1841 ‘⁸
382 1811 514 1868 minibus
541 1810 603 1868 suis
621 1811 699 1885 qued
717 1811 887 1872 eddreciure
905 1812 1066 1869 debuerint.
1103 1812 1143 1867 Et
1166 1812 1193 1868 si
1216 1812 1403 1870 vicecomites

347 1898 367 1924 ⁴⁴
386 1901 454 1952 unte
472 1896 540 1952 illos
558 1895 659 1952 venire
676 1912 735 1952 non
752 1896 877 1968 possint,
897 1895 1020 1952 mittent
1036 1896 1101 1952 loco
1127 1913 1181 1953 sno
1206 1896 1257 1969 qui
1281 1913 1336 1967 pro
1360 1898 1403 1961 eia

346 1980 365 2007 ‘⁴
384 1978 587 2052 respondeant,
609 1985 639 2035 et
663 1979 709 2035 illi
734 1980 806 2035 dent
829 1978 949 2034 vedium
967 1985 998 2036 et
1018 1978 1132 2053 plegios
1149 1978 1325 2037 sufficientes
1349 1998 1402 2052 pro

347 2064 367 2092 “
385 2063 616 2130 vicecomitibus,
635 2068 665 2118 et
689 2079 742 2134 pro
768 2080 799 2118 se
823 2061 904 2134 ipsis,
925 2062 1004 2136 quod
1028 2062 1137 2118 facient
1161 2079 1260 2119 corum
1285 2064 1403 2121 domiuo

346 2148 367 2176 ‘⁴
385 2164 457 2219 rege
480 2148 537 2202 hoc
565 2147 642 2219 qnod
659 2147 846 2204 vicecomites
870 2146 968 2202 fecere
986 2146 1112 2203 debent²
1129 2145 1166 2202 ed
1193 2147 1272 2203 diem
1297 2149 1404 2205 consti·

347 2232 367 2260 ‘⁴
385 2235 493 2288 tutum.
530 2231 635 2287 Postee
653 2232 772 2304 cupient
789 2235 1006 2287 sacromentum
1024 2231 1061 2286 ab
1079 2230 1217 2287 omnibus
1235 2231 1401 2300 baronibus,

346 2315 368 2344 “
385 2313 531 2371 militibus
548 2320 579 2371 et
596 2314 697 2371 liberis
714 2314 883 2370 hominibus
901 2313 938 2370 de
956 2313 1099 2370 comitutu
1120 2318 1151 2370 et
1173 2314 1288 2371 caeteris
1308 2315 1402 2372 homi·

347 2400 367 2426 ‘⁶
386 2397 474 2454 nibus
501 2403 532 2454 et
556 2398 593 2454 ab
614 2398 748 2454 omuibus
772 2397 885 2455 civibus
912 2401 943 2453 et
967 2398 1176 2470 burgensibus,
1197 2399 1275 2471 quod
1297 2416 1402 2456 verum

347 2482 366 2508 ‘⁴
385 2479 485 2538 dicent
505 2480 542 2538 de
559 2481 616 2538 hoo
633 2480 712 2552 quod
727 2480 766 2536 ab
785 2480 827 2537 eis
847 2480 1014 2552 inquiretur
1032 2499 1068 2537 ex
1085 2486 1169 2554 purte
1186 2481 1298 2538 domini
1315 2482 1402 2557 regis,

346 2566 367 2592 ‘⁸
386 2569 416 2620 et
441 2564 519 2637 quod
542 2581 602 2620 non
619 2564 755 2620 celabunt
772 2564 930 2620 veritatem
953 2581 1050 2635 neque
1074 2581 1128 2636 pro
1152 2563 1278 2635 alicujus
1302 2581 1402 2622 umore

347 2649 365 2675 ‘⁴
385 2665 440 2704 uec
460 2648 537 2715 odio,
555 2665 609 2704 nec
628 2664 726 2720 prece,
743 2664 798 2703 nec
815 2647 919 2719 pretio,
938 2665 993 2704 nec
1011 2649 1126 2715 timore,
1145 2665 1200 2704 nec
1223 2665 1277 2720 pro
1300 2647 1402 2722 aliqua

348 2732 367 2759 “
383 2730 586 2841 promissione,
602 2748 656 2787 nee
673 2747 727 2803 pro
745 2730 808 2785 ullu
824 2748 866 2786 re.

383 2814 441 2869 “L
460 2813 498 2870 In
513 2814 619 2888 primis
636 2813 803 2886 inquiretur
818 2814 855 2871 de
870 2813 1091 2871 vicecomitibus
1108 2819 1140 2871 et
1157 2814 1274 2873 bailivis
1290 2833 1399 2882 eorum,
1413 2819 1546 2864 eruemur

346 2899 367 2926 ‘⁴
386 2896 457 2970 quid
474 2899 522 2955 vel
540 2902 683 2970 quantum
701 2897 867 2969 occeperint
891 2898 927 2955 de
952 2898 1079 2970 singulis
1103 2898 1263 2956 hundmdis
1287 2905 1318 2956 et
1342 2900 1401 2956 siu·
1391 2856 1562 2924 mmm

347 2982 367 3010 ‘⁸
384 2981 464 3053 gulis
481 2980 591 3038 villatis
609 2986 640 3038 et
663 2981 788 3053 singulis
811 2980 979 3038 hominibus
996 2988 1149 3056 postquem
1169 2999 1221 3038 rex
1243 2983 1401 3041 novissime

347 3064 368 3092 “
384 3064 587 3123 transfretavit
610 3065 642 3121 in
658 3064 885 3131 Normeuniem,
904 3064 983 3121 unde
1007 3069 1087 3142 terra
1113 3065 1160 3122 vel
1177 3065 1310 3123 homines
1334 3084 1401 3139 gre·

346 3148 367 3176 “
386 3147 448 3204 veti
475 3154 563 3214 sunt;
591 3153 622 3205 et
648 3147 719 3220 quid
745 3149 914 3220 acceperint
937 3165 991 3220 per
1008 3147 1157 3221 judicium
1181 3149 1336 3206 comitatus
1353 3152 1401 3207 rel

347 3231 366 3257 ‘⁴
386 3230 541 3300 hundredi,
561 3237 592 3288 et
617 3231 689 3305 quid
713 3232 775 3288 aine
794 3232 916 3303 judicio.
954 3233 993 3289 Et
1018 3232 1096 3305 quod
1120 3233 1309 3305 inquisierint
1335 3252 1401 3307 cup

348 3313 367 3339 ‘⁴
385 3319 450 3370 tum
477 3332 539 3371 esse
565 3333 617 3387 per
638 3315 785 3388 judicium
812 3315 959 3371 scribetur
986 3315 1153 3388 separatim,
1180 3321 1211 3372 et
1238 3317 1316 3390 quod
1338 3318 1402 3373 sine

348 3398 367 3424 “
381 3397 495 3470 judicio
513 3399 650 3455 similiter
667 3398 828 3471 seperatim
845 3399 996 3455 scribetur.
1035 3400 1074 3456 Et
1098 3399 1134 3454 de
1157 3400 1293 3457 omnibus
1314 3401 1401 3472 priuis

351 3481 369 3506 “
388 3480 538 3553 inquirent
555 3500 673 3539 causum
690 3491 720 3539 et
736 3482 945 3538 testimonium

387 3564 461 3620 “.II
482 3565 625 3621 Similiter
642 3566 808 3637 inquiratur
825 3571 896 3637 quot
913 3571 943 3621 et
955 3584 1025 3639 quas
1043 3571 1135 3623 terras
1152 3567 1336 3625 vicecomites
1353 3570 1403 3625 vel

351 3648 370 3673 ‘⁴
388 3647 490 3705 beiliri
507 3666 608 3705 eornm
626 3649 759 3716 emerint,
779 3648 828 3705 vel
847 3649 1068 3706 invudiuverint.

387 3732 479 3789 “.ΠΙ
499 3732 643 3790 Similiter
661 3733 826 3806 inquiretur
844 3731 880 3787 de
898 3732 1132 3806 archiepiscopis,
1145 3733 1295 3807 episcopis,
1310 3688 1401 3792 'abba-

351 3815 370 3840 “
388 3814 475 3881 libus,
493 3808 655 3891 prioribus,
667 3817 832 3880 comitibus,
850 3817 1014 3884 baronibus,
1034 3818 1228 3882 vavassoribus,
1246 3819 1399 3885 militibus,

351 3900 370 3925 ‘⁴
388 3898 510 3968 civibus,
530 3899 731 3972 burgensibus,
751 3907 901 3956 eteorum
919 3902 1093 3968 senescallis,
1113 3902 1277 3974 praepositis
1296 3907 1327 3957 et
1346 3903 1400 3958 mi·

350 3983 369 4008 ‘⁴
388 3982 499 4049 sistris,
527 3983 598 4056 quid
625 3986 672 4040 vel
690 3990 832 4057 qucntum
858 3984 1023 4056 acceperint
1047 4003 1100 4056 per
1126 3992 1219 4041 terras
1245 4004 1312 4042 suus
1336 3991 1403 4058 post

349 4066 549 4123 “terminum
566 4068 767 4139 supradictum
792 4068 829 4122 de
854 4067 980 4139 singulis
1005 4068 1165 4124 hundredis
1189 4070 1250 4124 suis
1275 4072 1322 4126 vel
1346 4070 1400 4125 vil·

350 4149 369 4173 ‘⁴
387 4148 456 4204 lutis
478 4156 509 4205 et
531 4149 568 4206 de
589 4150 715 4221 siugulis
734 4149 903 4206 hominibus
924 4149 994 4217 suis,
1017 4168 1070 4222 per
1090 4151 1245 4221 judicium,
1269 4153 1315 4208 vel
1339 4153 1402 4209 sine
1443 4144 1447 4151 ’

349 4232 368 4257 “
383 4231 506 4303 judicio.
544 4235 583 4289 Et
607 4251 706 4290 omues
731 4234 835 4305 prisce,
862 4239 892 4289 et
918 4250 1029 4301 census,
1055 4237 1085 4290 et
1111 4234 1274 4290 occasiones
1300 4253 1400 4292 esrum

349 4317 367 4341 ‘⁸
387 4316 517 4373 scribent
534 4317 698 4389 sepamtim.

384 4400 402 4426 ‘¹
416 4399 493 4454 1111.
513 4399 656 4456 Similiter
673 4400 840 4473 inquiratur
857 4399 893 4456 de
911 4401 1047 4457 omuibus
1065 4399 1126 4456 illis
1145 4400 1197 4473 qui
1217 4406 1284 4474 post
1301 4401 1401 4458 termi-

349 4483 368 4510 ‘⁴
386 4500 460 4539 num
484 4482 571 4539 illum
596 4484 762 4540 habuerunt
786 4484 900 4556 aliquus
925 4484 1028 4541 bsilice
1052 4484 1088 4540 tle
1111 4501 1182 4556 rege
1203 4485 1234 4540 in
1259 4485 1400 4553 custodie,

1308 4656 1398 4666 ...-

381 4765 515 4834 ῑιαιὶίιιιιι]
530 4764 687 4832 vigisimae„
703 4765 733 4815 B.
783 4827 787 4836 ·
875 4763 881 4832 Ι
927 4762 1053 4833 'debenq
1066 4764 1239 4826 deberentc.
