3628 5728
428 910 492 971 422
637 922 797 971 suavssn
820 922 983 971 nonnoni
1006 921 1282 970 caurumrnusrs

330 1139 336 1152 ·
397 1137 403 1148 ·
430 1109 449 1131 “
469 1107 579 1161 tionem
598 1107 846 1162 excommunicare
864 1108 912 1164 vel
929 1106 1105 1179 suspendere
1117 1106 1246 1173 voluisti,
1260 1107 1367 1163 habeas
1383 1107 1464 1162 niohr

302 1170 340 1200 sn.
376 1188 382 1199 '
431 1190 595 1245 “lominus
621 1191 785 1257 absolutos,
806 1197 837 1246 et
860 1191 996 1247 universa
1020 1207 1085 1261 quie
1110 1198 1177 1262 post
1201 1190 1426 1263 appellationem
1452 1190 1482 1244 in

432 1278 450 1301 ‘¹
471 1292 571 1329 eorum
599 1292 758 1346 gravamen
784 1281 852 1331 sunt
879 1280 1059 1346 attemptata,
1091 1274 1228 1330 videlicet
1259 1275 1307 1329 in¹
1333 1275 1483 1330 invasione

431 1362 449 1386 “
469 1359 607 1413 villarum
626 1365 656 1414 et
680 1357 896 1431 possessionum
914 1375 1041 1424 suarum,
1062 1357 1210 1414 redituum
1233 1376 1347 1430 quoque
1365 1364 1395 1414 et
1413 1358 1483 1414 alio·

431 1445 449 1467 “
470 1459 536 1497 rum
555 1459 618 1513 quse
637 1450 704 1496 ante
716 1441 941 1513 appellationem
958 1441 1130 1505 habuerant,
1144 1446 1174 1496 et
1191 1440 1337 1496 ablatione
1348 1441 1484 1496 similiter

430 1527 450 1550 “
470 1523 592 1579 aliarum
609 1541 718 1589 rerum,
738 1523 769 1578 in
788 1528 897 1578 statum
914 1524 1073 1595 pristinum
1092 1528 1220 1579 cenante
1241 1523 1435 1595 appellatione
1453 1527 1483 1577 et

431 1607 698 1664 “contradictione
725 1606 856 1661 reducas.
894 1606 942 1661 Ad
971 1607 1042 1671 haec,
1069 1608 1138 1678 quia
1167 1606 1327 1662 secundum
1359 1606 1482 1662 formam

262 1701 396 1747 flenruidr
432 1694 450 1717 “
466 1691 543 1762 juris
563 1695 627 1762 post
647 1689 871 1762 appellationem
888 1689 980 1744 nichil
1002 1695 1048 1745 est
1073 1688 1282 1756 innovandum,
1301 1690 1436 1746 volumus
1454 1695 1485 1746 et

261 1752 408 1855 fflngme'ssw
431 1781 448 1803 “
470 1776 655 1847 precipimus
674 1780 707 1830 ut
724 1773 869 1846 pendente
891 1773 1003 1844 judicio
1027 1774 1059 1828 in
1077 1773 1236 1829 eorundem
1254 1775 1379 1830 fratrum
1397 1774 1483 1830 detai-

429 1861 448 1885 “
468 1863 598 1912 mentum
616 1856 694 1911 circa
711 1860 820 1910 statum
839 1855 1008 1910 monasterii
1031 1855 1122 1910 nichil
1148 1856 1267 1911 omnino
1291 1863 1407 1928 satagas
1430 1856 1483 1911 im·

430 1945 448 1968 “
469 1945 592 1995 mutare.
629 1937 769 2008 Alioquin
795 1955 883 2009 grave
909 1937 994 1992 nobis
1021 1938 1158 1994 existeret
1185 1939 1279 1993 modis
1302 1939 1437 1994 omnibus
1454 1944 1485 1994 at

431 2026 449 2051 “
469 2023 635 2086 molestum,
653 2038 707 2076 nec
732 2037 880 2093 possemus
898 2021 960 2075 sine
979 2020 1146 2076 cohertiona
1165 2021 1264 2077 debita
1281 2022 1484 2093 aequanimiter

430 2109 449 2132 ‘¹
470 2105 622 2161 sustinere.
662 2104 770 2159 Datum
790 2104 875 2160 Senis
893 2105 966 2159 vii¹¹'⁰
984 2104 1122 2160 kalendas
1141 2105 1305 2170 Februarii,
1324 2104 1484 2162 indictione

432 2192 450 2215 ‘⁶
470 2188 580 2243 sexta.’‘

260 2280 416 2382 &affige
473 2270 622 2355 Expavit
641 2269 716 2335 ilico
732 2269 945 2335 vehementer
966 2271 1229 2358 archiepiscopus
1252 2277 1287 2338 et
1309 2271 1483 2338 incanduit

260 2380 415 2475 gpiffiggitpips
428 2393 511 2449 curn,
549 2371 736 2436 astantibus
775 2372 903 2437 duobus
940 2372 1111 2459 episcopis,
1148 2373 1304 2459 praefatas
1352 2374 1483 2440 litteras

428 2474 536 2550 nudae,
568 2495 667 2558 quam
706 2478 912 2558 exposuerat,
935 2475 1050 2539 manui
1086 2496 1156 2540 suae
1195 2476 1307 2541 subito
1344 2475 1484 2541 sentiret

429 2576 582 2640 intrusus.
629 2574 715 2640 Cum
747 2580 860 2640 autem
891 2575 1116 2641 dissimularet
1142 2583 1177 2641 et
1199 2577 1330 2641 easdem
1353 2575 1483 2642 litteras

428 2676 543 2743 audire
574 2683 610 2741 et
646 2697 839 2762 responsum
877 2676 1012 2742 reddere
1046 2676 1209 2762 portitori,
1247 2677 1288 2743 de
1326 2677 1484 2764 porrectis

427 2778 578 2865 legaliter
609 2776 731 2842 litteris
764 2778 944 2863 assumptis
975 2778 1125 2857 testibus,
1149 2779 1329 2845 monachus
1351 2780 1484 2846 recessit

428 2886 463 2945 et
479 2879 693 2946 Cantuariam
708 2880 906 2965 properavit
946 2879 1028 2946 Haec
1043 2880 1119 2946 ilico
1134 2881 1292 2947 mandato
1306 2881 1484 2967 apostolico

429 2981 616 3046 reverentia
646 2979 798 3046 exhibita
829 2986 887 3058 est,
922 2986 962 3045 ut
992 2987 1218 3067 procuratores
1248 2982 1483 3069 archiepiscopi

429 3082 617 3148 convocatis
639 3081 831 3146 hominibus
854 3081 970 3147 multis
988 3083 1029 3147 de
1044 3082 1136 3148 villis
1150 3083 1386 3170 archiepiscopi
1408 3106 1483 3150 cum

261 3197 371 3291 ppsspew
429 3183 641 3249 festinatione
663 3183 769 3249 nimia
790 3183 878 3248 fossa
899 3183 969 3250 lata
991 3189 1026 3249 et
1047 3184 1212 3270 profunda
1234 3185 1393 3273 capellam
1416 3185 1484 3252 cin-

260 3258 380 3391 {3233
429 3289 554 3371 gerent,
585 3290 620 3348 et
649 3284 763 3349 domos
793 3284 994 3364 clericorum,
1010 3293 1046 3352 et
1067 3292 1180 3373 portas
1209 3292 1374 3373 aptarent,
1396 3286 1485 3353 acsi

262 3398 415 3449 uresamp.
430 3392 538 3454 castra
567 3386 807 3452 constituerent
836 3386 879 3453 ad
901 3386 1116 3453 obsidendam
1140 3387 1363 3454 Gantuariam.
1410 3388 1484 3474 Ipse

430 3486 558 3555 etiam²
579 3487 843 3574 archiepiscopus
876 3489 999 3555 eisdem
1031 3488 1157 3556 clericis
1184 3491 1288 3555 fertur
1318 3489 1484 3577 scripsisse

432 3592 521 3681 quod
542 3590 732 3678 hujusmodi
755 3591 885 3656 litteras
908 3590 1113 3679 suscepisset
1129 3612 1266 3657 monens
1289 3591 1419 3658 eosdem
1442 3614 1484 3658 ne

431 3693 655 3770 formidarent,
678 3690 757 3759 nec⁸
778 3692 989 3777 aliquatenus
1011 3691 1179 3757 edivinia
1201 3699 1372 3759 cessarent

262 3836 418 3881 mim,
479 3796 611 3861 Interea
643 3799 716 3860 tota
753 3793 878 3880 Anglia
903 3795 940 3859 in
974 3793 1092 3859 dandis
1125 3793 1261 3860 decimis
1290 3794 1484 3881 momine

263 3886 418 3932 ‘'mm‘'
432 3904 556 3963 vexata
587 3902 645 3973 est,
672 3901 712 3960 ut
746 3894 929 3962 Christiani
962 3895 1031 3960 lxs
1064 3894 1158 3960 milia
1187 3895 1346 3962 librarum
1379 3902 1414 3962 et
1446 3917 1485 3961 eo

433 3998 577 4086 amplius
599 3997 774 4084 pecuniam
797 3996 924 4074 darent,
951 3996 1064 4062 Judaei
1087 4017 1166 4062 vero
1188 3996 1233 4062 lx.
1256 3997 1356 4063 milia
1414 3995 1486 4063 Nec

433 4102 533 4169 alicui
560 4101 650 4166 ultra
672 4099 876 4166 Parasceuen
908 4098 1010 4166 dandi
1042 4098 1160 4164 dilatio
1183 4099 1263 4165 data
1284 4106 1343 4178 eet,
1365 4106 1486 4187 praeter

434 4228 489 4271 eos
512 4204 569 4290 qui
592 4203 675 4268 duas
698 4222 824 4269 marcas
846 4200 900 4265 vel
923 4200 1065 4288 amplius
1088 4200 1166 4267 darc
1189 4202 1382 4280 debuerunt,
1404 4224 1486 4288 quos

262 4362 398 4408 mom
436 4328 495 4372 rex
526 4305 616 4392 apud
648 4303 853 4370 Londoniam
885 4310 962 4388 post
994 4309 1129 4368 octavus
1163 4302 1297 4369 Paschae
1330 4304 1487 4369 secretius

260 4414 398 4516 cheringe
438 4409 562 4494 alloqui
585 4407 746 4492 cupiebat
793 4405 878 4471 Cum
894 4405 997 4491 igitur
1012 4404 1161 4470 dolerent
1179 4427 1291 4471 omnes
1314 4411 1349 4470 et
1363 4405 1486 4492 singuli

260 4477 346 4518 muns
358 4478 364 4508 r

260 4516 367 4568 Ar1i¹2⁴=
437 4516 477 4581 de
501 4518 595 4579 tanto
625 4510 826 4598 gravamine,
849 4515 884 4576 et
914 4507 1131 4574 formidarent
1152 4506 1287 4594 plurimi
1309 4508 1351 4573 de
1373 4508 1487 4573 futura

447 4678 510 4685 -..-
531 4674 688 4683 ---.-—-—
901 4672 954 4680 φ..

464 4747 525 4814 ῑίιι]
539 4761 589 4796 om.
602 4746 632 4799 C.
1017 4740 1097 4806 ἀ]
1112 4755 1153 4804 aa,
1163 4741 1196 4791 B.

369 4888 372 4893 y
463 4826 571 4891 ἀίω]
586 4830 679 4887 autem,
690 4824 721 4873 B.
