3646 5720
730 984 842 1036 ormi
864 985 1054 1036 nmrosrou
1348 968 1414 1038 227

187 1164 342 1283 ioirffib·
361 1177 380 1210 “
403 1180 458 1239 Dei
476 1184 505 1237 et
522 1180 576 1236 sub
594 1180 789 1248 anathemate,
809 1197 847 1235 no
865 1179 970 1236 alicui¹
988 1197 1024 1237 0¹
1042 1170 1124 1236 meis
1139 1170 1314 1256 (luminam
1334 1166 1414 1232 mali
1443 1171 1567 1279 Aulidiiii'

360 1283 378 1312 “
400 1273 556 1341 feners?
602 1274 664 1341 Ille
687 1279 799 1340 eutem
822 1273 995 1359 paululum
1018 1273 1232 1351 retrocedens,
1255 1272 1566 1379 03300508310ffl0¹¹

358 1398 435 1443 suos
453 1376 525 1462 jam
542 1377 655 1442 adesse
670 1376 879 1462 conspicienS,
897 1384 930 1440 in
948 1391 1036 1455 caput
1053 1382 1263 1455 archiepiscopi
1283 1381 1414 1455 gladium
1425 1385 1566 1430 numerere.

189 1470 278 1522 ΡΜ
359 1477 584 1563 stravitquo
600 1483 866 1540 emisenam-101
883 1475 1034 1560 magistri
1056 1473 1182 1541 sulioec
1199 1479 1336 1537 sennes
1352 1480 1415 1536 fei-0

189 1538 307 1657 inii&
319 1601 348 1653 ii.
359 1580 557 1665 amputavit,
585 1587 747 1662 ipsumque
781 1575 1060 1663 archiepiscopum
1085 1584 1117 1639 in
1144 1583 1249 1656 capito,
1278 1594 1415 1641 excusso

193 1674 248 1720 ¹⁴⁵·
360 1680 468 1766 pilleo,
507 1686 683 1754 vulneravit,
723 1683 758 1743 ct
799 1686 980 1753 exclamavit,
1014 1688 1032 1714 ‘¹
1046 1682 1206 1749 Perennis,
1243 1682 1414 1757 percutite.”

192 1748 235 1798 W·
249 1748 323 1800 σω*
361 1778 541 1837 Extenderat
567 1775 646 1831 enim
673 1775 796 1831 clericus
825 1765 881 1830 illc
908 1773 1062 1830 brachium
1087 1785 1185 1830 suum
1212 1789 1298 1845 super
1324 1778 1414 1844 caput

190 1813 271 1866 Μ’
360 1855 594 1942 archiepiscopi
624 1869 657 1918 ut
686 1862 779 1918 ictum
808 1861 929 1918 elideret
958 1862 1100 1918 ferientis.
1146 1852 1271 1918 Videns
1301 1859 1414 1919 autem

355 1958 428 2045 jam
450 1958 492 2023 de
514 1962 633 2023 caetero
657 1953 799 2020 Sanctus
821 1953 989 2020 vocandus
1011 1953 1126 2020 horum
1153 1976 1222 2021 suae
1251 1956 1413 2042 passionis

360 2060 483 2137 adesse,
506 2065 648 2122 inclinato
671 2060 784 2121 contra
808 2054 960 2121 lictorum
994 2055 1122 2143 gladios
1148 2057 1274 2123 nudato
1305 2059 1415 2138 capite,

360 2169 424 2225 hoec
441 2160 562 2225 ultima
577 2167 667 2224 verba
684 2156 791 2222 dixit:
818 2166 837 2191 ‘⁴
850 2164 912 2220 Deo
936 2169 967 2219 ct
991 2163 1107 2220 Senotae
1132 2165 1235 2221 Mariae
1253 2171 1284 2221 et
1309 2165 1416 2222 Sancto
1429 2176 1551 2223 rhemu-

193 2245 348 2298 rotmiro.
363 2263 382 2288 u
403 2261 535 2317 moninio
561 2265 591 2315 ec
616 2258 724 2314 randis
747 2257 836 2328 hujus
861 2255 989 2312 ecclcsiae
1016 2257 1147 2327 petronis
1174 2257 1346 2314 commendo
1369 2227 1585 2324 mciifflfflt

193 2330 216 2363 θ’
229 2319 269 2363 ²⁴⁸
364 2354 383 2379 “
402 2353 501 2424 ipsum
525 2355 691 2407 etecusam
711 2347 871 2405 ecclcsiae.”
916 2339 1099 2405 Accurrens
1125 2347 1238 2406 autem
1263 2340 1348 2406 alter
1374 2363 1417 2407 ex

363 2447 410 2511 eis
434 2450 469 2511 et
490 2443 541 2510 ἱε2
563 2444 728 2522 loricatus,
750 2464 826 2510 cum
850 2463 972 2528 magno
996 2442 1124 2529 impetu
1149 2443 1297 2530 gladium
1321 2464 1418 2508 suum

194 2546 237 2624 n.
250 2544 324 2595 ΟΜ·
363 2548 400 2612 in
423 2552 543 2612 testam
575 2546 682 2611 sancti
712 2545 870 2632 martyris
892 2543 1087 2630 profundius
1117 2553 1247 2619 incussit,
1275 2550 1310 2610 et
1332 2566 1418 2611 cere-

194 2614 274 2662 Μ’
365 2649 462 2713 brom
496 2648 643 2714 violavit.
690 2655 759 2712 Jcm
787 2654 889 2711 labare
926 2645 1029 2732 coepit
1065 2646 1102 2710 in
1139 2667 1272 2733 corpore
1309 2646 1420 2712 hostio

366 2750 492 2817 Christi
514 2752 573 2817 sed
595 2755 706 2816 mente
727 2750 860 2827 firmior,
883 2755 926 2828 et,
949 2748 1144 2815 ferientibus
1166 2750 1300 2827 secteris,
1324 2751 1419 2836 quasi

365 2852 409 2918 ad
442 2852 624 2917 orationem
656 2852 692 2916 in
725 2851 917 2938 pavimento
950 2855 1135 2937 prostratus
1173 2856 1232 2929 eet,
1266 2851 1420 2917 omnibus

365 2953 522 3020 membris
536 2954 690 3020 decenter
711 2952 908 3038 compositis,
926 2973 965 3018 ac
981 2952 1009 3017 si
1032 2953 1185 3019 manibus
1200 2953 1421 3040 dirigerentur
1433 2969 1561 3065 fimffif‘

366 3054 528 3122 humenis.
577 3055 720 3137 Quidam
750 3060 862 3121 autem
890 3076 932 3120 ex
963 3054 1010 3121 cis
1036 3055 1212 3122 immanior
1232 3057 1360 3121 caeteris
1386 3033 1499 3121 stolii
1541 3031 1581 3063 ω’

366 3156 586 3235 inhumanior,
612 3157 684 3243 jem
711 3157 863 3243 jacentis,
882 3155 953 3242 jam
986 3157 1169 3244 expirantis
1199 3157 1339 3223 testulas
1369 3178 1422 3224 ca·

369 3258 448 3344 pitis
471 3279 552 3344 quus
573 3257 632 3323 ulii
654 3257 840 3323 inciderant
861 3258 1011 3336 abscidit,
1034 3263 1068 3324 ct
1097 3280 1139 3324 ex
1161 3259 1250 3325 facili
1277 3260 1421 3325 transitu

368 3359 598 3445 pavimentum
632 3359 800 3425 offendens
833 3358 936 3446 gladii
967 3360 1135 3447 cuspidem
1167 3361 1274 3448 fregit.
1321 3361 1424 3447 Plaga

370 3464 483 3526 cutem
497 3481 519 3525 a
544 3481 625 3526 cono
649 3461 767 3548 capitis
791 3481 895 3545 usque
919 3461 963 3526 ad
984 3461 1099 3528 cellam
1122 3463 1345 3529 memorialem
1367 3464 1423 3529 de·

370 3561 537 3639 scendens,
552 3567 681 3647 purtem
705 3562 796 3627 illam
820 3561 964 3648 occipitii
986 3562 1136 3649 patulam
1151 3562 1237 3629 fecit.
1277 3564 1425 3630 Accessit

371 3668 536 3749 postremo
563 3663 699 3748 quidam
730 3663 839 3750 Hugo,
871 3684 906 3728 re
937 3670 972 3729 et
1001 3664 1134 3729 nomine
1165 3664 1426 3731 Malus-clericus

203 3775 355 3827 Hannon.
371 3764 565 3851 appellatus,
588 3765 675 3829 ensis
704 3771 858 3845 cuspidem
892 3765 1021 3851 patenti
1055 3773 1143 3844 capiti
1170 3765 1345 3831 crudeliter
1374 3766 1425 3830 in-

201 3842 235 3891 'i‘
249 3848 274 3895 ⁸·
374 3866 501 3952 pressit,
524 3875 676 3931 cerebrum
703 3866 836 3952 penitus
870 3873 1033 3945 dissipavit,
1052 3874 1176 3930 extraxit
1208 3871 1243 3932 ct
1276 3867 1311 3931 in
1346 3877 1425 3948 pavi-

373 3982 506 4032 mentum
528 3987 603 4033 cum
626 3967 757 4033 testulis
779 3973 814 4034 et
836 3968 996 4054 sanguine
1020 3969 1148 4055 sparsit.
1194 3970 1291 4036 Unus
1313 3973 1425 4035 eutem

203 4056 299 4173 33¹3&
373 4090 416 4134 cx
450 4069 505 4147 eis,
539 4078 706 4146 ‘'Eamus”
738 4071 859 4155 inquit,
890 4081 1053 4136 “mortuus
1071 4080 1142 4136 est.”
1188 4070 1233 4136 Et
1265 4072 1426 4137 redeuntes

373 4191 432 4257 per
453 4170 643 4249 claustrum,
666 4180 833 4253 insignum
853 4172 1041 4260 dampnatae
1064 4173 1194 4240 militiae
1216 4196 1285 4240 suae
1307 4174 1427 4239 clama·

373 4272 466 4351 bant,
490 4281 646 4353 '‘Bcgsles
664 4281 785 4348 milites,
804 4282 947 4354 regales.”

417 4373 508 4440 Dum
523 4375 595 4443 brec
616 4375 729 4462 itsque
751 4375 869 4442 fierent
890 4377 927 4440 in
949 4376 1091 4455 ecclesia,
1107 4378 1218 4445 caetcri
1238 4377 1427 4465 malignitc-
1440 4380 1575 4477 iffi&

376 4477 420 4542 ss
444 4476 545 4563 hujus
568 4477 740 4564 compton
755 4477 792 4542 sn
814 4477 938 4564 prisco
953 4478 1044 4545 bean
1066 4480 1222 4566 martyris
1238 4481 1428 4547 senemr.
1439 4445 1480 4487 ¹³¹¹
1569 4462 1575 4476 '

375 4577 465 4645 Nam
480 4578 657 4646 confractis
672 4579 752 4645 seris
768 4584 803 4645 et
816 4579 933 4646 hostiis
948 4582 1103 4667 omnique
1118 4582 1342 4669 suppellectile
1358 4582 1429 4669 ejus

374 4680 549 4766 exquisita,
574 4702 788 4767 quascumque
818 4682 1085 4769 concupiscibilia
1114 4684 1250 4750 fuerunt
1279 4684 1430 4751 tulerunt

409 4916 521 4987 muns]
536 4920 704 4986 suiqnno.
900 4922 905 4989 ε
953 4923 1011 4991 ve]
1026 4923 1144 4987 iin,c.;
1160 4925 1255 4990 num.

1231 5022 1252 5071 r
1274 5010 1295 5072 2
