3646 5720
730 849 843 902 orsas
865 848 1056 900 nrsrosros.
1330 821 1415 903 '229
1443 814 1445 817 ’

263 1087 265 1092 -
362 1037 438 1104 bitu
468 1037 654 1107 monachali
685 1041 721 1105 61
750 1037 857 1105 cilicio
888 1037 1046 1104 inventus
1075 1042 1134 1105 est.
1181 1038 1296 1120 Quis
1286 1060 1323 1105 m
1345 1044 1416 1106 tam
1445 1040 1502 1088 w·
1458 1045 1568 1152 recum

362 1141 527 1227 stupenda
548 1142 676 1208 visione
697 1144 897 1227 temperaret
917 1160 939 1206 a
960 1140 1112 1219 lacrimis,
1132 1162 1209 1207 oum
1230 1141 1336 1228 patris
1357 1163 1416 1228 pa
1428 1108 1513 1253 pli?
1448 1170 1587 1254 Mffi*

362 1243 444 1320 triae,
460 1242 697 1330 archiepiscopi
718 1248 754 1308 ct
774 1241 928 1328 primatis
942 1247 978 1308 ot
999 1242 1102 1329 legati
1123 1243 1282 1311 interiora
1297 1209 1455 1331 eapitisoo
1428 1221 1531 1306 616166

362 1350 434 1410 tam
456 1345 527 1411 dire
549 1345 701 1431 dissipati
723 1343 900 1409 viderent?
887 1344 1068 1425 lQuis
1058 1366 1195 1431 mquam
1217 1352 1417 1434 temperaret

363 1467 384 1512 a
403 1447 547 1513 16611666
563 1468 638 1514 oum
660 1445 814 1513 monachi
835 1449 1001 1531 pastorem
1023 1467 1130 1526 suum,
1145 1469 1244 1533 quem
1263 1449 1418 1515 clericum

363 1550 530 1635 putabant
551 1550 685 1627 elatum,
703 1549 776 1635 jam
804 1548 1003 1615 monachum
1025 1549 1179 1617 viderent
1200 1551 1360 1617 humilem
1379 1555 1419 1617 'et

363 1655 568 1722 ciliciatuml
605 1655 684 1722 Non
699 1655 788 1720 enim
811 1654 959 1721 sciebant
980 1655 1047 1723 hue
1066 1677 1170 1741 usque
1193 1657 1282 1742 qued
1302 1656 1417 1742 hujus·

363 1758 454 1823 modi
475 1757 684 1823 vestimentis
707 1755 864 1822 uteretur.
910 1755 1053 1822 Flebant
1074 1757 1188 1843 itaque
1210 1756 1363 1824 monaehi
1383 1762 1419 1823 ct

363 1859 525 1936 ridebant,
558 1858 710 1946 lugentes
744 1857 942 1945 gaudebant,
977 1857 1172 1945 plangentes
1206 1859 1418 1947 plaudebant.

364 1959 394 2027 Ο
425 1960 524 2027 latus
555 1960 648 2027 dolor
679 1961 715 2025 in
749 1959 840 2025 tristi
871 1958 1014 2045 gaudio!
1059 1959 1205 2027 Tandem
1238 1966 1420 2046 utcumque

362 2068 586 2149 temperantes
607 2084 629 2130 a
651 2062 802 2140 lacrimis,
819 2061 964 2126 dimissis
986 2062 1072 2129 circa
1086 2084 1162 2127 eum
1183 2062 1332 2129 vestibus
1352 2063 1420 2128 illis

363 2165 524 2251 pretiosis,
548 2164 678 2232 6666116
699 2164 832 2241 scilicet,
848 2164 1005 2229 staminia
1027 2170 1062 2229 et
1084 2164 1199 2243 cilicio,
1222 2165 1420 2252 pontificali-

363 2267 426 2333 bus
457 2267 647 2345 induerunt,
671 2271 706 2332 et
736 2267 774 2330 in
804 2286 893 2333 novo
923 2266 1090 2352 sarcofago
1115 2289 1297 2335 marmoreo
1328 2289 1419 2355 sepe-

363 2368 494 2435 liemmt
541 2367 663 2435 Clausa
685 2373 765 2434 sunt
786 2366 876 2433 illico
898 2367 1008 2434 hostia
1029 2369 1154 2454 criptae,
1175 2374 1215 2435 ut
1236 2370 1297 2436 vix
1319 2370 1419 2438 alicui

363 2476 493 2558 pateret
513 2471 688 2559 ingressus

713 2652 1067 2721 mosim-xm}
1372 2737 1374 2741 ⁷

407 2775 472 2840 Per
507 2778 618 2841 totum
654 2772 722 2838 fere
758 2793 885 2837 annum
922 2794 1027 2857 usque
1064 2772 1109 2838 ad
1145 2771 1269 2838 festum
1303 2773 1418 2843 Sancti
1447 2799 1504 2844 an.
1512 2800 1573 2845 1171.

363 2877 499 2944 rhome
536 2872 700 2961 apaan*
729 2873 865 2941 occasa
894 2871 1020 2939 omas
1054 2874 1098 2941 aa
1131 2874 1246 2942 officia
1276 2862 1578 2960 6666616116.

363 2978 496 3057 divinis,
519 2982 555 3044 61
575 2976 729 3043 monachi
751 2981 930 3043 nocturnas
951 2974 1049 3043 horas
1076 2981 1111 3042 et
1132 2978 1269 3045 diurnas
1298 2980 1335 3044 16
1364 3002 1417 3047 aa
1430 2966 1572 3060 mlo„

363 3081 472 3169 pitulo
505 3101 566 3146 suo
602 3079 675 3147 sine
708 3077 991 3144 modulationibus
1028 3079 1241 3146 musitabant.
1297 3080 1418 3149 Cruces
1429 3078 1491 3120 ’ω’

362 3183 513 3260 ecclesiae,
537 3181 624 3248 sicut
653 3182 691 3246 in
720 3180 872 3267 passione
902 3180 1046 3259 Domini,
1070 3180 1207 3248 1661661
1236 3183 1355 3251 velatae
1385 3192 1420 3251 et

362 3286 483 3353 altaria
496 3284 673 3350 denudata.
711 3282 822 3348 Mater
838 3281 1051 3348 ecclesiarum
1065 3283 1324 3370 Anglioanarum
1344 3307 1420 3373 par.

363 3388 517 3456 ricidium
539 3385 685 3473 lugebat,
708 3389 743 3450 et
764 3383 844 3450 filiae
866 3383 939 3469 ejus
969 3388 1004 3449 61
1033 3385 1145 3452 aemuli
1172 3388 1317 3455 maxime
1338 3410 1420 3476 gau.

363 3490 496 3568 debant,
527 3487 697 3575 pulsantes
720 3491 755 3551 et
777 3490 950 3552 cantantes
982 3485 1019 3550 in
1045 3486 1215 3572 jubilaeo
1241 3490 1270 3554 61
1302 3491 1419 3556 matris

363 3614 432 3658 suae
454 3590 634 3677 aerumpnis
656 3588 866 3654 insultarent.
913 3587 980 3654 Sed
1001 3588 1099 3654 beato
1119 3595 1275 3676 martyre
1305 3597 1418 3659 nostro

363 3697 589 3761 consummato
619 3696 655 3756 et
683 3690 722 3755 in
750 3710 831 3776 paee
861 3689 1030 3775 disposito,
1052 3689 1206 3756 visitavit
1227 3713 1288 3758 nos
1310 3693 1417 3759 oriens
1428 3726 1576 3771 mm

363 3817 407 3862 ex
428 3795 498 3862 alto
527 3794 565 3858 in
586 3791 771 3858 visionibus
797 3791 976 3869 nocturnis,
999 3792 1156 3877 martyris
1187 3795 1267 3859 novi
1296 3777 1565 3873 saneti-tw*

363 3902 469 3964 tatem
492 3895 731 3971 ostendens,et
752 3893 940 3958 1616161661
971 3891 1174 3958 mirabilium
1197 3897 1291 3981 quasi
1314 3917 1419 3981 quan·

364 4000 441 4065 dam
470 3995 700 4064 credulitatem
726 3999 940 4081 praemittens.
986 3993 1172 4062 Subseouta
1197 4002 1277 4064 sunt
1302 4019 1320 4063 6
1347 4019 1420 4064 ves-

363 4101 448 4188 tigio
469 4099 595 4164 usitata
617 4104 652 4163 61
674 4102 812 4183 experta
833 4095 1001 4175 miracula,
1017 4118 1092 4183 quse
1114 4096 1223 4165 sicut³
1245 4099 1420 4167 innumera

363 4204 414 4268 116
435 4200 563 4268 saeculis
586 4205 666 4265 sunt
680 4190 840 4265 inaudita
878 4198 1036 4266 Reserate
1058 4205 1138 4265 sunt
1152 4201 1287 4267 tandem
1309 4200 1419 4268 hostia

364 4305 488 4392 cripte,
511 4307 546 4368 61
567 4301 811 4370 confluentibus
836 4300 984 4387 undique
1009 4301 1141 4388 populis
1171 4302 1278 4368 dicere
1307 4303 1419 4389 potui·

399 4524 629 4589 ι161,ιιι.--ιιιι.]
655 4539 706 4574 om.
731 4523 773 4584 0.,
789 4521 873 4573 which
916 4523 962 4574 illo
973 4539 1042 4576 anno
1061 4526 1174 4591 quinque
1192 4527 1351 4579 solummodo
1368 4526 1421 4579 die·

364 4605 423 4658 MS.
431 4608 516 4673 began
526 4603 571 4656 the
583 4617 646 4669 year
659 4606 768 4665 1171,at
778 4617 803 4666 p.
815 4606 874 4663 224,
918 4605 967 4654 bus
978 4604 1102 4667 exceptis,
1114 4603 1146 4656 O.

364 4688 454 4738 above.
952 4682 1051 4749 ε11661]
1066 4681 1172 4745 scilicet,
1182 4684 1214 4734 B.

397 4762 476 4813 ⁹Per
489 4770 585 4813 totum.
604 4798 610 4811 .
629 4797 636 4810 .
654 4758 793 4826 ¹apostoli]
809 4760 875 4811 Toto
