<?xml version="1.0" encoding="UTF-8"?>
<!DOCTYPE html PUBLIC "-//W3C//DTD XHTML 1.0 Transitional//EN"
    "http://www.w3.org/TR/xhtml1/DTD/xhtml1-transitional.dtd">
<html xmlns="http://www.w3.org/1999/xhtml" xml:lang="en" lang="en">
 <head>
  <title>
</title>
<meta http-equiv="Content-Type" content="text/html;charset=utf-8" />
  <meta name='ocr-system' content='tesseract 3.04.00' />
  <meta name='ocr-capabilities' content='ocr_page ocr_carea ocr_par ocr_line ocrx_word'/>
</head>
<body>
  <div class='ocr_page' id='page_1' title='image "./historicalworks00offigoog_0114.png"; bbox 0 0 3572 5744; ppageno 0'>
   <div class='ocr_carea' id='block_1_1' title="bbox 429 734 1270 798">
    <p class='ocr_par' dir='ltr' id='par_1_1' title="bbox 429 734 1270 798">
     <span class='ocr_line' id='line_1_1' title="bbox 429 734 1270 798; baseline -0.001 0"><span class='ocrx_word' id='word_1_1' title='bbox 429 734 472 798; x_wconf 86' lang='lat'><strong>50</strong></span> <span class='ocrx_word' id='word_1_2' title='bbox 628 747 790 797; x_wconf 75' lang='lat' dir='ltr'><strong>aanvasn</strong></span> <span class='ocrx_word' id='word_1_3' title='bbox 813 747 973 797; x_wconf 68' lang='lat' dir='ltr'><strong>uoniam</strong></span> <span class='ocrx_word' id='word_1_4' title='bbox 996 747 1270 798; x_wconf 76' lang='lat' dir='ltr'><strong>caurumrmsu</strong></span> 
     </span>
    </p>
   </div>
   <div class='ocr_carea' id='block_1_2' title="bbox 253 926 1630 3574">
    <p class='ocr_par' dir='ltr' id='par_1_2' title="bbox 254 926 1630 3574">
     <span class='ocr_line' id='line_1_2' title="bbox 254 926 1478 1023; baseline 0.003 -24.007"><span class='ocrx_word' id='word_1_5' title='bbox 254 926 443 1023; x_wconf 40' lang='lat' dir='ltr'><strong>wel&amp;</strong></span> <span class='ocrx_word' id='word_1_6' title='bbox 466 941 599 1002; x_wconf 86' lang='lat' dir='ltr'><strong>revocat</strong></span> <span class='ocrx_word' id='word_1_7' title='bbox 636 936 680 1002; x_wconf 91' lang='lat' dir='ltr'><strong>ad</strong></span> <span class='ocrx_word' id='word_1_8' title='bbox 718 934 917 1011; x_wconf 81' lang='lat' dir='ltr'><strong>memoriam,</strong></span> <span class='ocrx_word' id='word_1_9' title='bbox 952 940 986 999; x_wconf 89' lang='lat' dir='ltr'><strong>et</strong></span> <span class='ocrx_word' id='word_1_10' title='bbox 1022 954 1262 1021; x_wconf 85' lang='lat' dir='ltr'><strong>aerumpnosam</strong></span> <span class='ocrx_word' id='word_1_11' title='bbox 1296 933 1401 1001; x_wconf 87' lang='lat' dir='ltr'><strong>trahit</strong></span> <span class='ocrx_word' id='word_1_12' title='bbox 1435 934 1478 1003; x_wconf 89' lang='lat' dir='ltr'><strong>ad</strong></span> 
     </span>
     <span class='ocr_line' id='line_1_3' title="bbox 280 1030 1480 1156; baseline -0.001 -51.993"><span class='ocrx_word' id='word_1_13' title='bbox 280 1030 393 1124; x_wconf 55' lang='lat' dir='ltr'><strong>ffilffl„</strong></span> <span class='ocrx_word' id='word_1_14' title='bbox 425 1048 442 1073; x_wconf 89' lang='lat'>“</span> <span class='ocrx_word' id='word_1_15' title='bbox 466 1040 741 1156; x_wconf 79' lang='lat' dir='ltr'><strong>consequentiam,</strong></span> <span class='ocrx_word' id='word_1_16' title='bbox 772 1043 814 1115; x_wconf 88' lang='lat' dir='ltr'><strong>et,</strong></span> <span class='ocrx_word' id='word_1_17' title='bbox 853 1044 893 1103; x_wconf 88' lang='lat' dir='ltr'><strong>ut</strong></span> <span class='ocrx_word' id='word_1_18' title='bbox 930 1037 1036 1103; x_wconf 90' lang='lat' dir='ltr'><strong>eidem</strong></span> <span class='ocrx_word' id='word_1_19' title='bbox 1073 1036 1240 1123; x_wconf 77' lang='lat' dir='ltr'><strong>praecellat</strong></span> <span class='ocrx_word' id='word_1_20' title='bbox 1277 1038 1313 1102; x_wconf 90' lang='lat' dir='ltr'><strong>in</strong></span> <span class='ocrx_word' id='word_1_21' title='bbox 1345 1038 1480 1116; x_wconf 90' lang='lat' dir='ltr'><strong>meritis,</strong></span> 
     </span>
     <span class='ocr_line' id='line_1_4' title="bbox 424 1137 1482 1205; baseline -0.001 0"><span class='ocrx_word' id='word_1_22' title='bbox 424 1150 441 1175; x_wconf 88' lang='lat'><strong>“</strong></span> <span class='ocrx_word' id='word_1_23' title='bbox 465 1164 497 1205; x_wconf 93' lang='lat' dir='ltr'><strong>m</strong></span> <span class='ocrx_word' id='word_1_24' title='bbox 551 1163 569 1205; x_wconf 88' lang='lat' dir='ltr'><strong>r</strong></span> <span class='ocrx_word' id='word_1_25' title='bbox 667 1141 723 1205; x_wconf 91' lang='lat' dir='ltr'><strong>uia</strong></span> <span class='ocrx_word' id='word_1_26' title='bbox 844 1145 977 1205; x_wconf 91' lang='lat' dir='ltr'><strong>tuame</strong></span> <span class='ocrx_word' id='word_1_27' title='bbox 1013 1138 1101 1205; x_wconf 85' lang='lat' dir='ltr'><strong>lesiae</strong></span> <span class='ocrx_word' id='word_1_28' title='bbox 1124 1137 1354 1205; x_wconf 69' lang='lat' dir='ltr'><strong>cantuariensi</strong></span> <span class='ocrx_word' id='word_1_29' title='bbox 1412 1141 1420 1155; x_wconf 88' lang='lat'>&#39;</span> <span class='ocrx_word' id='word_1_30' title='bbox 1468 1179 1482 1190; x_wconf 89' lang='lat'>-</span> 
     </span>
     <span class='ocr_line' id='line_1_5' title="bbox 253 1142 1481 1330; baseline -0.002 -21.998"><span class='ocrx_word' id='word_1_31' title='bbox 253 1152 400 1325; x_wconf 50' lang='grc' dir='ltr'>ΞΙΓἜΟΜ</span> <span class='ocrx_word' id='word_1_32' title='bbox 424 1253 441 1277; x_wconf 88' lang='grc'>“</span> <span class='ocrx_word' id='word_1_33' title='bbox 464 1142 688 1309; x_wconf 47' lang='lat' dir='ltr'><strong>tuijoriiffiailn.</strong></span> <span class='ocrx_word' id='word_1_34' title='bbox 735 1160 1175 1319; x_wconf 44' lang='lat' dir='ltr'><strong>libbbeexeniacbubtrahit,</strong></span> <span class='ocrx_word' id='word_1_35' title='bbox 1205 1242 1355 1308; x_wconf 77' lang='lat' dir='ltr'><strong>ecclesiae</strong></span> <span class='ocrx_word' id='word_1_36' title='bbox 1376 1161 1481 1330; x_wconf 47' lang='lat' dir='ltr'><strong>belgii,</strong></span> 
     </span>
     <span class='ocr_line' id='line_1_6' title="bbox 266 1343 1481 1432; baseline -0.001 -21"><span class='ocrx_word' id='word_1_37' title='bbox 266 1343 283 1375; x_wconf 75' lang='lat'><strong>²¹</strong></span> <span class='ocrx_word' id='word_1_38' title='bbox 308 1344 356 1376; x_wconf 76' lang='lat'><strong>⁸⁰·</strong></span> <span class='ocrx_word' id='word_1_39' title='bbox 424 1356 440 1380; x_wconf 84' lang='lat'><em>“</em></span> <span class='ocrx_word' id='word_1_40' title='bbox 463 1346 632 1411; x_wconf 89' lang='lat' dir='ltr'><strong>subtrahit</strong></span> <span class='ocrx_word' id='word_1_41' title='bbox 653 1344 812 1411; x_wconf 78' lang='lat' dir='ltr'><strong>victualia</strong></span> <span class='ocrx_word' id='word_1_42' title='bbox 837 1344 1036 1432; x_wconf 79' lang='lat' dir='ltr'><strong>pauperibus</strong></span> <span class='ocrx_word' id='word_1_43' title='bbox 1058 1350 1093 1409; x_wconf 88' lang='lat' dir='ltr'><strong>et</strong></span> <span class='ocrx_word' id='word_1_44' title='bbox 1115 1343 1279 1431; x_wconf 74' lang='lat' dir='ltr'><strong>orphanis,</strong></span> <span class='ocrx_word' id='word_1_45' title='bbox 1301 1351 1336 1410; x_wconf 87' lang='lat' dir='ltr'><strong>et</strong></span> <span class='ocrx_word' id='word_1_46' title='bbox 1357 1344 1481 1412; x_wconf 87' lang='lat' dir='ltr'><strong>clericis</strong></span> 
     </span>
     <span class='ocr_line' id='line_1_7' title="bbox 424 1447 1482 1536; baseline -0.001 -22"><span class='ocrx_word' id='word_1_47' title='bbox 424 1458 440 1483; x_wconf 91' lang='lat'><strong>“</strong></span> <span class='ocrx_word' id='word_1_48' title='bbox 463 1450 610 1536; x_wconf 75' lang='lat' dir='ltr'><strong>assignat</strong></span> <span class='ocrx_word' id='word_1_49' title='bbox 624 1447 802 1513; x_wconf 86' lang='lat' dir='ltr'><strong>ditissimis.</strong></span> <span class='ocrx_word' id='word_1_50' title='bbox 849 1447 1071 1513; x_wconf 88' lang='lat' dir='ltr'><strong>Romanorum</strong></span> <span class='ocrx_word' id='word_1_51' title='bbox 1093 1447 1286 1533; x_wconf 86' lang='lat' dir='ltr'><strong>pontificum</strong></span> <span class='ocrx_word' id='word_1_52' title='bbox 1307 1447 1482 1535; x_wconf 89' lang='lat' dir='ltr'><strong>privilegia</strong></span> 
     </span>
     <span class='ocr_line' id='line_1_8' title="bbox 423 1549 1481 1638; baseline 0 -22"><span class='ocrx_word' id='word_1_53' title='bbox 423 1560 439 1585; x_wconf 89' lang='lat'><strong>“</strong></span> <span class='ocrx_word' id='word_1_54' title='bbox 464 1551 677 1638; x_wconf 72' lang='lat' dir='ltr'><strong>contempnit,</strong></span> <span class='ocrx_word' id='word_1_55' title='bbox 725 1549 962 1636; x_wconf 80' lang='lat' dir='ltr'><strong>appellationes</strong></span> <span class='ocrx_word' id='word_1_56' title='bbox 1011 1549 1231 1636; x_wconf 87' lang='lat' dir='ltr'><strong>parvipendit,</strong></span> <span class='ocrx_word' id='word_1_57' title='bbox 1280 1549 1481 1637; x_wconf 76' lang='lat' dir='ltr'><strong>appellantes</strong></span> 
     </span>
     <span class='ocr_line' id='line_1_9' title="bbox 424 1650 1480 1738; baseline -0.001 -20"><span class='ocrx_word' id='word_1_58' title='bbox 424 1661 440 1686; x_wconf 88' lang='lat'><strong>“</strong></span> <span class='ocrx_word' id='word_1_59' title='bbox 464 1654 565 1718; x_wconf 91' lang='lat' dir='ltr'><strong>etiam</strong></span> <span class='ocrx_word' id='word_1_60' title='bbox 597 1652 770 1738; x_wconf 85' lang='lat' dir='ltr'><strong>suspendit</strong></span> <span class='ocrx_word' id='word_1_61' title='bbox 801 1657 836 1716; x_wconf 88' lang='lat' dir='ltr'><strong>et</strong></span> <span class='ocrx_word' id='word_1_62' title='bbox 868 1650 1049 1737; x_wconf 77' lang='lat' dir='ltr'><strong>proscribit</strong></span> <span class='ocrx_word' id='word_1_63' title='bbox 1096 1651 1197 1718; x_wconf 88' lang='lat' dir='ltr'><strong>Bonae</strong></span> <span class='ocrx_word' id='word_1_64' title='bbox 1223 1652 1321 1717; x_wconf 82' lang='lat' dir='ltr'><strong>famae</strong></span> <span class='ocrx_word' id='word_1_65' title='bbox 1342 1651 1480 1738; x_wconf 82' lang='lat' dir='ltr'><strong>gloriam</strong></span> 
     </span>
     <span class='ocr_line' id='line_1_10' title="bbox 424 1752 1480 1840; baseline 0.001 -21"><span class='ocrx_word' id='word_1_66' title='bbox 424 1764 439 1788; x_wconf 89' lang='lat'><strong>“</strong></span> <span class='ocrx_word' id='word_1_67' title='bbox 464 1753 632 1819; x_wconf 70' lang='lat' dir='ltr'><strong>obfuscare</strong></span> <span class='ocrx_word' id='word_1_68' title='bbox 654 1752 775 1818; x_wconf 90' lang='lat' dir='ltr'><strong>nititur</strong></span> <span class='ocrx_word' id='word_1_69' title='bbox 797 1757 831 1817; x_wconf 88' lang='lat' dir='ltr'><strong>et</strong></span> <span class='ocrx_word' id='word_1_70' title='bbox 850 1752 1021 1818; x_wconf 86' lang='lat' dir='ltr'><strong>infamiam</strong></span> <span class='ocrx_word' id='word_1_71' title='bbox 1044 1754 1198 1819; x_wconf 90' lang='lat' dir='ltr'><strong>mendose</strong></span> <span class='ocrx_word' id='word_1_72' title='bbox 1220 1753 1362 1840; x_wconf 84' lang='lat' dir='ltr'><strong>irrogare</strong></span> <span class='ocrx_word' id='word_1_73' title='bbox 1385 1775 1480 1820; x_wconf 89' lang='lat' dir='ltr'><strong>cona-</strong></span> 
     </span>
     <span class='ocr_line' id='line_1_11' title="bbox 424 1855 1482 1943; baseline 0.001 -22"><span class='ocrx_word' id='word_1_74' title='bbox 424 1868 440 1890; x_wconf 89' lang='lat'><strong>“</strong></span> <span class='ocrx_word' id='word_1_75' title='bbox 464 1861 527 1921; x_wconf 89' lang='lat' dir='ltr'><strong>tur.</strong></span> <span class='ocrx_word' id='word_1_76' title='bbox 574 1856 702 1943; x_wconf 85' lang='lat' dir='ltr'><strong>Regum</strong></span> <span class='ocrx_word' id='word_1_77' title='bbox 736 1860 770 1920; x_wconf 92' lang='lat' dir='ltr'><strong>et</strong></span> <span class='ocrx_word' id='word_1_78' title='bbox 802 1855 988 1941; x_wconf 88' lang='lat' dir='ltr'><strong>principum</strong></span> <span class='ocrx_word' id='word_1_79' title='bbox 1015 1856 1275 1942; x_wconf 81' lang='lat' dir='ltr'><strong>indignationem</strong></span> <span class='ocrx_word' id='word_1_80' title='bbox 1299 1857 1335 1920; x_wconf 89' lang='lat' dir='ltr'><strong>in</strong></span> <span class='ocrx_word' id='word_1_81' title='bbox 1356 1877 1417 1921; x_wconf 88' lang='lat' dir='ltr'><strong>nos</strong></span> <span class='ocrx_word' id='word_1_82' title='bbox 1447 1863 1482 1922; x_wconf 91' lang='lat' dir='ltr'><strong>et</strong></span> 
     </span>
     <span class='ocr_line' id='line_1_12' title="bbox 423 1956 1482 2041; baseline 0 -18"><span class='ocrx_word' id='word_1_83' title='bbox 423 1968 439 1991; x_wconf 87' lang='lat'>“</span> <span class='ocrx_word' id='word_1_84' title='bbox 464 1957 631 2023; x_wconf 87' lang='lat' dir='ltr'><strong>ecclesiam</strong></span> <span class='ocrx_word' id='word_1_85' title='bbox 654 1963 799 2021; x_wconf 88' lang='lat' dir='ltr'><strong>nostram</strong></span> <span class='ocrx_word' id='word_1_86' title='bbox 823 1956 969 2033; x_wconf 85' lang='lat' dir='ltr'><strong>suscitat,</strong></span> <span class='ocrx_word' id='word_1_87' title='bbox 991 1977 1057 2041; x_wconf 89' lang='lat' dir='ltr'><strong>quo</strong></span> <span class='ocrx_word' id='word_1_88' title='bbox 1079 1977 1139 2022; x_wconf 88' lang='lat' dir='ltr'><strong>nec</strong></span> <span class='ocrx_word' id='word_1_89' title='bbox 1161 1958 1243 2022; x_wconf 90' lang='lat' dir='ltr'><strong>iram</strong></span> <span class='ocrx_word' id='word_1_90' title='bbox 1267 1956 1331 2022; x_wconf 92' lang='lat' dir='ltr'><strong>Dei</strong></span> <span class='ocrx_word' id='word_1_91' title='bbox 1362 1959 1415 2022; x_wconf 89' lang='lat' dir='ltr'><strong>vel</strong></span> <span class='ocrx_word' id='word_1_92' title='bbox 1437 1959 1482 2025; x_wconf 91' lang='lat' dir='ltr'><strong>ad</strong></span> 
     </span>
     <span class='ocr_line' id='line_1_13' title="bbox 423 2057 1480 2145; baseline 0.002 -22"><span class='ocrx_word' id='word_1_93' title='bbox 423 2070 439 2094; x_wconf 89' lang='lat'><strong><em>“</em></strong></span> <span class='ocrx_word' id='word_1_94' title='bbox 463 2060 628 2126; x_wconf 90' lang='lat' dir='ltr'><strong>modicum</strong></span> <span class='ocrx_word' id='word_1_95' title='bbox 658 2058 822 2125; x_wconf 86' lang='lat' dir='ltr'><strong>formidat.</strong></span> <span class='ocrx_word' id='word_1_96' title='bbox 869 2057 976 2145; x_wconf 86' lang='lat' dir='ltr'><strong>Super</strong></span> <span class='ocrx_word' id='word_1_97' title='bbox 1004 2058 1208 2125; x_wconf 88' lang='lat' dir='ltr'><strong>haecomnia</strong></span> <span class='ocrx_word' id='word_1_98' title='bbox 1231 2061 1349 2125; x_wconf 91' lang='lat' dir='ltr'><strong>turrim</strong></span> <span class='ocrx_word' id='word_1_99' title='bbox 1372 2060 1480 2126; x_wconf 86' lang='lat' dir='ltr'><strong>fortis-</strong></span> 
     </span>
     <span class='ocr_line' id='line_1_14' title="bbox 423 2160 1481 2247; baseline 0 -19"><span class='ocrx_word' id='word_1_100' title='bbox 423 2174 439 2197; x_wconf 92' lang='lat'><strong>“</strong></span> <span class='ocrx_word' id='word_1_101' title='bbox 463 2163 581 2228; x_wconf 89' lang='lat' dir='ltr'><strong>simam</strong></span> <span class='ocrx_word' id='word_1_102' title='bbox 597 2162 733 2227; x_wconf 85' lang='lat' dir='ltr'><strong>festinat</strong></span> <span class='ocrx_word' id='word_1_103' title='bbox 754 2160 887 2247; x_wconf 88' lang='lat' dir='ltr'><strong>erigere,</strong></span> <span class='ocrx_word' id='word_1_104' title='bbox 903 2181 969 2246; x_wconf 90' lang='lat' dir='ltr'><strong>qua</strong></span> <span class='ocrx_word' id='word_1_105' title='bbox 983 2183 1049 2226; x_wconf 92' lang='lat' dir='ltr'><strong>non</strong></span> <span class='ocrx_word' id='word_1_106' title='bbox 1072 2161 1178 2226; x_wconf 92' lang='lat' dir='ltr'><strong>solum</strong></span> <span class='ocrx_word' id='word_1_107' title='bbox 1194 2161 1279 2227; x_wconf 89' lang='lat' dir='ltr'><strong>filios</strong></span> <span class='ocrx_word' id='word_1_108' title='bbox 1301 2161 1481 2228; x_wconf 77' lang='lat' dir='ltr'><strong>eonfvmdat</strong></span> 
     </span>
     <span class='ocr_line' id='line_1_15' title="bbox 423 2261 1480 2350; baseline -0.002 -20"><span class='ocrx_word' id='word_1_109' title='bbox 423 2273 439 2299; x_wconf 83' lang='lat'><em>“</em></span> <span class='ocrx_word' id='word_1_110' title='bbox 463 2264 615 2341; x_wconf 86' lang='lat' dir='ltr'><strong>eoclesiae,</strong></span> <span class='ocrx_word' id='word_1_111' title='bbox 637 2262 695 2328; x_wconf 91' lang='lat' dir='ltr'><strong>sed</strong></span> <span class='ocrx_word' id='word_1_112' title='bbox 718 2261 917 2327; x_wconf 86' lang='lat' dir='ltr'><strong>utmatris1</strong></span> <span class='ocrx_word' id='word_1_113' title='bbox 940 2263 1133 2350; x_wconf 75' lang='lat' dir='ltr'><strong>anglicanae</strong></span> <span class='ocrx_word' id='word_1_114' title='bbox 1156 2263 1298 2330; x_wconf 84' lang='lat' dir='ltr'><strong>ecclesiae</strong></span> <span class='ocrx_word' id='word_1_115' title='bbox 1320 2263 1480 2328; x_wconf 84' lang='lat' dir='ltr'><strong>virtutem</strong></span> 
     </span>
     <span class='ocr_line' id='line_1_16' title="bbox 358 2363 1480 2453; baseline -0.003 -20.997"><span class='ocrx_word' id='word_1_116' title='bbox 358 2363 366 2407; x_wconf 76' lang='lat'><strong>¹</strong></span> <span class='ocrx_word' id='word_1_117' title='bbox 424 2377 440 2401; x_wconf 90' lang='lat'><strong>“</strong></span> <span class='ocrx_word' id='word_1_118' title='bbox 464 2374 498 2432; x_wconf 90' lang='lat' dir='ltr'><strong>et</strong></span> <span class='ocrx_word' id='word_1_119' title='bbox 512 2367 639 2432; x_wconf 88' lang='lat' dir='ltr'><strong>viscera</strong></span> <span class='ocrx_word' id='word_1_120' title='bbox 653 2365 764 2431; x_wconf 89' lang='lat' dir='ltr'><strong>valeat</strong></span> <span class='ocrx_word' id='word_1_121' title='bbox 778 2364 943 2430; x_wconf 85' lang='lat' dir='ltr'><strong>suffocare.</strong></span> <span class='ocrx_word' id='word_1_122' title='bbox 990 2365 1166 2432; x_wconf 87' lang='lat' dir='ltr'><strong>Succurrat</strong></span> <span class='ocrx_word' id='word_1_123' title='bbox 1180 2366 1292 2452; x_wconf 89' lang='lat' dir='ltr'><strong>igitur,</strong></span> <span class='ocrx_word' id='word_1_124' title='bbox 1306 2366 1360 2452; x_wconf 90' lang='lat' dir='ltr'><strong>pie</strong></span> <span class='ocrx_word' id='word_1_125' title='bbox 1378 2372 1480 2453; x_wconf 88' lang='lat' dir='ltr'><strong>pater,</strong></span> 
     </span>
     <span class='ocr_line' id='line_1_17' title="bbox 424 2466 1480 2545; baseline 0.001 -13.039"><span class='ocrx_word' id='word_1_126' title='bbox 424 2467 541 2533; x_wconf 85' lang='lat' dir='ltr'><strong>“filiae</strong></span> <span class='ocrx_word' id='word_1_127' title='bbox 575 2472 693 2532; x_wconf 70' lang='lat' dir='ltr'><strong>vestiae</strong></span> <span class='ocrx_word' id='word_1_128' title='bbox 728 2468 763 2531; x_wconf 92' lang='lat' dir='ltr'><strong>in</strong></span> <span class='ocrx_word' id='word_1_129' title='bbox 795 2472 890 2531; x_wconf 86' lang='lat' dir='ltr'><strong>tanta</strong></span> <span class='ocrx_word' id='word_1_130' title='bbox 920 2466 1011 2532; x_wconf 92' lang='lat' dir='ltr'><strong>clade</strong></span> <span class='ocrx_word' id='word_1_131' title='bbox 1045 2467 1195 2533; x_wconf 86' lang='lat' dir='ltr'><strong>Romana</strong></span> <span class='ocrx_word' id='word_1_132' title='bbox 1226 2467 1408 2545; x_wconf 89' lang='lat' dir='ltr'><strong>clementia,</strong></span> <span class='ocrx_word' id='word_1_133' title='bbox 1437 2490 1480 2533; x_wconf 91' lang='lat' dir='ltr'><strong>ne</strong></span> 
     </span>
     <span class='ocr_line' id='line_1_18' title="bbox 423 2568 1480 2657; baseline -0.001 -22"><span class='ocrx_word' id='word_1_134' title='bbox 423 2580 627 2657; x_wconf 84' lang='lat' dir='ltr'><strong>“generosae</strong></span> <span class='ocrx_word' id='word_1_135' title='bbox 658 2568 756 2634; x_wconf 90' lang='lat' dir='ltr'><strong>matri</strong></span> <span class='ocrx_word' id='word_1_136' title='bbox 787 2573 938 2634; x_wconf 87' lang='lat' dir='ltr'><strong>vertatur</strong></span> <span class='ocrx_word' id='word_1_137' title='bbox 967 2569 1003 2632; x_wconf 95' lang='lat' dir='ltr'><strong>in</strong></span> <span class='ocrx_word' id='word_1_138' title='bbox 1033 2568 1244 2655; x_wconf 88' lang='lat' dir='ltr'><strong>obprobrium</strong></span> <span class='ocrx_word' id='word_1_139' title='bbox 1267 2568 1416 2656; x_wconf 85' lang='lat' dir='ltr'><strong>specialis</strong></span> <span class='ocrx_word' id='word_1_140' title='bbox 1446 2574 1480 2634; x_wconf 89' lang='lat' dir='ltr'><strong>et</strong></span> 
     </span>
     <span class='ocr_line' id='line_1_19' title="bbox 424 2670 1479 2759; baseline -0.001 -21"><span class='ocrx_word' id='word_1_141' title='bbox 424 2682 440 2707; x_wconf 77' lang='lat'><strong>‘⁴</strong></span> <span class='ocrx_word' id='word_1_142' title='bbox 464 2673 593 2738; x_wconf 85' lang='lat' dir='ltr'><strong>devotae</strong></span> <span class='ocrx_word' id='word_1_143' title='bbox 608 2671 687 2737; x_wconf 87' lang='lat' dir='ltr'><strong>filiae</strong></span> <span class='ocrx_word' id='word_1_144' title='bbox 702 2671 946 2736; x_wconf 86' lang='lat' dir='ltr'><strong>detrimentum.</strong></span> <span class='ocrx_word' id='word_1_145' title='bbox 995 2670 1072 2737; x_wconf 92' lang='lat' dir='ltr'><strong>Non</strong></span> <span class='ocrx_word' id='word_1_146' title='bbox 1088 2676 1239 2758; x_wconf 86' lang='lat' dir='ltr'><strong>optamus</strong></span> <span class='ocrx_word' id='word_1_147' title='bbox 1261 2693 1322 2738; x_wconf 92' lang='lat' dir='ltr'><strong>nec</strong></span> <span class='ocrx_word' id='word_1_148' title='bbox 1335 2673 1479 2759; x_wconf 89' lang='lat' dir='ltr'><strong>petimus</strong></span> 
     </span>
     <span class='ocr_line' id='line_1_20' title="bbox 423 2773 1479 2861; baseline 0 -22"><span class='ocrx_word' id='word_1_149' title='bbox 423 2785 439 2809; x_wconf 87' lang='lat'><strong>“</strong></span> <span class='ocrx_word' id='word_1_150' title='bbox 464 2782 503 2839; x_wconf 91' lang='lat' dir='ltr'><strong>ut</strong></span> <span class='ocrx_word' id='word_1_151' title='bbox 525 2775 612 2861; x_wconf 90' lang='lat' dir='ltr'><strong>patri</strong></span> <span class='ocrx_word' id='word_1_152' title='bbox 635 2780 747 2840; x_wconf 88' lang='lat' dir='ltr'><strong>nostro</strong></span> <span class='ocrx_word' id='word_1_153' title='bbox 769 2774 848 2839; x_wconf 89' lang='lat' dir='ltr'><strong>licet</strong></span> <span class='ocrx_word' id='word_1_154' title='bbox 870 2773 952 2839; x_wconf 91' lang='lat' dir='ltr'><strong>duro</strong></span> <span class='ocrx_word' id='word_1_155' title='bbox 977 2773 1056 2859; x_wconf 90' lang='lat' dir='ltr'><strong>jura</strong></span> <span class='ocrx_word' id='word_1_156' title='bbox 1082 2773 1195 2838; x_wconf 91' lang='lat' dir='ltr'><strong>debita</strong></span> <span class='ocrx_word' id='word_1_157' title='bbox 1217 2773 1327 2839; x_wconf 89' lang='lat' dir='ltr'><strong>velitis</strong></span> <span class='ocrx_word' id='word_1_158' title='bbox 1349 2774 1479 2841; x_wconf 77' lang='lat' dir='ltr'><strong>subtra</strong></span> 
     </span>
     <span class='ocr_line' id='line_1_21' title="bbox 422 2874 1478 2954; baseline 0.001 -13"><span class='ocrx_word' id='word_1_159' title='bbox 422 2888 438 2912; x_wconf 86' lang='lat'>“</span> <span class='ocrx_word' id='word_1_160' title='bbox 462 2877 549 2954; x_wconf 90' lang='lat' dir='ltr'><strong>here,</strong></span> <span class='ocrx_word' id='word_1_161' title='bbox 571 2877 628 2941; x_wconf 89' lang='lat' dir='ltr'><strong>sed</strong></span> <span class='ocrx_word' id='word_1_162' title='bbox 651 2898 693 2942; x_wconf 90' lang='lat' dir='ltr'><strong>ne</strong></span> <span class='ocrx_word' id='word_1_163' title='bbox 708 2875 792 2941; x_wconf 87' lang='lat' dir='ltr'><strong>velit</strong></span> <span class='ocrx_word' id='word_1_164' title='bbox 806 2875 859 2941; x_wconf 88' lang='lat' dir='ltr'><strong>vel</strong></span> <span class='ocrx_word' id='word_1_165' title='bbox 876 2874 987 2941; x_wconf 90' lang='lat' dir='ltr'><strong>valeat</strong></span> <span class='ocrx_word' id='word_1_166' title='bbox 1009 2876 1152 2941; x_wconf 88' lang='lat' dir='ltr'><strong>filiorum</strong></span> <span class='ocrx_word' id='word_1_167' title='bbox 1176 2897 1309 2941; x_wconf 89' lang='lat' dir='ltr'><strong>suorum</strong></span> <span class='ocrx_word' id='word_1_168' title='bbox 1333 2882 1478 2942; x_wconf 88' lang='lat' dir='ltr'><strong>evertere</strong></span> 
     </span>
     <span class='ocr_line' id='line_1_22' title="bbox 424 2977 1479 3065; baseline 0.001 -22"><span class='ocrx_word' id='word_1_169' title='bbox 424 2990 440 3014; x_wconf 85' lang='lat'><strong>‘⁴</strong></span> <span class='ocrx_word' id='word_1_170' title='bbox 464 2980 651 3045; x_wconf 85' lang='lat' dir='ltr'><strong>libertatem</strong></span> <span class='ocrx_word' id='word_1_171' title='bbox 666 2999 727 3044; x_wconf 86' lang='lat' dir='ltr'><strong>neo</strong></span> <span class='ocrx_word' id='word_1_172' title='bbox 740 2977 933 3065; x_wconf 89' lang='lat' dir='ltr'><strong>perturbare</strong></span> <span class='ocrx_word' id='word_1_173' title='bbox 948 2978 1100 3064; x_wconf 90' lang='lat' dir='ltr'><strong>quietem.</strong></span> <span class='ocrx_word' id='word_1_174' title='bbox 1143 2978 1266 3043; x_wconf 85' lang='lat' dir='ltr'><strong>Verum</strong></span> <span class='ocrx_word' id='word_1_175' title='bbox 1281 2979 1479 3064; x_wconf 72' lang='lat' dir='ltr'><strong>estquidam</strong></span> 
     </span>
     <span class='ocr_line' id='line_1_23' title="bbox 424 3080 1480 3166; baseline 0 -21"><span class='ocrx_word' id='word_1_176' title='bbox 424 3092 440 3116; x_wconf 85' lang='lat'><strong>‘¹</strong></span> <span class='ocrx_word' id='word_1_177' title='bbox 465 3081 676 3166; x_wconf 89' lang='lat' dir='ltr'><strong>quodetiam</strong></span> <span class='ocrx_word' id='word_1_178' title='bbox 699 3084 841 3144; x_wconf 80' lang='lat' dir='ltr'><strong>testatur</strong></span> <span class='ocrx_word' id='word_1_179' title='bbox 865 3080 1081 3159; x_wconf 86' lang='lat' dir='ltr'><strong>adversarius,</strong></span> <span class='ocrx_word' id='word_1_180' title='bbox 1104 3081 1192 3166; x_wconf 90' lang='lat' dir='ltr'><strong>quod</strong></span> <span class='ocrx_word' id='word_1_181' title='bbox 1221 3080 1346 3146; x_wconf 88' lang='lat' dir='ltr'><strong>scilieet</strong></span> <span class='ocrx_word' id='word_1_182' title='bbox 1375 3081 1480 3147; x_wconf 91' lang='lat' dir='ltr'><strong>domi·</strong></span> 
     </span>
     <span class='ocr_line' id='line_1_24' title="bbox 372 3181 1630 3284; baseline 0.001 -37.006"><span class='ocrx_word' id='word_1_183' title='bbox 372 3192 441 3284; x_wconf 45' lang='lat' dir='ltr'><strong>&#39;&#39;a“</strong></span> <span class='ocrx_word' id='word_1_184' title='bbox 464 3205 540 3247; x_wconf 86' lang='lat' dir='ltr'><strong>nus</strong></span> <span class='ocrx_word' id='word_1_185' title='bbox 557 3188 668 3247; x_wconf 88' lang='lat' dir='ltr'><strong>noster</strong></span> <span class='ocrx_word' id='word_1_186' title='bbox 698 3181 947 3248; x_wconf 84' lang='lat' dir='ltr'><strong>Cantuariensis</strong></span> <span class='ocrx_word' id='word_1_187' title='bbox 976 3181 1237 3269; x_wconf 85' lang='lat' dir='ltr'><strong>archiepiscopus</strong></span> <span class='ocrx_word' id='word_1_188' title='bbox 1263 3204 1330 3248; x_wconf 89' lang='lat' dir='ltr'><strong>non</strong></span> <span class='ocrx_word' id='word_1_189' title='bbox 1361 3183 1590 3269; x_wconf 72' lang='lat' dir='ltr'><strong>quaeritatur..</strong></span> <span class='ocrx_word' id='word_1_190' title='bbox 1594 3204 1630 3248; x_wconf 83' lang='lat' dir='ltr'><strong>n.</strong></span> 
     </span>
     <span class='ocr_line' id='line_1_25' title="bbox 254 3252 1480 3386; baseline 0.006 -42"><span class='ocrx_word' id='word_1_191' title='bbox 254 3292 323 3386; x_wconf 61' lang='grc' dir='ltr'><strong>ἓὲἓὲἓ</strong></span> <span class='ocrx_word' id='word_1_192' title='bbox 288 3252 441 3344; x_wconf 59' lang='lat' dir='ltr'><strong>”iiiamyu</strong></span> <span class='ocrx_word' id='word_1_193' title='bbox 466 3306 541 3370; x_wconf 84' lang='lat' dir='ltr'><strong>quae</strong></span> <span class='ocrx_word' id='word_1_194' title='bbox 563 3305 623 3350; x_wconf 89' lang='lat' dir='ltr'><strong>sua</strong></span> <span class='ocrx_word' id='word_1_195' title='bbox 644 3290 724 3349; x_wconf 90' lang='lat' dir='ltr'><strong>sunt</strong></span> <span class='ocrx_word' id='word_1_196' title='bbox 746 3283 803 3348; x_wconf 89' lang='lat' dir='ltr'><strong>sed</strong></span> <span class='ocrx_word' id='word_1_197' title='bbox 826 3305 900 3369; x_wconf 87' lang='lat' dir='ltr'><strong>quae</strong></span> <span class='ocrx_word' id='word_1_198' title='bbox 922 3282 1004 3349; x_wconf 84' lang='lat' dir='ltr'><strong>Jesu</strong></span> <span class='ocrx_word' id='word_1_199' title='bbox 1028 3283 1161 3349; x_wconf 84' lang='lat' dir='ltr'><strong>Christi.</strong></span> <span class='ocrx_word' id='word_1_200' title='bbox 1207 3284 1274 3350; x_wconf 84' lang='lat' dir='ltr'><strong>Sed</strong></span> <span class='ocrx_word' id='word_1_201' title='bbox 1299 3285 1343 3350; x_wconf 91' lang='lat' dir='ltr'><strong>ad</strong></span> <span class='ocrx_word' id='word_1_202' title='bbox 1373 3282 1480 3370; x_wconf 71' lang='lat' dir='ltr'><strong>quid?</strong></span> 
     </span>
     <span class='ocr_line' id='line_1_26' title="bbox 424 3383 1480 3473; baseline 0 -22"><span class='ocrx_word' id='word_1_203' title='bbox 424 3385 624 3473; x_wconf 88' lang='lat' dir='ltr'><strong>“jOpera</strong></span> <span class='ocrx_word' id='word_1_204' title='bbox 595 3407 666 3450; x_wconf 90' lang='lat' dir='ltr'><strong>eus</strong></span> <span class='ocrx_word' id='word_1_205' title='bbox 676 3383 913 3450; x_wconf 76' lang='lat' dir='ltr'><strong>²oonsiderate</strong></span> <span class='ocrx_word' id='word_1_206' title='bbox 936 3406 1009 3471; x_wconf 86' lang='lat' dir='ltr'><strong>quae</strong></span> <span class='ocrx_word' id='word_1_207' title='bbox 1031 3383 1101 3450; x_wconf 92' lang='lat' dir='ltr'><strong>sola</strong></span> <span class='ocrx_word' id='word_1_208' title='bbox 1123 3386 1348 3452; x_wconf 85' lang='lat' dir='ltr'><strong>testimonium</strong></span> <span class='ocrx_word' id='word_1_209' title='bbox 1371 3386 1480 3473; x_wconf 88' lang='lat' dir='ltr'><strong>perhi-</strong></span> 
     </span>
     <span class='ocr_line' id='line_1_27' title="bbox 423 3487 1481 3574; baseline 0 -21"><span class='ocrx_word' id='word_1_210' title='bbox 423 3488 544 3554; x_wconf 87' lang='lat' dir='ltr'><strong>“bent</strong></span> <span class='ocrx_word' id='word_1_211' title='bbox 566 3488 722 3568; x_wconf 88' lang='lat' dir='ltr'><strong>veritati;</strong></span> <span class='ocrx_word' id='word_1_212' title='bbox 744 3493 779 3552; x_wconf 90' lang='lat' dir='ltr'><strong>et</strong></span> <span class='ocrx_word' id='word_1_213' title='bbox 808 3487 861 3552; x_wconf 90' lang='lat' dir='ltr'><strong>his</strong></span> <span class='ocrx_word' id='word_1_214' title='bbox 883 3487 1006 3553; x_wconf 84' lang='lat' dir='ltr'><strong>credite</strong></span> <span class='ocrx_word' id='word_1_215' title='bbox 1040 3488 1118 3573; x_wconf 89' lang='lat' dir='ltr'><strong>quia</strong></span> <span class='ocrx_word' id='word_1_216' title='bbox 1139 3508 1207 3554; x_wconf 92' lang='lat' dir='ltr'><strong>non</strong></span> <span class='ocrx_word' id='word_1_217' title='bbox 1239 3489 1419 3574; x_wconf 82' lang='lat' dir='ltr'><strong>quaeritas</strong></span> <span class='ocrx_word' id='word_1_218' title='bbox 1441 3494 1481 3553; x_wconf 90' lang='lat' dir='ltr'><strong>ut</strong></span> 
     </span>
    </p>
   </div>
   <div class='ocr_carea' id='block_1_3' title="bbox 423 3589 1329 3677">
    <p class='ocr_par' dir='ltr' id='par_1_3' title="bbox 423 3589 1329 3677">
     <span class='ocr_line' id='line_1_28' title="bbox 423 3589 1329 3677; baseline -0.001 -19.953"><span class='ocrx_word' id='word_1_219' title='bbox 423 3591 570 3657; x_wconf 87' lang='lat' dir='ltr'><strong>“salvet</strong></span> <span class='ocrx_word' id='word_1_220' title='bbox 591 3596 626 3656; x_wconf 91' lang='lat' dir='ltr'><strong>et</strong></span> <span class='ocrx_word' id='word_1_221' title='bbox 648 3590 821 3667; x_wconf 90' lang='lat' dir='ltr'><strong>custodiat,</strong></span> <span class='ocrx_word' id='word_1_222' title='bbox 844 3590 902 3655; x_wconf 91' lang='lat' dir='ltr'><strong>sed</strong></span> <span class='ocrx_word' id='word_1_223' title='bbox 924 3596 964 3655; x_wconf 91' lang='lat' dir='ltr'><strong>ut</strong></span> <span class='ocrx_word' id='word_1_224' title='bbox 986 3595 1108 3656; x_wconf 89' lang='lat' dir='ltr'><strong>mactet</strong></span> <span class='ocrx_word' id='word_1_225' title='bbox 1131 3596 1165 3656; x_wconf 88' lang='lat' dir='ltr'><strong>et</strong></span> <span class='ocrx_word' id='word_1_226' title='bbox 1186 3589 1329 3677; x_wconf 87' lang='lat' dir='ltr'><strong>perdat.”</strong></span> 
     </span>
    </p>
   </div>
   <div class='ocr_carea' id='block_1_4' title="bbox 254 3189 400 3285">
    <p class='ocr_par' dir='ltr' id='par_1_4' title="bbox 254 3189 400 3285">
     <span class='ocr_line' id='line_1_29' title="bbox 254 3189 400 3234; baseline 0.009 -1"><span class='ocrx_word' id='word_1_227' title='bbox 254 3189 400 3234; x_wconf 65' lang='lat' dir='ltr'><strong>narramur</strong></span> 
     </span>
     <span class='ocr_line' id='line_1_30' title="bbox 254 3242 379 3285; baseline -0.008 0"><span class='ocrx_word' id='word_1_228' title='bbox 254 3242 379 3285; x_wconf 65' lang='lat' dir='ltr'><strong>nimium</strong></span> 
     </span>
    </p>
   </div>
   <div class='ocr_carea' id='block_1_5' title="bbox 506 3935 1401 4000">
    <p class='ocr_par' dir='ltr' id='par_1_5' title="bbox 506 3935 1401 4000">
     <span class='ocr_line' id='line_1_31' title="bbox 506 3935 1401 4000; baseline -0.001 0"><span class='ocrx_word' id='word_1_229' title='bbox 506 3935 717 4000; x_wconf 71' lang='lat' dir='ltr'><strong>Rarnrcarlo</strong></span> <span class='ocrx_word' id='word_1_230' title='bbox 740 3950 883 4000; x_wconf 74' lang='lat' dir='ltr'>OPERUM</span> <span class='ocrx_word' id='word_1_231' title='bbox 906 3935 1110 4000; x_wconf 77' lang='lat' dir='ltr'><strong>Baannwml</strong></span> <span class='ocrx_word' id='word_1_232' title='bbox 1133 3950 1401 3999; x_wconf 75' lang='lat' dir='ltr'><strong>ancnlarlscorl</strong></span> 
     </span>
    </p>
   </div>
   <div class='ocr_carea' id='block_1_6' title="bbox 253 4070 1581 4455">
    <p class='ocr_par' dir='ltr' id='par_1_6' title="bbox 253 4070 1581 4455">
     <span class='ocr_line' id='line_1_32' title="bbox 254 4070 1581 4170; baseline 0.003 -34"><span class='ocrx_word' id='word_1_233' title='bbox 254 4075 402 4170; x_wconf 52' lang='lat' dir='ltr'><strong>{mm</strong></span> <span class='ocrx_word' id='word_1_234' title='bbox 469 4071 648 4148; x_wconf 88' lang='lat' dir='ltr'><strong>“Domine,</strong></span> <span class='ocrx_word' id='word_1_235' title='bbox 671 4070 792 4135; x_wconf 82' lang='lat' dir='ltr'><strong>exaudi</strong></span> <span class='ocrx_word' id='word_1_236' title='bbox 826 4070 1007 4135; x_wconf 87' lang='lat' dir='ltr'><strong>orationem</strong></span> <span class='ocrx_word' id='word_1_237' title='bbox 1041 4090 1155 4146; x_wconf 90' lang='lat' dir='ltr'><strong>meam,</strong></span> <span class='ocrx_word' id='word_1_238' title='bbox 1178 4077 1213 4135; x_wconf 92' lang='lat' dir='ltr'><strong>et</strong></span> <span class='ocrx_word' id='word_1_239' title='bbox 1241 4070 1363 4136; x_wconf 89' lang='lat' dir='ltr'><strong>clamor</strong></span> <span class='ocrx_word' id='word_1_240' title='bbox 1386 4088 1528 4136; x_wconf 73' lang='lat' dir='ltr'><strong>meuses.</strong></span> <span class='ocrx_word' id='word_1_241' title='bbox 1537 4090 1581 4140; x_wconf 75' lang='lat' dir='ltr'><strong>eit.</strong></span> 
     </span>
     <span class='ocr_line' id='line_1_33' title="bbox 253 4171 1478 4280; baseline 0 -42"><span class='ocrx_word' id='word_1_242' title='bbox 253 4176 431 4280; x_wconf 35' lang='lat' dir='ltr'><strong>&amp;bidom</strong></span> <span class='ocrx_word' id='word_1_243' title='bbox 433 4175 506 4239; x_wconf 89' lang='lat' dir='ltr'><strong>‘ad</strong></span> <span class='ocrx_word' id='word_1_244' title='bbox 539 4194 634 4238; x_wconf 84' lang='lat' dir='ltr'><strong>aurea</strong></span> <span class='ocrx_word' id='word_1_245' title='bbox 658 4178 777 4238; x_wconf 78' lang='lat' dir='ltr'><strong>vestrm</strong></span> <span class='ocrx_word' id='word_1_246' title='bbox 811 4173 984 4258; x_wconf 86' lang='lat' dir='ltr'><strong>perveniat</strong></span> <span class='ocrx_word' id='word_1_247' title='bbox 1016 4172 1157 4259; x_wconf 90' lang='lat' dir='ltr'><strong>pietatis.</strong></span> <span class='ocrx_word' id='word_1_248' title='bbox 1205 4171 1337 4238; x_wconf 82' lang='lat' dir='ltr'><strong>Clamor</strong></span> <span class='ocrx_word' id='word_1_249' title='bbox 1359 4179 1478 4251; x_wconf 90' lang='lat' dir='ltr'><strong>noster,</strong></span> 
     </span>
     <span class='ocr_line' id='line_1_34' title="bbox 423 4274 1478 4362; baseline -0.002 -20.921"><span class='ocrx_word' id='word_1_250' title='bbox 423 4274 640 4341; x_wconf 88' lang='lat' dir='ltr'><strong>‘reverende</strong></span> <span class='ocrx_word' id='word_1_251' title='bbox 674 4274 809 4362; x_wconf 86' lang='lat' dir='ltr'><strong>pater,</strong></span> <span class='ocrx_word' id='word_1_252' title='bbox 795 4295 867 4358; x_wconf 73' lang='lat' dir='ltr'><strong>jam</strong></span> <span class='ocrx_word' id='word_1_253' title='bbox 901 4274 936 4337; x_wconf 93' lang='lat' dir='ltr'><strong>in</strong></span> <span class='ocrx_word' id='word_1_254' title='bbox 970 4274 1106 4338; x_wconf 84' lang='lat' dir='ltr'><strong>tertium</strong></span> <span class='ocrx_word' id='word_1_255' title='bbox 1139 4295 1263 4338; x_wconf 91' lang='lat' dir='ltr'><strong>annum</strong></span> <span class='ocrx_word' id='word_1_256' title='bbox 1295 4279 1478 4361; x_wconf 83' lang='lat' dir='ltr'><strong>protractus</strong></span> 
     </span>
     <span class='ocr_line' id='line_1_35' title="bbox 423 4375 1478 4455; baseline -0.001 -12"><span class='ocrx_word' id='word_1_257' title='bbox 423 4387 440 4413; x_wconf 88' lang='lat'><em>“</em></span> <span class='ocrx_word' id='word_1_258' title='bbox 464 4385 522 4455; x_wconf 87' lang='lat' dir='ltr'><strong>est,</strong></span> <span class='ocrx_word' id='word_1_259' title='bbox 547 4384 585 4443; x_wconf 91' lang='lat' dir='ltr'><strong>ut</strong></span> <span class='ocrx_word' id='word_1_260' title='bbox 607 4400 649 4442; x_wconf 88' lang='lat' dir='ltr'><strong>ex</strong></span> <span class='ocrx_word' id='word_1_261' title='bbox 671 4376 864 4442; x_wconf 88' lang='lat' dir='ltr'><strong>assiduitate</strong></span> <span class='ocrx_word' id='word_1_262' title='bbox 887 4375 1036 4440; x_wconf 87' lang='lat' dir='ltr'><strong>clamoris</strong></span> <span class='ocrx_word' id='word_1_263' title='bbox 1059 4382 1094 4440; x_wconf 90' lang='lat' dir='ltr'><strong>et</strong></span> <span class='ocrx_word' id='word_1_264' title='bbox 1116 4377 1263 4441; x_wconf 85' lang='lat' dir='ltr'><strong>moeroris</strong></span> <span class='ocrx_word' id='word_1_265' title='bbox 1285 4377 1389 4441; x_wconf 84' lang='lat' dir='ltr'><strong>nostri</strong></span> <span class='ocrx_word' id='word_1_266' title='bbox 1411 4398 1478 4442; x_wconf 92' lang='lat' dir='ltr'><strong>non</strong></span> 
     </span>
    </p>
   </div>
   <div class='ocr_carea' id='block_1_7' title="bbox 254 4477 1477 4573">
    <p class='ocr_par' dir='ltr' id='par_1_7' title="bbox 254 4477 1477 4573">
     <span class='ocr_line' id='line_1_36' title="bbox 254 4477 1477 4573; baseline 0.003 -32"><span class='ocrx_word' id='word_1_267' title='bbox 254 4477 401 4573; x_wconf 60' lang='lat' dir='ltr'><strong>fflQffl</strong></span> <span class='ocrx_word' id='word_1_268' title='bbox 423 4490 440 4516; x_wconf 87' lang='lat'><strong>“</strong></span> <span class='ocrx_word' id='word_1_269' title='bbox 463 4481 569 4546; x_wconf 91' lang='lat' dir='ltr'><strong>solum</strong></span> <span class='ocrx_word' id='word_1_270' title='bbox 604 4480 639 4544; x_wconf 91' lang='lat' dir='ltr'><strong>in</strong></span> <span class='ocrx_word' id='word_1_271' title='bbox 673 4479 735 4545; x_wconf 85' lang='lat' dir='ltr'><strong>hac</strong></span> <span class='ocrx_word' id='word_1_272' title='bbox 768 4478 849 4543; x_wconf 91' lang='lat' dir='ltr'><strong>urbe</strong></span> <span class='ocrx_word' id='word_1_273' title='bbox 871 4478 1029 4555; x_wconf 88' lang='lat' dir='ltr'><strong>Romana,</strong></span> <span class='ocrx_word' id='word_1_274' title='bbox 1052 4478 1109 4543; x_wconf 87' lang='lat' dir='ltr'><strong>sed</strong></span> <span class='ocrx_word' id='word_1_275' title='bbox 1141 4478 1177 4543; x_wconf 92' lang='lat' dir='ltr'><strong>in</strong></span> <span class='ocrx_word' id='word_1_276' title='bbox 1209 4478 1286 4543; x_wconf 90' lang='lat' dir='ltr'><strong>orbe</strong></span> <span class='ocrx_word' id='word_1_277' title='bbox 1316 4485 1477 4544; x_wconf 83' lang='lat' dir='ltr'><strong>terrarum</strong></span> 
     </span>
    </p>
   </div>
   <div class='ocr_carea' id='block_1_8' title="bbox 457 4703 1230 4773">
    <p class='ocr_par' dir='ltr' id='par_1_8' title="bbox 457 4703 1230 4773">
     <span class='ocr_line' id='line_1_37' title="bbox 457 4703 1230 4773; baseline -0.003 -14"><span class='ocrx_word' id='word_1_278' title='bbox 457 4707 580 4773; x_wconf 80' lang='lat' dir='ltr'><strong>¹matrr&#39;r]</strong></span> <span class='ocrx_word' id='word_1_279' title='bbox 593 4717 707 4769; x_wconf 82' lang='lat' dir='ltr'><strong>matram,</strong></span> <span class='ocrx_word' id='word_1_280' title='bbox 719 4706 748 4759; x_wconf 84' lang='lat' dir='ltr'><strong>O.</strong></span> <span class='ocrx_word' id='word_1_281' title='bbox 947 4704 952 4772; x_wconf 86' lang='grc' dir='ltr'>Ι</span> <span class='ocrx_word' id='word_1_282' title='bbox 1001 4704 1087 4771; x_wconf 70' lang='lat' dir='ltr'><strong>lejus]</strong></span> <span class='ocrx_word' id='word_1_283' title='bbox 1102 4703 1189 4770; x_wconf 82' lang='lat' dir='ltr'><strong>ipsius,</strong></span> <span class='ocrx_word' id='word_1_284' title='bbox 1201 4704 1230 4757; x_wconf 82' lang='lat' dir='ltr'><strong>C.</strong></span> 
     </span>
    </p>
   </div>
   <div class='ocr_carea' id='block_1_9' title="bbox 0 0 1790 5744">
    <p class='ocr_par' dir='ltr' id='par_1_9' title="bbox 0 0 1790 5744">
     <span class='ocr_line' id='line_1_38' title="bbox 0 0 1790 5744; baseline 0 0"><span class='ocrx_word' id='word_1_285' title='bbox 0 0 1790 5744; x_wconf 95' lang='lat' dir='ltr'><strong> </strong></span> 
     </span>
    </p>
   </div>
  </div>
 </body>
</html>
