3662 5728
386 810 449 874 126
585 825 747 875 enarmrr
769 825 930 875 nossem
952 825 1224 876 carronarnnsrs

233 1011 356 1058 ΑΜ·
384 1017 419 1077 et
456 1011 559 1089 nichil
596 1012 716 1078 hostile
753 1016 923 1090 metueret,
954 1011 1012 1076 ubi
1050 1011 1258 1098 repentinam
1286 1011 1434 1079 hostium

216 1080 327 1184 {ltili
383 1114 601 1201 irruptionem
631 1115 776 1201 agnovit,
807 1119 922 1180 tantus
961 1115 1060 1179 timor
1098 1114 1193 1179 illurn
1231 1115 1364 1193 invasit,
1395 1123 1435 1182 ut

216 1183 313 1277 ‘dibu
383 1217 497 1303 fugam
527 1219 687 1304 arriperet
717 1217 935 1284 inhonestam.
983 1218 1039 1284 Sic
1067 1239 1127 1282 rex
1156 1216 1436 1285 commilitonibus

383 1319 459 1396 suis,
491 1320 578 1384 vasis
608 1321 716 1386 aureis
752 1326 787 1385 et
816 1319 988 1407 argenteis,
1019 1320 1209 1405 caeterisque
1240 1320 1336 1385 rebus
1366 1321 1434 1387 suis

380 1426 459 1507 post
482 1427 575 1508 terga
600 1421 730 1500 relictis,
762 1422 825 1486 sub
854 1422 926 1507 ipsa
955 1421 1061 1486 noctis
1092 1420 1232 1507 caligine
1262 1442 1330 1487 una
1359 1443 1434 1488 cum

382 1522 486 1588 fratre
510 1544 570 1588 suo
593 1523 759 1591 Wentano
784 1525 936 1610 episcopo
961 1544 1079 1589 manus
1103 1523 1232 1588 comitis
1255 1529 1434 1610 utcumque

339 1668 342 1673 -
384 1624 498 1690 evasit.
546 1622 681 1690 Sodales
710 1625 814 1711 igitur
843 1625 973 1691 comitis
1004 1624 1156 1689 ferociter
1184 1624 1310 1710 regales
1339 1626 1434 1692 inva-

381 1708 475 1804 durit,
512 1727 656 1813 capiunt,
694 1727 835 1805 caedunt,
883 1733 918 1793 et
966 1726 1130 1803 scindunt,
1168 1748 1314 1814 vasaque
1352 1730 1435 1817 regii

381 1829 556 1894 ministerii
572 1830 666 1915 quasi
688 1829 826 1895 licenter
845 1829 1015 1915 diripiunt.
1062 1826 1297 1914 Comprehensi
1312 1843 1381 1895 aunt
1398 1858 1434 1895 ex

382 1931 480 2018 regiis
504 1931 657 2018 plurimi;
678 1932 767 1997 inter
792 1953 874 2016 quos
900 1931 1035 2017 quidam
1066 1936 1253 2016 praepotens
1283 1938 1317 1998 et
1346 1933 1432 2020 regis
1445 1966 1479 2016 H.
1491 1967 1572 2016 Hune

270 2053 294 2083 ¹¹·
380 2034 506 2100 amicus
535 2041 702 2098 Willelmus
726 2040 880 2097 Martellns
904 2046 1006 2112 captus
1031 2044 1075 2096 est
1108 2036 1142 2096 et
1171 2032 1351 2112 abductus;
1374 2035 1431 2100 sed
1443 2034 1486 2085 lib·
1498 2034 1550 2085 'ffi-

381 2123 468 2188 datis
498 2147 551 2203 pro
574 2127 772 2200 redemptione
792 2128 838 2185 sui
879 2141 940 2186 occ.
982 2120 1099 2184 marcis
1136 2142 1211 2186 eum
1253 2116 1371 2187 castello
1394 2103 1532 2187 datm·

381 2219 540 2277 sireburne
569 2208 717 2274 libertati
746 2208 887 2294 propriae
916 2209 1091 2274 restitutus
1116 2211 1256 2276 recessit.
1314 2210 1432 2276 Paucis

380 2334 459 2378 vero
489 2312 605 2377 diebus
628 2309 778 2388 evolutis,
804 2319 983 2391 imperatrici
1007 2312 1102 2377 triste
1127 2313 1268 2399 contigit
1291 2311 1432 2377 infortu-

380 2414 481 2479 nium
527 2413 616 2479 Nam
641 2412 721 2477 Milo
746 2433 853 2478 comes
876 2410 1125 2478 Herefordensis
1149 2414 1299 2500 specialis
1329 2415 1433 2501 ipsius

380 2517 584 2583 nomiliarius
606 2519 712 2580 morte
726 2518 915 2601 praeventus
930 2514 1036 2580 vitam
1051 2515 1186 2581 finivit.¹
1219 2515 1323 2603 Cujus
1345 2539 1433 2582 mors

380 2619 581 2706 imperatrici
603 2639 671 2694 non
693 2616 854 2682 modicam
868 2616 1007 2703 ingessit
1021 2617 1223 2683 moestitiam.
1243 2648 1245 2655 v
1269 2618 1433 2685 Successit

380 2728 492 2787 autem
508 2721 538 2787 ei
553 2722 590 2785 in
613 2741 725 2786 curam
748 2717 924 2784 comitatus
939 2716 1100 2803 Rogerius
1122 2719 1210 2783 filius
1225 2720 1296 2805 ejus
1310 2721 1432 2807 primo·

380 2824 521 2911 genitus,
545 2827 643 2888 aetate
667 2820 799 2906 quidem
818 2819 954 2905 juvenis
968 2819 1027 2884 sed
1048 2820 1084 2884 in
1106 2821 1207 2885 armis
1228 2843 1303 2887 acer
1324 2823 1431 2888 nimis.

425 2925 498 2990 Hoc
520 2945 607 2990 anno
630 2922 774 2988 sacravit
799 2921 1031 2986 Theodbaldus
1056 2922 1304 3003 Cantuariensis
1327 2924 1432 2990 archi-

212 3047 333 3091 ocncccra
380 3028 550 3114 episcopus
562 3025 766 3111 Gilebertum
782 3022 995 3088 Lanelvensis
1017 3023 1160 3089 eeclesiae
1183 3024 1322 3089 electum
1343 3026 1432 3112 apud

210 3098 310 3208 libia,
380 3123 585 3204 Lamhethc?
607 3131 741 3211 accepta
766 3125 857 3211 prius
882 3124 924 3188 ab
951 3145 989 3189 eo
1016 3125 1220 3210 professione,
1246 3126 1432 3192 astantibus

211 3196 328 3300 iiiil’pii
380 3236 414 3294 et
453 3227 704 3315 cooperantibus
744 3225 893 3291 Roberto
941 3224 1163 3291 Londoniensi
1201 3227 1359 3313 episcopo,
1397 3234 1432 3293 et

378 3331 532 3397 Ascelino
554 3329 689 3395 Rofensi
713 3329 871 3416 episcopo.
1063 3344 1066 3349 ’

424 3433 574 3519 Regebat
593 3432 645 3496 his
671 3431 787 3496 diebus
811 3430 993 3515 prioratum
1015 3427 1157 3495 ecclesiae
1183 3430 1431 3514 Cantuariensis

211 3545 328 3640 Jeroegnoiph
378 3536 432 3600 vir
446 3535 528 3600 vitae
543 3532 749 3609 venerabilis,
765 3530 924 3596 Jeremias
946 3530 1087 3607 nomine,
1103 3531 1162 3617 qui
1184 3554 1205 3597 a
1220 3531 1430 3600 Theodbaldo

210 3646 303 3740 effi
380 3635 612 3703 Cantuariensi
638 3633 880 3719 archiepiscopo
906 3652 927 3697 a
949 3631 1002 3697 die
1029 3654 1094 3718 quo
1121 3633 1165 3698 ab
1188 3634 1259 3719 ipso
1285 3635 1431 3701 Jeremia

210 3726 361 3800 anacim.
379 3740 501 3806 electus
528 3743 586 3815 est,
602 3738 638 3801 in
665 3741 761 3802 tanta
786 3735 971 3800 reverentia
995 3733 1130 3799 habitus
1155 3741 1266 3813 estut
1289 3737 1319 3802 ei
1343 3739 1430 3805 vices

379 3865 455 3908 suas
486 3841 686 3927 aliquotiens
711 3839 941 3914 committeret,
973 3842 1008 3902 et
1033 3859 1076 3902 ex
1100 3839 1297 3904 auctoritate
1324 3841 1430 3907 arehi-

377 3945 522 4032 episcopi
555 3941 778 4009 sacerdotibus
808 3939 938 4006 Cantiae
962 3938 1100 4004 focarias
1124 3940 1298 4020 inhiberet,
1324 3946 1359 4007 et
1387 3965 1430 4009 ne

377 4049 450 4134 quis
466 4047 502 4111 in
517 4044 659 4112 ecclesiis
675 4064 749 4130 quse
765 4042 808 4107 ad
829 4042 1035 4107 conventum
1044 4042 1213 4128 pertinent
1223 4044 1280 4129 jus
1295 4044 1430 4130 aliquod

376 4154 550 4235 usurparet
572 4147 638 4212 nisi
664 4168 724 4233 per
748 4145 927 4210 Jeremiam
962 4144 1112 4230 priorem.
1159 4145 1316 4211 Processu
1351 4169 1429 4213 vero

377 4251 533 4337 temporis
563 4248 693 4314 invidia
723 4246 845 4312 diaboli
885 4249 920 4310 et
949 4244 1184 4310 maledicorum
1219 4247 1428 4333 suggestione

377 4356 588 4438 procuratum
610 4355 668 4428 est,
685 4356 725 4414 ut
750 4353 847 4414 tanta
876 4367 943 4432 pax
974 4351 1009 4411 et
1037 4347 1149 4413 unitas
1181 4346 1428 4414 Ocntucriensis

409 4548 505 4599 ¹Milea
534 4548 564 4598 ot'
595 4547 719 4599 Hereiord
747 4546 806 4597 died
842 4559 875 4594 on
923 4543 1128 4595 irreconcileable
1148 4542 1209 4594 with
1222 4544 1278 4595 that
1297 4545 1426 4611 ofHenry

376 4627 518 4680 Chriatmas
551 4628 614 4687 Ere,
645 4631 724 4685 11433
766 4641 807 4675 see
848 4623 875 4675 J.
924 4620 955 4672 of
979 4621 1156 4687 Huntingdon,
1184 4622 1241 4672 who
1268 4623 1352 4687 places
1382 4623 1426 4676 the

375 4705 560 4763 Euhemeri
580 4703 668 4766 Ruina,
686 4719 711 4768 p.
733 4709 787 4753 146.
822 4704 876 4754 The
924 4698 1424 4762 captureofwiuicmttartetinrrea

374 4785 529 4853 chronology
540 4784 571 4835 of
579 4784 688 4836 Gervase
699 4783 720 4833 is
737 4784 797 4835 here
808 4781 876 4849 quite
957 4790 968 4824 ²
979 4789 1128 4858 Lamtcrle]
1142 4792 1307 4857 Lambhethe,
1319 4794 1349 4847 C.
