<?xml version="1.0" encoding="UTF-8"?>
<!DOCTYPE html PUBLIC "-//W3C//DTD XHTML 1.0 Transitional//EN"
    "http://www.w3.org/TR/xhtml1/DTD/xhtml1-transitional.dtd">
<html xmlns="http://www.w3.org/1999/xhtml" xml:lang="en" lang="en">
 <head>
  <title>
</title>
<meta http-equiv="Content-Type" content="text/html;charset=utf-8" />
  <meta name='ocr-system' content='tesseract 3.04.00' />
  <meta name='ocr-capabilities' content='ocr_page ocr_carea ocr_par ocr_line ocrx_word'/>
</head>
<body>
  <div class='ocr_page' id='page_1' title='image "./historicalworks00offigoog_0230.png"; bbox 0 0 3662 5728; ppageno 0'>
   <div class='ocr_carea' id='block_1_1' title="bbox 433 860 1287 925">
    <p class='ocr_par' dir='ltr' id='par_1_1' title="bbox 433 860 1287 925">
     <span class='ocr_line' id='line_1_1' title="bbox 433 860 1287 925; baseline -0.007 0"><span class='ocrx_word' id='word_1_1' title='bbox 433 860 498 925; x_wconf 85' lang='lat'><strong>166</strong></span> <span class='ocrx_word' id='word_1_2' title='bbox 643 871 806 922; x_wconf 80' lang='lat' dir='ltr'><strong>onsvssn</strong></span> <span class='ocrx_word' id='word_1_3' title='bbox 828 869 990 921; x_wconf 78' lang='lat' dir='ltr'><strong>nossem</strong></span> <span class='ocrx_word' id='word_1_4' title='bbox 1012 867 1287 920; x_wconf 75' lang='lat' dir='ltr'><strong>carmammsrs</strong></span> 
     </span>
    </p>
   </div>
   <div class='ocr_carea' id='block_1_2' title="bbox 282 1053 1490 1146">
    <p class='ocr_par' dir='ltr' id='par_1_2' title="bbox 282 1053 1490 1146">
     <span class='ocr_line' id='line_1_2' title="bbox 282 1053 1490 1146; baseline -0.002 -23"><span class='ocrx_word' id='word_1_5' title='bbox 282 1078 407 1127; x_wconf 70' lang='lat' dir='ltr'><strong>sonsa</strong></span> <span class='ocrx_word' id='word_1_6' title='bbox 434 1058 614 1146; x_wconf 88' lang='lat' dir='ltr'><strong>aquodam</strong></span> <span class='ocrx_word' id='word_1_7' title='bbox 636 1079 711 1145; x_wconf 85' lang='lat' dir='ltr'><strong>rege</strong></span> <span class='ocrx_word' id='word_1_8' title='bbox 727 1056 856 1124; x_wconf 84' lang='lat' dir='ltr'><strong>Gualiae</strong></span> <span class='ocrx_word' id='word_1_9' title='bbox 872 1063 907 1124; x_wconf 90' lang='lat' dir='ltr'><strong>et</strong></span> <span class='ocrx_word' id='word_1_10' title='bbox 921 1056 1088 1143; x_wconf 76' lang='lat' dir='ltr'>aliquibus</span> <span class='ocrx_word' id='word_1_11' title='bbox 1103 1056 1282 1123; x_wconf 81' lang='lat' dir='ltr'><strong>baronibus</strong></span> <span class='ocrx_word' id='word_1_12' title='bbox 1304 1053 1490 1122; x_wconf 89' lang='lat' dir='ltr'><strong>hominium</strong></span> 
     </span>
    </p>
   </div>
   <div class='ocr_carea' id='block_1_3' title="bbox 263 1141 958 1288">
    <p class='ocr_par' dir='ltr' id='par_1_3' title="bbox 263 1141 958 1288">
     <span class='ocr_line' id='line_1_3' title="bbox 263 1141 958 1288; baseline 0 -61"><span class='ocrx_word' id='word_1_13' title='bbox 263 1141 384 1288; x_wconf 39' lang='lat' dir='ltr'><strong>&amp;2¹1⁸ss</strong></span> <span class='ocrx_word' id='word_1_14' title='bbox 437 1166 472 1227; x_wconf 87' lang='lat' dir='ltr'><strong>et</strong></span> <span class='ocrx_word' id='word_1_15' title='bbox 494 1160 631 1239; x_wconf 90' lang='lat' dir='ltr'><strong>obsides,</strong></span> <span class='ocrx_word' id='word_1_16' title='bbox 655 1165 690 1225; x_wconf 90' lang='lat' dir='ltr'><strong>et</strong></span> <span class='ocrx_word' id='word_1_17' title='bbox 712 1182 863 1226; x_wconf 89' lang='lat' dir='ltr'><strong>reversus</strong></span> <span class='ocrx_word' id='word_1_18' title='bbox 885 1165 958 1227; x_wconf 82' lang='lat' dir='ltr'><strong>est&#39;</strong></span> 
     </span>
    </p>
   </div>
   <div class='ocr_carea' id='block_1_4' title="bbox 796 1386 1125 1455">
    <p class='ocr_par' dir='ltr' id='par_1_4' title="bbox 796 1386 1125 1455">
     <span class='ocr_line' id='line_1_4' title="bbox 796 1386 1125 1455; baseline -0.003 -1"><span class='ocrx_word' id='word_1_19' title='bbox 796 1386 1125 1455; x_wconf 73' lang='lat' dir='ltr'><strong>Mearm-XIX.</strong></span> 
     </span>
    </p>
   </div>
   <div class='ocr_carea' id='block_1_5' title="bbox 283 1535 1495 1624">
    <p class='ocr_par' dir='ltr' id='par_1_5' title="bbox 283 1535 1495 1624">
     <span class='ocr_line' id='line_1_5' title="bbox 283 1535 1495 1624; baseline -0.005 -17"><span class='ocrx_word' id='word_1_20' title='bbox 283 1562 407 1609; x_wconf 72' lang='lat' dir='ltr'><strong>annua</strong></span> <span class='ocrx_word' id='word_1_21' title='bbox 482 1539 557 1606; x_wconf 84' lang='lat' dir='ltr'><strong>Rex</strong></span> <span class='ocrx_word' id='word_1_22' title='bbox 579 1538 744 1605; x_wconf 90' lang='lat' dir='ltr'><strong>Henricus</strong></span> <span class='ocrx_word' id='word_1_23' title='bbox 766 1538 1008 1615; x_wconf 73' lang='lat' dir='ltr'><strong>transfretavit,</strong></span> <span class='ocrx_word' id='word_1_24' title='bbox 1032 1535 1086 1603; x_wconf 90' lang='lat' dir='ltr'><strong>et¹</strong></span> <span class='ocrx_word' id='word_1_25' title='bbox 1115 1537 1261 1602; x_wconf 88' lang='lat' dir='ltr'><strong>Parisius</strong></span> <span class='ocrx_word' id='word_1_26' title='bbox 1287 1535 1452 1624; x_wconf 88' lang='lat' dir='ltr'><strong>profectus</strong></span> <span class='ocrx_word' id='word_1_27' title='bbox 1474 1557 1495 1601; x_wconf 88' lang='lat' dir='ltr'><strong>a</strong></span> 
     </span>
    </p>
   </div>
   <div class='ocr_carea' id='block_1_6' title="bbox 267 1628 1494 1729">
    <p class='ocr_par' dir='ltr' id='par_1_6' title="bbox 267 1628 1494 1729">
     <span class='ocr_line' id='line_1_6' title="bbox 267 1628 1494 1729; baseline -0.005 -20"><span class='ocrx_word' id='word_1_28' title='bbox 267 1628 513 1729; x_wconf 51' lang='lat' dir='ltr'><strong>fflfflrege</strong></span> <span class='ocrx_word' id='word_1_29' title='bbox 536 1642 683 1708; x_wconf 77' lang='lat' dir='ltr'><strong>Francia</strong></span> <span class='ocrx_word' id='word_1_30' title='bbox 707 1640 872 1706; x_wconf 90' lang='lat' dir='ltr'><strong>Lodovico</strong></span> <span class='ocrx_word' id='word_1_31' title='bbox 894 1641 931 1705; x_wconf 92' lang='lat' dir='ltr'><strong>in</strong></span> <span class='ocrx_word' id='word_1_32' title='bbox 953 1660 1074 1727; x_wconf 86' lang='lat' dir='ltr'><strong>magna</strong></span> <span class='ocrx_word' id='word_1_33' title='bbox 1095 1639 1200 1725; x_wconf 82' lang='lat' dir='ltr'><strong>gloria</strong></span> <span class='ocrx_word' id='word_1_34' title='bbox 1222 1644 1257 1704; x_wconf 90' lang='lat' dir='ltr'><strong>et</strong></span> <span class='ocrx_word' id='word_1_35' title='bbox 1278 1637 1401 1705; x_wconf 92' lang='lat' dir='ltr'><strong>honore</strong></span> <span class='ocrx_word' id='word_1_36' title='bbox 1424 1661 1494 1704; x_wconf 91' lang='lat' dir='ltr'><strong>sus-</strong></span> 
     </span>
    </p>
   </div>
   <div class='ocr_carea' id='block_1_7' title="bbox 267 1730 1497 2677">
    <p class='ocr_par' dir='ltr' id='par_1_7' title="bbox 267 1730 1497 2677">
     <span class='ocr_line' id='line_1_7' title="bbox 267 1730 1494 1839; baseline -0.005 -28"><span class='ocrx_word' id='word_1_37' title='bbox 267 1730 425 1839; x_wconf 56' lang='lat' dir='ltr'><strong>ffifflss&#39;ss,</strong></span> <span class='ocrx_word' id='word_1_38' title='bbox 437 1750 551 1831; x_wconf 87' lang='lat' dir='ltr'><strong>ceptus</strong></span> <span class='ocrx_word' id='word_1_39' title='bbox 566 1749 618 1810; x_wconf 91' lang='lat' dir='ltr'><strong>est</strong></span> <span class='ocrx_word' id='word_1_40' title='bbox 629 1742 651 1824; x_wconf 72' lang='lat'><strong>3²</strong></span> <span class='ocrx_word' id='word_1_41' title='bbox 673 1742 776 1808; x_wconf 89' lang='lat' dir='ltr'><strong>filiam</strong></span> <span class='ocrx_word' id='word_1_42' title='bbox 793 1743 863 1828; x_wconf 87' lang='lat' dir='ltr'><strong>ejus</strong></span> <span class='ocrx_word' id='word_1_43' title='bbox 878 1741 948 1807; x_wconf 90' lang='lat' dir='ltr'><strong>filio</strong></span> <span class='ocrx_word' id='word_1_44' title='bbox 963 1763 1023 1806; x_wconf 94' lang='lat' dir='ltr'><strong>suo</strong></span> <span class='ocrx_word' id='word_1_45' title='bbox 1038 1740 1183 1807; x_wconf 90' lang='lat' dir='ltr'><strong>Henrico</strong></span> <span class='ocrx_word' id='word_1_46' title='bbox 1198 1741 1297 1827; x_wconf 89' lang='lat' dir='ltr'><strong>petiit</strong></span> <span class='ocrx_word' id='word_1_47' title='bbox 1313 1745 1347 1806; x_wconf 92' lang='lat' dir='ltr'><strong>et</strong></span> <span class='ocrx_word' id='word_1_48' title='bbox 1360 1741 1494 1826; x_wconf 88' lang='lat' dir='ltr'><strong>accepit.</strong></span> 
     </span>
     <span class='ocr_line' id='line_1_8' title="bbox 267 1829 1495 1933; baseline -0.003 -21"><span class='ocrx_word' id='word_1_49' title='bbox 267 1829 362 1875; x_wconf 51' lang='lat'><strong>¹¹¹⁸⁸⁰¹³</strong></span> <span class='ocrx_word' id='word_1_50' title='bbox 437 1847 486 1912; x_wconf 84' lang='lat' dir='ltr'><strong>Eo</strong></span> <span class='ocrx_word' id='word_1_51' title='bbox 508 1852 663 1933; x_wconf 87' lang='lat' dir='ltr'><strong>tempore,</strong></span> <span class='ocrx_word' id='word_1_52' title='bbox 686 1865 746 1932; x_wconf 91' lang='lat' dir='ltr'><strong>per</strong></span> <span class='ocrx_word' id='word_1_53' title='bbox 768 1844 967 1909; x_wconf 79' lang='lat' dir='ltr'><strong>industriam</strong></span> <span class='ocrx_word' id='word_1_54' title='bbox 990 1843 1125 1910; x_wconf 85' lang='lat' dir='ltr'><strong>Th0mae</strong></span> <span class='ocrx_word' id='word_1_55' title='bbox 1148 1843 1332 1909; x_wconf 87' lang='lat' dir='ltr'><strong>cancellarii</strong></span> <span class='ocrx_word' id='word_1_56' title='bbox 1359 1864 1380 1908; x_wconf 90' lang='lat' dir='ltr'><strong>a</strong></span> <span class='ocrx_word' id='word_1_57' title='bbox 1409 1843 1495 1908; x_wconf 92' lang='lat' dir='ltr'><strong>Lon-</strong></span> 
     </span>
     <span class='ocr_line' id='line_1_9' title="bbox 437 1944 1496 2034; baseline -0.003 -20"><span class='ocrx_word' id='word_1_58' title='bbox 437 1948 546 2027; x_wconf 88' lang='lat' dir='ltr'><strong>donia,</strong></span> <span class='ocrx_word' id='word_1_59' title='bbox 568 1970 629 2013; x_wconf 86' lang='lat' dir='ltr'><strong>rex</strong></span> <span class='ocrx_word' id='word_1_60' title='bbox 650 1947 782 2034; x_wconf 84' lang='lat' dir='ltr'><strong>Angliae</strong></span> <span class='ocrx_word' id='word_1_61' title='bbox 805 1944 848 2011; x_wconf 75' lang='lat' dir='ltr'><strong>a³</strong></span> <span class='ocrx_word' id='word_1_62' title='bbox 869 1967 946 2033; x_wconf 86' lang='lat' dir='ltr'><strong>rege</strong></span> <span class='ocrx_word' id='word_1_63' title='bbox 977 1945 1178 2013; x_wconf 76' lang='lat' dir='ltr'><strong>Francorum</strong></span> <span class='ocrx_word' id='word_1_64' title='bbox 1203 1945 1496 2023; x_wconf 81' lang='lat' dir='ltr'><strong>Christianissimo,</strong></span> 
     </span>
     <span class='ocr_line' id='line_1_10' title="bbox 437 2047 1496 2134; baseline -0.002 -20"><span class='ocrx_word' id='word_1_65' title='bbox 437 2050 511 2115; x_wconf 91' lang='lat' dir='ltr'><strong>viro</strong></span> <span class='ocrx_word' id='word_1_66' title='bbox 525 2056 639 2116; x_wconf 86' lang='lat' dir='ltr'><strong>tamen</strong></span> <span class='ocrx_word' id='word_1_67' title='bbox 661 2049 761 2114; x_wconf 88' lang='lat' dir='ltr'><strong>nimis</strong></span> <span class='ocrx_word' id='word_1_68' title='bbox 777 2047 928 2134; x_wconf 89' lang='lat' dir='ltr'><strong>simplici,</strong></span> <span class='ocrx_word' id='word_1_69' title='bbox 951 2047 1107 2133; x_wconf 89' lang='lat' dir='ltr'><strong>optinuit,</strong></span> <span class='ocrx_word' id='word_1_70' title='bbox 1122 2053 1162 2112; x_wconf 92' lang='lat' dir='ltr'><strong>ut</strong></span> <span class='ocrx_word' id='word_1_71' title='bbox 1184 2048 1279 2134; x_wconf 88' lang='lat' dir='ltr'><strong>quasi</strong></span> <span class='ocrx_word' id='word_1_72' title='bbox 1300 2047 1496 2113; x_wconf 72' lang='lat' dir='ltr'><strong>senescallus</strong></span> 
     </span>
     <span class='ocr_line' id='line_1_11' title="bbox 438 2148 1497 2238; baseline -0.003 -21"><span class='ocrx_word' id='word_1_73' title='bbox 438 2151 525 2238; x_wconf 82' lang='lat' dir='ltr'><strong>regis</strong></span> <span class='ocrx_word' id='word_1_74' title='bbox 547 2151 749 2217; x_wconf 77' lang='lat' dir='ltr'><strong>Francorum</strong></span> <span class='ocrx_word' id='word_1_75' title='bbox 771 2150 913 2214; x_wconf 86' lang='lat' dir='ltr'><strong>intraret</strong></span> <span class='ocrx_word' id='word_1_76' title='bbox 945 2148 1163 2225; x_wconf 86' lang='lat' dir='ltr'><strong>Britanniam,</strong></span> <span class='ocrx_word' id='word_1_77' title='bbox 1191 2155 1225 2214; x_wconf 90' lang='lat' dir='ltr'><strong>et</strong></span> <span class='ocrx_word' id='word_1_78' title='bbox 1248 2149 1407 2235; x_wconf 89' lang='lat' dir='ltr'><strong>quosdam</strong></span> <span class='ocrx_word' id='word_1_79' title='bbox 1434 2149 1497 2215; x_wconf 92' lang='lat' dir='ltr'><strong>ibi·</strong></span> 
     </span>
     <span class='ocr_line' id='line_1_12' title="bbox 439 2251 1497 2337; baseline 0 -19"><span class='ocrx_word' id='word_1_80' title='bbox 439 2254 515 2319; x_wconf 91' lang='lat' dir='ltr'><strong>dem</strong></span> <span class='ocrx_word' id='word_1_81' title='bbox 546 2254 634 2318; x_wconf 88' lang='lat' dir='ltr'><strong>inter</strong></span> <span class='ocrx_word' id='word_1_82' title='bbox 656 2274 691 2318; x_wconf 87' lang='lat' dir='ltr'><strong>se</strong></span> <span class='ocrx_word' id='word_1_83' title='bbox 725 2252 894 2337; x_wconf 88' lang='lat' dir='ltr'><strong>inquietos</strong></span> <span class='ocrx_word' id='word_1_84' title='bbox 917 2255 952 2316; x_wconf 87' lang='lat' dir='ltr'><strong>et</strong></span> <span class='ocrx_word' id='word_1_85' title='bbox 982 2251 1122 2317; x_wconf 79' lang='lat' dir='ltr'><strong>funebre</strong></span> <span class='ocrx_word' id='word_1_86' title='bbox 1153 2252 1278 2317; x_wconf 91' lang='lat' dir='ltr'><strong>bellum</strong></span> <span class='ocrx_word' id='word_1_87' title='bbox 1308 2257 1497 2318; x_wconf 82' lang='lat' dir='ltr'><strong>exercentes</strong></span> 
     </span>
     <span class='ocr_line' id='line_1_13' title="bbox 440 2353 1497 2440; baseline -0.001 -18"><span class='ocrx_word' id='word_1_88' title='bbox 440 2376 549 2422; x_wconf 87' lang='lat' dir='ltr'><strong>eoram</strong></span> <span class='ocrx_word' id='word_1_89' title='bbox 572 2377 607 2420; x_wconf 91' lang='lat' dir='ltr'><strong>se</strong></span> <span class='ocrx_word' id='word_1_90' title='bbox 638 2358 834 2420; x_wconf 79' lang='lat' dir='ltr'><strong>convocaret</strong></span> <span class='ocrx_word' id='word_1_91' title='bbox 858 2357 893 2418; x_wconf 90' lang='lat' dir='ltr'><strong>et</strong></span> <span class='ocrx_word' id='word_1_92' title='bbox 924 2353 1120 2439; x_wconf 87' lang='lat' dir='ltr'><strong>pacificaret,</strong></span> <span class='ocrx_word' id='word_1_93' title='bbox 1144 2358 1179 2419; x_wconf 91' lang='lat' dir='ltr'><strong>et</strong></span> <span class='ocrx_word' id='word_1_94' title='bbox 1200 2375 1300 2440; x_wconf 90' lang='lat' dir='ltr'><strong>quem</strong></span> <span class='ocrx_word' id='word_1_95' title='bbox 1330 2354 1497 2421; x_wconf 89' lang='lat' dir='ltr'><strong>inveniret</strong></span> 
     </span>
     <span class='ocr_line' id='line_1_14' title="bbox 269 2454 1497 2565; baseline -0.002 -42"><span class='ocrx_word' id='word_1_96' title='bbox 269 2470 400 2565; x_wconf 39' lang='lat' dir='ltr'><strong>ffioplrrdr</strong></span> <span class='ocrx_word' id='word_1_97' title='bbox 440 2456 595 2523; x_wconf 87' lang='lat' dir='ltr'><strong>rebellem</strong></span> <span class='ocrx_word' id='word_1_98' title='bbox 618 2455 781 2522; x_wconf 88' lang='lat' dir='ltr'><strong>violenter</strong></span> <span class='ocrx_word' id='word_1_99' title='bbox 803 2454 997 2549; x_wconf 79' lang='lat' dir='ltr'><strong>coherceret.</strong></span> <span class='ocrx_word' id='word_1_100' title='bbox 1037 2455 1103 2521; x_wconf 90' lang='lat' dir='ltr'><strong>Hic</strong></span> <span class='ocrx_word' id='word_1_101' title='bbox 1132 2455 1201 2521; x_wconf 82' lang='lat' dir='ltr'><strong>fuit</strong></span> <span class='ocrx_word' id='word_1_102' title='bbox 1223 2457 1497 2544; x_wconf 79' lang='lat' dir='ltr'><strong>primus-ingres-</strong></span> 
     </span>
     <span class='ocr_line' id='line_1_15' title="bbox 268 2534 1497 2677; baseline 0.001 -53"><span class='ocrx_word' id='word_1_103' title='bbox 268 2534 417 2677; x_wconf 53' lang='lat' dir='ltr'><strong>igpffi*</strong></span> <span class='ocrx_word' id='word_1_104' title='bbox 442 2581 498 2625; x_wconf 92' lang='lat' dir='ltr'><strong>sus</strong></span> <span class='ocrx_word' id='word_1_105' title='bbox 521 2558 593 2644; x_wconf 88' lang='lat' dir='ltr'><strong>ejus</strong></span> <span class='ocrx_word' id='word_1_106' title='bbox 615 2579 714 2645; x_wconf 90' lang='lat' dir='ltr'><strong>super</strong></span> <span class='ocrx_word' id='word_1_107' title='bbox 736 2557 890 2622; x_wconf 88' lang='lat' dir='ltr'><strong>Britones</strong></span> <span class='ocrx_word' id='word_1_108' title='bbox 913 2556 1120 2635; x_wconf 89' lang='lat' dir='ltr'><strong>edomandos,</strong></span> <span class='ocrx_word' id='word_1_109' title='bbox 1137 2562 1171 2623; x_wconf 91' lang='lat' dir='ltr'><strong>et</strong></span> <span class='ocrx_word' id='word_1_110' title='bbox 1194 2558 1241 2624; x_wconf 89' lang='lat' dir='ltr'><strong>sie</strong></span> <span class='ocrx_word' id='word_1_111' title='bbox 1262 2558 1433 2625; x_wconf 88' lang='lat' dir='ltr'><strong>civitatem</strong></span> <span class='ocrx_word' id='word_1_112' title='bbox 1457 2560 1497 2625; x_wconf 87' lang='lat' dir='ltr'><strong>de</strong></span> 
     </span>
    </p>
   </div>
   <div class='ocr_carea' id='block_1_8' title="bbox 271 2658 1499 2771">
    <p class='ocr_par' dir='ltr' id='par_1_8' title="bbox 271 2658 1499 2771">
     <span class='ocr_line' id='line_1_16' title="bbox 271 2658 1499 2771; baseline 0.007 -51"><span class='ocrx_word' id='word_1_113' title='bbox 271 2674 405 2771; x_wconf 50' lang='lat' dir='ltr'><strong>md</strong></span> <span class='ocrx_word' id='word_1_114' title='bbox 443 2660 572 2726; x_wconf 87' lang='lat' dir='ltr'><strong>Nautes</strong></span> <span class='ocrx_word' id='word_1_115' title='bbox 615 2660 659 2725; x_wconf 89' lang='lat' dir='ltr'><strong>ad</strong></span> <span class='ocrx_word' id='word_1_116' title='bbox 688 2659 746 2746; x_wconf 89' lang='lat' dir='ltr'><strong>jus</strong></span> <span class='ocrx_word' id='word_1_117' title='bbox 786 2680 856 2725; x_wconf 80' lang='lat' dir='ltr'><strong>sure</strong></span> <span class='ocrx_word' id='word_1_118' title='bbox 888 2658 1125 2725; x_wconf 85' lang='lat' dir='ltr'><strong>dominationis</strong></span> <span class='ocrx_word' id='word_1_119' title='bbox 1169 2659 1308 2725; x_wconf 84' lang='lat' dir='ltr'><strong>inflexit</strong></span> <span class='ocrx_word' id='word_1_120' title='bbox 1369 2661 1499 2728; x_wconf 88' lang='lat' dir='ltr'><strong>Dehinc</strong></span> 
     </span>
    </p>
   </div>
   <div class='ocr_carea' id='block_1_9' title="bbox 274 2749 1552 3458">
    <p class='ocr_par' dir='ltr' id='par_1_9' title="bbox 274 2749 1552 3458">
     <span class='ocr_line' id='line_1_17' title="bbox 442 2749 1499 2851; baseline -0.001 -21"><span class='ocrx_word' id='word_1_121' title='bbox 442 2749 636 2851; x_wconf 62' lang='lat' dir='ltr'><strong>expugnato</strong></span> <span class='ocrx_word' id='word_1_122' title='bbox 674 2759 822 2838; x_wconf 80' lang='lat' dir='ltr'><strong>ToarcO,⁴</strong></span> <span class='ocrx_word' id='word_1_123' title='bbox 858 2782 969 2846; x_wconf 84' lang='lat' dir='ltr'><strong>regem</strong></span> <span class='ocrx_word' id='word_1_124' title='bbox 1007 2760 1158 2826; x_wconf 85' lang='lat' dir='ltr'><strong>Franciae</strong></span> <span class='ocrx_word' id='word_1_125' title='bbox 1195 2783 1217 2827; x_wconf 88' lang='lat' dir='ltr'><strong>a</strong></span> <span class='ocrx_word' id='word_1_126' title='bbox 1255 2761 1499 2829; x_wconf 72' lang='lat' dir='ltr'><strong>cenomannica</strong></span> 
     </span>
     <span class='ocr_line' id='line_1_18' title="bbox 441 2862 1499 2952; baseline -0.001 -21"><span class='ocrx_word' id='word_1_127' title='bbox 441 2866 523 2931; x_wconf 91' lang='lat' dir='ltr'><strong>urbe</strong></span> <span class='ocrx_word' id='word_1_128' title='bbox 561 2864 605 2930; x_wconf 88' lang='lat' dir='ltr'><strong>ad</strong></span> <span class='ocrx_word' id='word_1_129' title='bbox 643 2864 792 2930; x_wconf 87' lang='lat' dir='ltr'><strong>Mentem</strong></span> <span class='ocrx_word' id='word_1_130' title='bbox 830 2862 946 2929; x_wconf 88' lang='lat' dir='ltr'><strong>Sancti</strong></span> <span class='ocrx_word' id='word_1_131' title='bbox 984 2862 1163 2942; x_wconf 86' lang='lat' dir='ltr'><strong>Michaelis,</strong></span> <span class='ocrx_word' id='word_1_132' title='bbox 1202 2869 1237 2929; x_wconf 88' lang='lat' dir='ltr'><strong>et</strong></span> <span class='ocrx_word' id='word_1_133' title='bbox 1282 2865 1402 2930; x_wconf 86' lang='lat' dir='ltr'><strong>exinde</strong></span> <span class='ocrx_word' id='word_1_134' title='bbox 1440 2887 1499 2952; x_wconf 88' lang='lat' dir='ltr'><strong>per</strong></span> 
     </span>
     <span class='ocr_line' id='line_1_19' title="bbox 442 2963 1498 3053; baseline -0.001 -20"><span class='ocrx_word' id='word_1_135' title='bbox 442 2967 588 3053; x_wconf 85' lang='lat' dir='ltr'><strong>Bajocas,</strong></span> <span class='ocrx_word' id='word_1_136' title='bbox 613 2963 806 3042; x_wconf 82' lang='lat' dir='ltr'><strong>Oadomum,</strong></span> <span class='ocrx_word' id='word_1_137' title='bbox 829 2965 1061 3052; x_wconf 83' lang='lat' dir='ltr'><strong>Rotomagum,</strong></span> <span class='ocrx_word' id='word_1_138' title='bbox 1084 2986 1152 3039; x_wconf 84' lang='lat' dir='ltr'><strong>non</strong></span> <span class='ocrx_word' id='word_1_139' title='bbox 1183 2965 1292 3051; x_wconf 91' lang='lat' dir='ltr'><strong>inpari</strong></span> <span class='ocrx_word' id='word_1_140' title='bbox 1315 2987 1414 3052; x_wconf 91' lang='lat' dir='ltr'><strong>quam</strong></span> <span class='ocrx_word' id='word_1_141' title='bbox 1441 2967 1498 3033; x_wconf 90' lang='lat' dir='ltr'><strong>ille</strong></span> 
     </span>
     <span class='ocr_line' id='line_1_20' title="bbox 443 3065 1499 3155; baseline -0.002 -20"><span class='ocrx_word' id='word_1_142' title='bbox 443 3090 520 3135; x_wconf 91' lang='lat' dir='ltr'><strong>eum</strong></span> <span class='ocrx_word' id='word_1_143' title='bbox 542 3088 602 3155; x_wconf 91' lang='lat' dir='ltr'><strong>per</strong></span> <span class='ocrx_word' id='word_1_144' title='bbox 631 3067 806 3133; x_wconf 88' lang='lat' dir='ltr'><strong>Franciam</strong></span> <span class='ocrx_word' id='word_1_145' title='bbox 836 3066 949 3154; x_wconf 85' lang='lat' dir='ltr'><strong>gloriae</strong></span> <span class='ocrx_word' id='word_1_146' title='bbox 972 3071 1007 3132; x_wconf 91' lang='lat' dir='ltr'><strong>et</strong></span> <span class='ocrx_word' id='word_1_147' title='bbox 1035 3065 1168 3132; x_wconf 91' lang='lat' dir='ltr'><strong>honoris</strong></span> <span class='ocrx_word' id='word_1_148' title='bbox 1194 3066 1441 3153; x_wconf 84' lang='lat' dir='ltr'><strong>magnificentia</strong></span> <span class='ocrx_word' id='word_1_149' title='bbox 1462 3068 1499 3133; x_wconf 90' lang='lat' dir='ltr'><strong>in</strong></span> 
     </span>
     <span class='ocr_line' id='line_1_21' title="bbox 274 3168 1552 3254; baseline -0.002 -18"><span class='ocrx_word' id='word_1_150' title='bbox 274 3198 430 3254; x_wconf 51' lang='lat' dir='ltr'><strong>mame„</strong></span> <span class='ocrx_word' id='word_1_151' title='bbox 443 3170 616 3236; x_wconf 84' lang='lat' dir='ltr'><strong>Franciam</strong></span> <span class='ocrx_word' id='word_1_152' title='bbox 639 3168 788 3234; x_wconf 87' lang='lat' dir='ltr'><strong>deduxit.</strong></span> <span class='ocrx_word' id='word_1_153' title='bbox 827 3168 952 3234; x_wconf 86' lang='lat' dir='ltr'><strong>Eodem</strong></span> <span class='ocrx_word' id='word_1_154' title='bbox 967 3172 1172 3233; x_wconf 73' lang='lat' dir='ltr'><strong>annotemus</strong></span> <span class='ocrx_word' id='word_1_155' title='bbox 1194 3172 1304 3234; x_wconf 91' lang='lat' dir='ltr'><strong>motus</strong></span> <span class='ocrx_word' id='word_1_156' title='bbox 1327 3169 1433 3235; x_wconf 87' lang='lat' dir='ltr'><strong>factus</strong></span> <span class='ocrx_word' id='word_1_157' title='bbox 1449 3176 1500 3236; x_wconf 89' lang='lat' dir='ltr'><strong>est</strong></span> <span class='ocrx_word' id='word_1_158' title='bbox 1547 3224 1552 3234; x_wconf 92' lang='lat'>.</span> 
     </span>
     <span class='ocr_line' id='line_1_22' title="bbox 443 3269 1500 3358; baseline -0.001 -20"><span class='ocrx_word' id='word_1_159' title='bbox 443 3273 481 3338; x_wconf 91' lang='lat' dir='ltr'><strong>in</strong></span> <span class='ocrx_word' id='word_1_160' title='bbox 502 3271 653 3358; x_wconf 87' lang='lat' dir='ltr'><strong>pluribus</strong></span> <span class='ocrx_word' id='word_1_161' title='bbox 675 3270 755 3337; x_wconf 91' lang='lat' dir='ltr'><strong>locis</strong></span> <span class='ocrx_word' id='word_1_162' title='bbox 777 3291 837 3356; x_wconf 89' lang='lat' dir='ltr'><strong>per</strong></span> <span class='ocrx_word' id='word_1_163' title='bbox 851 3269 1018 3357; x_wconf 82' lang='lat' dir='ltr'><strong>Angliam,</strong></span> <span class='ocrx_word' id='word_1_164' title='bbox 1041 3282 1075 3335; x_wconf 88' lang='lat' dir='ltr'><strong>et</strong></span> <span class='ocrx_word' id='word_1_165' title='bbox 1097 3269 1221 3335; x_wconf 88' lang='lat' dir='ltr'><strong>fluvius</strong></span> <span class='ocrx_word' id='word_1_166' title='bbox 1243 3270 1389 3336; x_wconf 89' lang='lat' dir='ltr'><strong>Tamisia</strong></span> <span class='ocrx_word' id='word_1_167' title='bbox 1410 3273 1500 3358; x_wconf 91' lang='lat' dir='ltr'><strong>apud</strong></span> 
     </span>
     <span class='ocr_line' id='line_1_23' title="bbox 444 3372 1488 3458; baseline 0.001 -18"><span class='ocrx_word' id='word_1_168' title='bbox 444 3374 650 3440; x_wconf 86' lang='lat' dir='ltr'><strong>Londoniam</strong></span> <span class='ocrx_word' id='word_1_169' title='bbox 673 3373 836 3440; x_wconf 88' lang='lat' dir='ltr'><strong>desiccata</strong></span> <span class='ocrx_word' id='word_1_170' title='bbox 858 3378 917 3451; x_wconf 88' lang='lat' dir='ltr'><strong>est,</strong></span> <span class='ocrx_word' id='word_1_171' title='bbox 941 3377 980 3437; x_wconf 90' lang='lat' dir='ltr'><strong>ut</strong></span> <span class='ocrx_word' id='word_1_172' title='bbox 1003 3372 1097 3438; x_wconf 89' lang='lat' dir='ltr'><strong>siccis</strong></span> <span class='ocrx_word' id='word_1_173' title='bbox 1118 3372 1259 3458; x_wconf 89' lang='lat' dir='ltr'><strong>pedibus</strong></span> <span class='ocrx_word' id='word_1_174' title='bbox 1282 3374 1488 3441; x_wconf 89' lang='lat' dir='ltr'><strong>transiretur.</strong></span> 
     </span>
    </p>
   </div>
   <div class='ocr_carea' id='block_1_10' title="bbox 535 3622 1388 3721">
    <p class='ocr_par' dir='ltr' id='par_1_10' title="bbox 535 3622 1388 3721">
     <span class='ocr_line' id='line_1_24' title="bbox 535 3622 1388 3721; baseline 0.005 -30"><span class='ocrx_word' id='word_1_175' title='bbox 535 3622 920 3691; x_wconf 81' lang='lat' dir='ltr'><strong>MCLIX.—I.-Oiclus</strong></span> <span class='ocrx_word' id='word_1_176' title='bbox 942 3624 1240 3721; x_wconf 86' lang='lat' dir='ltr'><strong>decennovennalis</strong></span> <span class='ocrx_word' id='word_1_177' title='bbox 1262 3626 1388 3714; x_wconf 86' lang='lat' dir='ltr'><strong>incipit</strong></span> 
     </span>
    </p>
   </div>
   <div class='ocr_carea' id='block_1_11' title="bbox 268 3771 1504 4268">
    <p class='ocr_par' dir='ltr' id='par_1_11' title="bbox 268 3771 1504 4268">
     <span class='ocr_line' id='line_1_25' title="bbox 268 3771 1502 3860; baseline 0.005 -24"><span class='ocrx_word' id='word_1_178' title='bbox 268 3846 272 3851; x_wconf 42' lang='grc'><em>,</em></span> <span class='ocrx_word' id='word_1_179' title='bbox 295 3783 350 3858; x_wconf 62' lang='grc' dir='ltr'><strong>μ).</strong></span> <span class='ocrx_word' id='word_1_180' title='bbox 358 3785 416 3828; x_wconf 72' lang='lat'>¹1⁶⁰·</span> <span class='ocrx_word' id='word_1_181' title='bbox 491 3773 659 3839; x_wconf 84' lang='lat' dir='ltr'><strong>Adrianus</strong></span> <span class='ocrx_word' id='word_1_182' title='bbox 689 3792 777 3860; x_wconf 88' lang='lat' dir='ltr'><strong>papa</strong></span> <span class='ocrx_word' id='word_1_183' title='bbox 799 3771 884 3836; x_wconf 85' lang='lat' dir='ltr'><strong>obiit</strong></span> <span class='ocrx_word' id='word_1_184' title='bbox 913 3776 948 3836; x_wconf 90' lang='lat' dir='ltr'><strong>et</strong></span> <span class='ocrx_word' id='word_1_185' title='bbox 977 3771 1168 3837; x_wconf 82' lang='lat' dir='ltr'><strong>Alexander</strong></span> <span class='ocrx_word' id='word_1_186' title='bbox 1198 3772 1375 3839; x_wconf 65' lang='lat' dir='ltr'><strong>succressit.⁶</strong></span> <span class='ocrx_word' id='word_1_187' title='bbox 1435 3776 1502 3859; x_wconf 83' lang='lat' dir='ltr'><strong>Qui</strong></span> 
     </span>
     <span class='ocr_line' id='line_1_26' title="bbox 277 3847 1504 3961; baseline 0.002 -18"><span class='ocrx_word' id='word_1_188' title='bbox 277 3847 411 3943; x_wconf 65' lang='lat' dir='ltr'><strong>lollelidllo</strong></span> <span class='ocrx_word' id='word_1_189' title='bbox 448 3898 523 3943; x_wconf 90' lang='lat' dir='ltr'><strong>cum</strong></span> <span class='ocrx_word' id='word_1_190' title='bbox 549 3898 584 3943; x_wconf 90' lang='lat' dir='ltr'><strong>se</strong></span> <span class='ocrx_word' id='word_1_191' title='bbox 607 3880 703 3941; x_wconf 85' lang='lat' dir='ltr'><strong>tanto</strong></span> <span class='ocrx_word' id='word_1_192' title='bbox 729 3874 846 3939; x_wconf 89' lang='lat' dir='ltr'><strong>honori</strong></span> <span class='ocrx_word' id='word_1_193' title='bbox 868 3873 1024 3939; x_wconf 90' lang='lat' dir='ltr'><strong>idoneum</strong></span> <span class='ocrx_word' id='word_1_194' title='bbox 1048 3895 1116 3939; x_wconf 90' lang='lat' dir='ltr'><strong>non</strong></span> <span class='ocrx_word' id='word_1_195' title='bbox 1138 3895 1208 3939; x_wconf 89' lang='lat' dir='ltr'><strong>esse</strong></span> <span class='ocrx_word' id='word_1_196' title='bbox 1229 3875 1447 3961; x_wconf 89' lang='lat' dir='ltr'><strong>profiteretur,</strong></span> <span class='ocrx_word' id='word_1_197' title='bbox 1468 3884 1504 3945; x_wconf 88' lang='lat' dir='ltr'><strong>et</strong></span> 
     </span>
     <span class='ocr_line' id='line_1_27' title="bbox 277 3949 1502 4063; baseline 0 -16"><span class='ocrx_word' id='word_1_198' title='bbox 277 3949 422 4003; x_wconf 53' lang='lat' dir='ltr'><strong>‘mm‘</strong></span> <span class='ocrx_word' id='word_1_199' title='bbox 448 3979 629 4047; x_wconf 86' lang='lat' dir='ltr'><strong>cardinales</strong></span> <span class='ocrx_word' id='word_1_200' title='bbox 651 3977 723 4063; x_wconf 88' lang='lat' dir='ltr'><strong>ejus</strong></span> <span class='ocrx_word' id='word_1_201' title='bbox 745 3976 898 4042; x_wconf 87' lang='lat' dir='ltr'><strong>electioni</strong></span> <span class='ocrx_word' id='word_1_202' title='bbox 921 3975 1062 4042; x_wconf 86' lang='lat' dir='ltr'><strong>firmiter</strong></span> <span class='ocrx_word' id='word_1_203' title='bbox 1087 3977 1317 4057; x_wconf 86' lang='lat' dir='ltr'><strong>consentirent,</strong></span> <span class='ocrx_word' id='word_1_204' title='bbox 1339 3983 1374 4044; x_wconf 87' lang='lat' dir='ltr'><strong>et</strong></span> <span class='ocrx_word' id='word_1_205' title='bbox 1399 3980 1502 4047; x_wconf 90' lang='lat' dir='ltr'><strong>insta·</strong></span> 
     </span>
     <span class='ocr_line' id='line_1_28' title="bbox 447 4077 1502 4164; baseline 0.003 -18"><span class='ocrx_word' id='word_1_206' title='bbox 447 4085 524 4146; x_wconf 91' lang='lat' dir='ltr'><strong>rent</strong></span> <span class='ocrx_word' id='word_1_207' title='bbox 548 4085 589 4144; x_wconf 92' lang='lat' dir='ltr'><strong>ut</strong></span> <span class='ocrx_word' id='word_1_208' title='bbox 615 4100 691 4144; x_wconf 91' lang='lat' dir='ltr'><strong>eum</strong></span> <span class='ocrx_word' id='word_1_209' title='bbox 717 4077 866 4144; x_wconf 85' lang='lat' dir='ltr'><strong>facerent</strong></span> <span class='ocrx_word' id='word_1_210' title='bbox 889 4077 1057 4154; x_wconf 90' lang='lat' dir='ltr'><strong>assentire,</strong></span> <span class='ocrx_word' id='word_1_211' title='bbox 1082 4099 1125 4142; x_wconf 87' lang='lat' dir='ltr'><strong>ex</strong></span> <span class='ocrx_word' id='word_1_212' title='bbox 1150 4082 1246 4164; x_wconf 85' lang='lat' dir='ltr'><strong>parte</strong></span> <span class='ocrx_word' id='word_1_213' title='bbox 1269 4080 1409 4146; x_wconf 88' lang='lat' dir='ltr'><strong>adversa</strong></span> <span class='ocrx_word' id='word_1_214' title='bbox 1440 4082 1502 4149; x_wconf 89' lang='lat' dir='ltr'><strong>Oc·</strong></span> 
     </span>
     <span class='ocr_line' id='line_1_29' title="bbox 448 4179 1502 4268; baseline 0 -18"><span class='ocrx_word' id='word_1_215' title='bbox 448 4184 604 4250; x_wconf 62' lang='lat' dir='ltr'><strong>maanus</strong></span> <span class='ocrx_word' id='word_1_216' title='bbox 627 4180 740 4267; x_wconf 89' lang='lat' dir='ltr'><strong>paucis</strong></span> <span class='ocrx_word' id='word_1_217' title='bbox 764 4179 828 4245; x_wconf 90' lang='lat' dir='ltr'><strong>sibi</strong></span> <span class='ocrx_word' id='word_1_218' title='bbox 848 4179 1041 4246; x_wconf 83' lang='lat' dir='ltr'><strong>faventibus</strong></span> <span class='ocrx_word' id='word_1_219' title='bbox 1063 4185 1215 4246; x_wconf 91' lang='lat' dir='ltr'><strong>mantum</strong></span> <span class='ocrx_word' id='word_1_220' title='bbox 1229 4188 1502 4268; x_wconf 84' lang='lat' dir='ltr'><strong>praeposteratum</strong></span> 
     </span>
    </p>
   </div>
   <div class='ocr_carea' id='block_1_12' title="bbox 382 4281 1504 4372">
    <p class='ocr_par' dir='ltr' id='par_1_12' title="bbox 382 4281 1504 4372">
     <span class='ocr_line' id='line_1_30' title="bbox 382 4281 1504 4372; baseline 0.001 -20"><span class='ocrx_word' id='word_1_221' title='bbox 382 4350 386 4360; x_wconf 88' lang='grc'>,</span> <span class='ocrx_word' id='word_1_222' title='bbox 449 4285 594 4372; x_wconf 89' lang='lat' dir='ltr'><strong>suscepit</strong></span> <span class='ocrx_word' id='word_1_223' title='bbox 618 4289 654 4350; x_wconf 89' lang='lat' dir='ltr'><strong>et</strong></span> <span class='ocrx_word' id='word_1_224' title='bbox 676 4282 815 4370; x_wconf 88' lang='lat' dir='ltr'><strong>papatui</strong></span> <span class='ocrx_word' id='word_1_225' title='bbox 838 4303 873 4348; x_wconf 88' lang='lat' dir='ltr'><strong>se</strong></span> <span class='ocrx_word' id='word_1_226' title='bbox 896 4281 1042 4369; x_wconf 81' lang='lat' dir='ltr'><strong>ingessit</strong></span> <span class='ocrx_word' id='word_1_227' title='bbox 1088 4281 1280 4350; x_wconf 83' lang='lat' dir='ltr'><strong>Cardinales</strong></span> <span class='ocrx_word' id='word_1_228' title='bbox 1304 4291 1339 4351; x_wconf 91' lang='lat' dir='ltr'><strong>et</strong></span> <span class='ocrx_word' id='word_1_229' title='bbox 1362 4286 1504 4353; x_wconf 87' lang='lat' dir='ltr'><strong>Romani</strong></span> 
     </span>
    </p>
   </div>
   <div class='ocr_carea' id='block_1_13' title="bbox 452 4537 1505 4846">
    <p class='ocr_par' dir='ltr' id='par_1_13' title="bbox 484 4537 1307 4612">
     <span class='ocr_line' id='line_1_31' title="bbox 484 4537 1307 4612; baseline 0.019 -33"><span class='ocrx_word' id='word_1_230' title='bbox 484 4541 654 4612; x_wconf 74' lang='lat' dir='ltr'><strong>¹01]om.C.</strong></span> <span class='ocrx_word' id='word_1_231' title='bbox 1032 4537 1168 4608; x_wconf 76' lang='lat' dir='ltr'><strong>‘Toaroo]</strong></span> <span class='ocrx_word' id='word_1_232' title='bbox 1183 4539 1264 4605; x_wconf 78' lang='lat' dir='ltr'><strong>Aroe,</strong></span> <span class='ocrx_word' id='word_1_233' title='bbox 1276 4544 1307 4597; x_wconf 81' lang='lat' dir='ltr'><strong>c.</strong></span> 
     </span>
    </p>

    <p class='ocr_par' dir='ltr' id='par_1_14' title="bbox 485 4618 1504 4691">
     <span class='ocr_line' id='line_1_32' title="bbox 485 4618 1504 4691; baseline 0.008 -18"><span class='ocrx_word' id='word_1_234' title='bbox 485 4624 557 4691; x_wconf 66' lang='grc' dir='ltr'><strong>ἐκ]</strong></span> <span class='ocrx_word' id='word_1_235' title='bbox 573 4637 622 4673; x_wconf 87' lang='lat' dir='ltr'><strong>orn.</strong></span> <span class='ocrx_word' id='word_1_236' title='bbox 636 4621 667 4674; x_wconf 80' lang='grc' dir='ltr'><strong>Ο.</strong></span> <span class='ocrx_word' id='word_1_237' title='bbox 1031 4618 1042 4652; x_wconf 83' lang='lat'>⁸</span> <span class='ocrx_word' id='word_1_238' title='bbox 1055 4619 1155 4671; x_wconf 68' lang='lat' dir='ltr'><strong>Adria-n</strong></span> <span class='ocrx_word' id='word_1_239' title='bbox 1167 4619 1219 4672; x_wconf 89' lang='lat' dir='ltr'><strong>1v.</strong></span> <span class='ocrx_word' id='word_1_240' title='bbox 1228 4620 1288 4673; x_wconf 80' lang='lat' dir='ltr'><strong>diod</strong></span> <span class='ocrx_word' id='word_1_241' title='bbox 1295 4623 1364 4691; x_wconf 75' lang='lat' dir='ltr'><strong>Aug.</strong></span> <span class='ocrx_word' id='word_1_242' title='bbox 1375 4630 1416 4685; x_wconf 75' lang='lat'><strong>³0,</strong></span> <span class='ocrx_word' id='word_1_243' title='bbox 1427 4631 1504 4688; x_wconf 70' lang='grc' dir='ltr'><strong>1159ς</strong></span> 
     </span>
    </p>

    <p class='ocr_par' dir='ltr' id='par_1_15' title="bbox 452 4696 1505 4846">
     <span class='ocr_line' id='line_1_33' title="bbox 484 4696 1505 4764; baseline 0.007 -11"><span class='ocrx_word' id='word_1_244' title='bbox 484 4704 525 4753; x_wconf 70' lang='lat'><strong>⁸0</strong></span> <span class='ocrx_word' id='word_1_245' title='bbox 543 4699 677 4752; x_wconf 77' lang='lat' dir='ltr'><strong>Loadonio</strong></span> <span class='ocrx_word' id='word_1_246' title='bbox 697 4716 743 4751; x_wconf 77' lang='lat' dir='ltr'><strong>rar</strong></span> <span class='ocrx_word' id='word_1_247' title='bbox 765 4696 868 4763; x_wconf 73' lang='lat' dir='ltr'><strong>Anqlioe</strong></span> <span class='ocrx_word' id='word_1_248' title='bbox 887 4697 917 4764; x_wconf 85' lang='lat' dir='ltr'><strong>a]</strong></span> <span class='ocrx_word' id='word_1_249' title='bbox 940 4713 957 4748; x_wconf 82' lang='lat' dir='ltr'><strong>a</strong></span> <span class='ocrx_word' id='word_1_250' title='bbox 999 4699 1051 4749; x_wconf 82' lang='lat' dir='ltr'><strong>aad</strong></span> <span class='ocrx_word' id='word_1_251' title='bbox 1062 4699 1212 4750; x_wconf 82' lang='lat' dir='ltr'><strong>Alexander</strong></span> <span class='ocrx_word' id='word_1_252' title='bbox 1223 4700 1274 4752; x_wconf 89' lang='grc' dir='ltr'><strong>ΠΙ.</strong></span> <span class='ocrx_word' id='word_1_253' title='bbox 1286 4718 1339 4754; x_wconf 77' lang='lat' dir='ltr'><strong>vas</strong></span> <span class='ocrx_word' id='word_1_254' title='bbox 1355 4705 1453 4758; x_wconf 80' lang='lat' dir='ltr'><strong>elected</strong></span> <span class='ocrx_word' id='word_1_255' title='bbox 1470 4724 1505 4760; x_wconf 87' lang='lat' dir='ltr'><strong>on</strong></span> 
     </span>
     <span class='ocr_line' id='line_1_34' title="bbox 452 4776 1303 4846; baseline 0 -13"><span class='ocrx_word' id='word_1_256' title='bbox 452 4781 599 4845; x_wconf 74' lang='lat' dir='ltr'><strong>Lodosrioo,</strong></span> <span class='ocrx_word' id='word_1_257' title='bbox 611 4780 641 4833; x_wconf 82' lang='lat'><strong>0.</strong></span> <span class='ocrx_word' id='word_1_258' title='bbox 1000 4777 1044 4829; x_wconf 84' lang='lat' dir='ltr'><strong>the</strong></span> <span class='ocrx_word' id='word_1_259' title='bbox 1056 4776 1135 4829; x_wconf 74' lang='lat' dir='ltr'><strong>uhof</strong></span> <span class='ocrx_word' id='word_1_260' title='bbox 1145 4778 1303 4846; x_wconf 82' lang='lat' dir='ltr'><strong>September.</strong></span> 
     </span>
    </p>
   </div>
   <div class='ocr_carea' id='block_1_14' title="bbox 0 0 1859 5728">
    <p class='ocr_par' dir='ltr' id='par_1_16' title="bbox 0 0 1859 5728">
     <span class='ocr_line' id='line_1_35' title="bbox 0 0 1859 5728; baseline 0 0"><span class='ocrx_word' id='word_1_261' title='bbox 0 0 1859 5728; x_wconf 95' lang='lat' dir='ltr'><strong> </strong></span> 
     </span>
    </p>
   </div>
  </div>
 </body>
</html>
