<?xml version="1.0" encoding="UTF-8"?>
<!DOCTYPE html PUBLIC "-//W3C//DTD XHTML 1.0 Transitional//EN"
    "http://www.w3.org/TR/xhtml1/DTD/xhtml1-transitional.dtd">
<html xmlns="http://www.w3.org/1999/xhtml" xml:lang="en" lang="en">
 <head>
  <title>
</title>
<meta http-equiv="Content-Type" content="text/html;charset=utf-8" />
  <meta name='ocr-system' content='tesseract 3.04.00' />
  <meta name='ocr-capabilities' content='ocr_page ocr_carea ocr_par ocr_line ocrx_word'/>
</head>
<body>
  <div class='ocr_page' id='page_1' title='image "./historicalworks00offigoog_0298.png"; bbox 0 0 3646 5720; ppageno 0'>
   <div class='ocr_carea' id='block_1_1' title="bbox 441 831 1284 897">
    <p class='ocr_par' dir='ltr' id='par_1_1' title="bbox 441 831 1284 897">
     <span class='ocr_line' id='line_1_1' title="bbox 441 831 1284 897; baseline -0.008 -1"><span class='ocrx_word' id='word_1_1' title='bbox 441 831 507 897; x_wconf 76' lang='lat'><strong>234</strong></span> <span class='ocrx_word' id='word_1_2' title='bbox 641 840 804 893; x_wconf 77' lang='lat' dir='ltr'><strong>onnvlsn</strong></span> <span class='ocrx_word' id='word_1_3' title='bbox 826 840 988 892; x_wconf 78' lang='lat' dir='ltr'><strong>uonscnr</strong></span> <span class='ocrx_word' id='word_1_4' title='bbox 1009 838 1284 893; x_wconf 69' lang='lat' dir='ltr'><strong>enuntiaturus</strong></span> 
     </span>
    </p>
   </div>
   <div class='ocr_carea' id='block_1_2' title="bbox 272 1020 1689 1834">
    <p class='ocr_par' dir='ltr' id='par_1_2' title="bbox 272 1020 1689 1343">
     <span class='ocr_line' id='line_1_2' title="bbox 292 1020 1604 1120; baseline -0.007 -18"><span class='ocrx_word' id='word_1_5' title='bbox 292 1028 417 1077; x_wconf 57' lang='lat' dir='ltr'><strong>mun·</strong></span> <span class='ocrx_word' id='word_1_6' title='bbox 493 1036 590 1117; x_wconf 81' lang='lat' dir='ltr'><strong>Quod</strong></span> <span class='ocrx_word' id='word_1_7' title='bbox 612 1055 687 1101; x_wconf 89' lang='lat' dir='ltr'><strong>cum</strong></span> <span class='ocrx_word' id='word_1_8' title='bbox 709 1032 779 1120; x_wconf 86' lang='lat' dir='ltr'><strong>regi</strong></span> <span class='ocrx_word' id='word_1_9' title='bbox 801 1029 1000 1099; x_wconf 73' lang='lat' dir='ltr'><strong>innotuisset</strong></span> <span class='ocrx_word' id='word_1_10' title='bbox 1028 1028 1185 1098; x_wconf 86' lang='lat' dir='ltr'><strong>citissime</strong></span> <span class='ocrx_word' id='word_1_11' title='bbox 1209 1027 1440 1096; x_wconf 78' lang='lat' dir='ltr'><strong>transfretavit</strong></span> <span class='ocrx_word' id='word_1_12' title='bbox 1460 1027 1497 1093; x_wconf 91' lang='lat' dir='ltr'><strong>in</strong></span> <span class='ocrx_word' id='word_1_13' title='bbox 1509 1020 1604 1074; x_wconf 58' lang='grc' dir='ltr'>Μ</span> 
     </span>
     <span class='ocr_line' id='line_1_3' title="bbox 272 1089 1689 1225; baseline -0.004 -24"><span class='ocrx_word' id='word_1_14' title='bbox 272 1097 392 1201; x_wconf 49' lang='lat' dir='ltr'><strong>liffeim</strong></span> <span class='ocrx_word' id='word_1_15' title='bbox 447 1137 612 1225; x_wconf 74' lang='lat' dir='ltr'><strong>Angliam</strong></span> <span class='ocrx_word' id='word_1_16' title='bbox 653 1134 847 1223; x_wconf 75' lang='lat' dir='ltr'>praecipiens</span> <span class='ocrx_word' id='word_1_17' title='bbox 883 1139 1040 1219; x_wconf 89' lang='lat' dir='ltr'><strong>portuum</strong></span> <span class='ocrx_word' id='word_1_18' title='bbox 1077 1130 1263 1219; x_wconf 88' lang='lat' dir='ltr'><strong>praepositis</strong></span> <span class='ocrx_word' id='word_1_19' title='bbox 1316 1129 1499 1198; x_wconf 65' lang='lat' dir='ltr'><strong>cismarinis</strong></span> <span class='ocrx_word' id='word_1_20' title='bbox 1508 1089 1527 1140; x_wconf 47' lang='lat' dir='ltr'><strong>i</strong></span> <span class='ocrx_word' id='word_1_21' title='bbox 1538 1092 1580 1141; x_wconf 52' lang='grc' dir='ltr'><strong>Μ’</strong></span> <span class='ocrx_word' id='word_1_22' title='bbox 1674 1113 1689 1136; x_wconf 71' lang='lat'><em>⁶</em></span> 
     </span>
     <span class='ocr_line' id='line_1_4' title="bbox 273 1198 1498 1343; baseline -0.007 -36"><span class='ocrx_word' id='word_1_23' title='bbox 273 1198 391 1343; x_wconf 45' lang='lat' dir='ltr'><strong>iffi·</strong></span> <span class='ocrx_word' id='word_1_24' title='bbox 447 1246 483 1305; x_wconf 91' lang='lat' dir='ltr'><strong>et</strong></span> <span class='ocrx_word' id='word_1_25' title='bbox 504 1238 732 1305; x_wconf 72' lang='lat' dir='ltr'><strong>transmarinis</strong></span> <span class='ocrx_word' id='word_1_26' title='bbox 754 1235 911 1322; x_wconf 73' lang='lat' dir='ltr'><strong>quatinus</strong></span> <span class='ocrx_word' id='word_1_27' title='bbox 933 1239 1048 1321; x_wconf 88' lang='lat' dir='ltr'><strong>portus</strong></span> <span class='ocrx_word' id='word_1_28' title='bbox 1071 1234 1322 1321; x_wconf 82' lang='lat' dir='ltr'><strong>diligentissime</strong></span> <span class='ocrx_word' id='word_1_29' title='bbox 1355 1231 1498 1299; x_wconf 72' lang='lat' dir='ltr'><strong>custadi-</strong></span> 
     </span>
    </p>

    <p class='ocr_par' dir='ltr' id='par_1_3' title="bbox 273 1309 1499 1445">
     <span class='ocr_line' id='line_1_5' title="bbox 273 1309 1499 1445; baseline -0.007 -38"><span class='ocrx_word' id='word_1_30' title='bbox 273 1309 424 1445; x_wconf 49' lang='lat' dir='ltr'><strong>{isffib</strong></span> <span class='ocrx_word' id='word_1_31' title='bbox 448 1347 540 1421; x_wconf 89' lang='lat' dir='ltr'><strong>rent;</strong></span> <span class='ocrx_word' id='word_1_32' title='bbox 566 1346 601 1406; x_wconf 92' lang='lat' dir='ltr'><strong>et</strong></span> <span class='ocrx_word' id='word_1_33' title='bbox 623 1339 652 1406; x_wconf 88' lang='lat' dir='ltr'><strong>si</strong></span> <span class='ocrx_word' id='word_1_34' title='bbox 679 1339 753 1426; x_wconf 89' lang='lat' dir='ltr'><strong>quis</strong></span> <span class='ocrx_word' id='word_1_35' title='bbox 775 1336 904 1405; x_wconf 85' lang='lat' dir='ltr'><strong>litteras</strong></span> <span class='ocrx_word' id='word_1_36' title='bbox 927 1337 967 1402; x_wconf 89' lang='lat' dir='ltr'><strong>de</strong></span> <span class='ocrx_word' id='word_1_37' title='bbox 989 1336 1175 1415; x_wconf 83' lang='lat' dir='ltr'><strong>interdicto,</strong></span> <span class='ocrx_word' id='word_1_38' title='bbox 1198 1337 1226 1402; x_wconf 90' lang='lat' dir='ltr'><strong>si</strong></span> <span class='ocrx_word' id='word_1_39' title='bbox 1249 1337 1334 1409; x_wconf 82' lang='lat' dir='ltr'><strong>forte</strong></span> <span class='ocrx_word' id='word_1_40' title='bbox 1357 1335 1499 1411; x_wconf 85' lang='lat' dir='ltr'><strong>daretur,</strong></span> 
     </span>
    </p>

    <p class='ocr_par' dir='ltr' id='par_1_4' title="bbox 273 1437 1498 1544">
     <span class='ocr_line' id='line_1_6' title="bbox 273 1437 1498 1544; baseline -0.008 -34"><span class='ocrx_word' id='word_1_41' title='bbox 273 1449 417 1544; x_wconf 54' lang='lat' dir='ltr'><strong>23¹be</strong></span> <span class='ocrx_word' id='word_1_42' title='bbox 446 1448 578 1530; x_wconf 84' lang='lat' dir='ltr'><strong>portare</strong></span> <span class='ocrx_word' id='word_1_43' title='bbox 609 1448 831 1528; x_wconf 72' lang='lat' dir='ltr'><strong>praesumeret,</strong></span> <span class='ocrx_word' id='word_1_44' title='bbox 853 1443 1024 1525; x_wconf 86' lang='lat' dir='ltr'><strong>caperetur</strong></span> <span class='ocrx_word' id='word_1_45' title='bbox 1055 1437 1149 1504; x_wconf 86' lang='lat' dir='ltr'><strong>etin</strong></span> <span class='ocrx_word' id='word_1_46' title='bbox 1172 1459 1332 1505; x_wconf 86' lang='lat' dir='ltr'><strong>carcerem</strong></span> <span class='ocrx_word' id='word_1_47' title='bbox 1362 1456 1498 1525; x_wconf 81' lang='lat' dir='ltr'><strong>ponere-</strong></span> 
     </span>
    </p>

    <p class='ocr_par' dir='ltr' id='par_1_5' title="bbox 275 1538 1500 1628">
     <span class='ocr_line' id='line_1_7' title="bbox 275 1538 1500 1628; baseline -0.008 -17"><span class='ocrx_word' id='word_1_48' title='bbox 275 1551 356 1597; x_wconf 61' lang='lat' dir='ltr'><strong>m</strong></span> <span class='ocrx_word' id='word_1_49' title='bbox 445 1551 509 1611; x_wconf 92' lang='lat' dir='ltr'><strong>tur.</strong></span> <span class='ocrx_word' id='word_1_50' title='bbox 555 1543 717 1628; x_wconf 80' lang='lat' dir='ltr'><strong>Praecepit</strong></span> <span class='ocrx_word' id='word_1_51' title='bbox 738 1544 840 1610; x_wconf 89' lang='lat' dir='ltr'><strong>etiam</strong></span> <span class='ocrx_word' id='word_1_52' title='bbox 861 1563 904 1607; x_wconf 93' lang='lat' dir='ltr'><strong>ne</strong></span> <span class='ocrx_word' id='word_1_53' title='bbox 927 1539 1002 1626; x_wconf 90' lang='lat' dir='ltr'><strong>quis</strong></span> <span class='ocrx_word' id='word_1_54' title='bbox 1024 1538 1159 1606; x_wconf 86' lang='lat' dir='ltr'><strong>clericus</strong></span> <span class='ocrx_word' id='word_1_55' title='bbox 1182 1540 1420 1617; x_wconf 81' lang='lat' dir='ltr'><strong>transfretaret,</strong></span> <span class='ocrx_word' id='word_1_56' title='bbox 1442 1545 1500 1601; x_wconf 82' lang='lat' dir='ltr'><strong>nisi</strong></span> 
     </span>
    </p>

    <p class='ocr_par' dir='ltr' id='par_1_6' title="bbox 440 1645 1498 1735">
     <span class='ocr_line' id='line_1_8' title="bbox 440 1645 1498 1735; baseline -0.005 -22"><span class='ocrx_word' id='word_1_57' title='bbox 440 1649 570 1735; x_wconf 77' lang='lat' dir='ltr'><strong>juraret</strong></span> <span class='ocrx_word' id='word_1_58' title='bbox 585 1645 674 1731; x_wconf 88' lang='lat' dir='ltr'><strong>quod</strong></span> <span class='ocrx_word' id='word_1_59' title='bbox 696 1664 757 1710; x_wconf 82' lang='lat' dir='ltr'><strong>nec</strong></span> <span class='ocrx_word' id='word_1_60' title='bbox 771 1652 837 1724; x_wconf 78' lang='lat' dir='ltr'><strong>regi</strong></span> <span class='ocrx_word' id='word_1_61' title='bbox 854 1668 909 1707; x_wconf 87' lang='lat' dir='ltr'><strong>nee</strong></span> <span class='ocrx_word' id='word_1_62' title='bbox 925 1666 1018 1721; x_wconf 77' lang='lat' dir='ltr'><strong>regno</strong></span> <span class='ocrx_word' id='word_1_63' title='bbox 1035 1649 1195 1722; x_wconf 76' lang='lat' dir='ltr'><strong>dampnum</strong></span> <span class='ocrx_word' id='word_1_64' title='bbox 1213 1655 1357 1721; x_wconf 68' lang='lat' dir='ltr'><strong>quaereret</strong></span> <span class='ocrx_word' id='word_1_65' title='bbox 1373 1652 1421 1708; x_wconf 86' lang='lat' dir='ltr'><strong>vel</strong></span> <span class='ocrx_word' id='word_1_66' title='bbox 1438 1670 1498 1708; x_wconf 88' lang='lat' dir='ltr'><strong>ma·</strong></span> 
     </span>
    </p>

    <p class='ocr_par' dir='ltr' id='par_1_7' title="bbox 444 1741 1501 1834">
     <span class='ocr_line' id='line_1_9' title="bbox 444 1741 1501 1834; baseline -0.004 -19"><span class='ocrx_word' id='word_1_67' title='bbox 444 1760 516 1815; x_wconf 87' lang='lat' dir='ltr'><strong>lum.</strong></span> <span class='ocrx_word' id='word_1_68' title='bbox 552 1746 686 1834; x_wconf 87' lang='lat' dir='ltr'><strong>Adjecit</strong></span> <span class='ocrx_word' id='word_1_69' title='bbox 707 1751 744 1812; x_wconf 91' lang='lat' dir='ltr'><strong>et</strong></span> <span class='ocrx_word' id='word_1_70' title='bbox 764 1744 835 1823; x_wconf 90' lang='lat' dir='ltr'><strong>hoc,</strong></span> <span class='ocrx_word' id='word_1_71' title='bbox 856 1765 900 1809; x_wconf 88' lang='lat' dir='ltr'><strong>ne</strong></span> <span class='ocrx_word' id='word_1_72' title='bbox 930 1742 1005 1828; x_wconf 90' lang='lat' dir='ltr'><strong>quis</strong></span> <span class='ocrx_word' id='word_1_73' title='bbox 1027 1741 1196 1808; x_wconf 88' lang='lat' dir='ltr'><strong>litteratus</strong></span> <span class='ocrx_word' id='word_1_74' title='bbox 1221 1743 1363 1809; x_wconf 87' lang='lat' dir='ltr'><strong>adeum</strong></span> <span class='ocrx_word' id='word_1_75' title='bbox 1386 1744 1501 1811; x_wconf 87' lang='lat' dir='ltr'><strong>venire</strong></span> 
     </span>
    </p>
   </div>
   <div class='ocr_carea' id='block_1_3' title="bbox 444 1849 1501 1940">
    <p class='ocr_par' dir='ltr' id='par_1_8' title="bbox 444 1849 1501 1940">
     <span class='ocr_line' id='line_1_10' title="bbox 444 1849 1501 1940; baseline -0.007 -22"><span class='ocrx_word' id='word_1_76' title='bbox 444 1854 664 1940; x_wconf 82' lang='lat' dir='ltr'><strong>praesumeret</strong></span> <span class='ocrx_word' id='word_1_77' title='bbox 709 1853 863 1928; x_wconf 81' lang='lat' dir='ltr'><strong>Applicuit</strong></span> <span class='ocrx_word' id='word_1_78' title='bbox 878 1849 991 1911; x_wconf 81' lang='lat' dir='ltr'><strong>autem</strong></span> <span class='ocrx_word' id='word_1_79' title='bbox 1014 1852 1092 1926; x_wconf 91' lang='lat' dir='ltr'><strong>apud</strong></span> <span class='ocrx_word' id='word_1_80' title='bbox 1118 1853 1339 1911; x_wconf 86' lang='lat' dir='ltr'><strong>Portesmutbe¹</strong></span> <span class='ocrx_word' id='word_1_81' title='bbox 1366 1854 1428 1911; x_wconf 55' lang='lat' dir='ltr'><strong>iiie</strong></span> <span class='ocrx_word' id='word_1_82' title='bbox 1451 1875 1501 1913; x_wconf 88' lang='lat' dir='ltr'><strong>no·</strong></span> 
     </span>
    </p>
   </div>
   <div class='ocr_carea' id='block_1_4' title="bbox 277 1933 1503 2328">
    <p class='ocr_par' dir='ltr' id='par_1_9' title="bbox 277 1933 1503 2328">
     <span class='ocr_line' id='line_1_11' title="bbox 445 1933 1501 2023; baseline -0.005 -18"><span class='ocrx_word' id='word_1_83' title='bbox 445 1967 499 2005; x_wconf 81' lang='lat' dir='ltr'><strong>nas</strong></span> <span class='ocrx_word' id='word_1_84' title='bbox 524 1946 664 2019; x_wconf 76' lang='lat' dir='ltr'><strong>Augusti,</strong></span> <span class='ocrx_word' id='word_1_85' title='bbox 687 1942 722 2002; x_wconf 88' lang='lat' dir='ltr'><strong>et</strong></span> <span class='ocrx_word' id='word_1_86' title='bbox 753 1936 900 2003; x_wconf 85' lang='lat' dir='ltr'><strong>exercitu</strong></span> <span class='ocrx_word' id='word_1_87' title='bbox 926 1955 994 2000; x_wconf 92' lang='lat' dir='ltr'><strong>non</strong></span> <span class='ocrx_word' id='word_1_88' title='bbox 1016 1933 1144 2000; x_wconf 81' lang='lat' dir='ltr'><strong>modico</strong></span> <span class='ocrx_word' id='word_1_89' title='bbox 1176 1941 1380 2022; x_wconf 83' lang='lat' dir='ltr'><strong>congregato,</strong></span> <span class='ocrx_word' id='word_1_90' title='bbox 1403 1958 1501 2023; x_wconf 85' lang='lat' dir='ltr'><strong>expe-</strong></span> 
     </span>
     <span class='ocr_line' id='line_1_12' title="bbox 447 2033 1502 2126; baseline -0.002 -20"><span class='ocrx_word' id='word_1_91' title='bbox 447 2041 608 2107; x_wconf 86' lang='lat' dir='ltr'><strong>ditionem</strong></span> <span class='ocrx_word' id='word_1_92' title='bbox 631 2038 764 2126; x_wconf 88' lang='lat' dir='ltr'><strong>paravit</strong></span> <span class='ocrx_word' id='word_1_93' title='bbox 786 2037 823 2102; x_wconf 92' lang='lat' dir='ltr'><strong>in</strong></span> <span class='ocrx_word' id='word_1_94' title='bbox 845 2035 1043 2101; x_wconf 75' lang='lat' dir='ltr'><strong>Hiberniam</strong></span> <span class='ocrx_word' id='word_1_95' title='bbox 1066 2034 1156 2121; x_wconf 93' lang='lat' dir='ltr'><strong>apud</strong></span> <span class='ocrx_word' id='word_1_96' title='bbox 1171 2033 1341 2103; x_wconf 68' lang='lat' dir='ltr'><strong>Penbroc.²</strong></span> <span class='ocrx_word' id='word_1_97' title='bbox 1384 2038 1502 2124; x_wconf 72' lang='lat' dir='ltr'><strong>Legati</strong></span> 
     </span>
     <span class='ocr_line' id='line_1_13' title="bbox 277 2137 1503 2240; baseline -0.002 -32"><span class='ocrx_word' id='word_1_98' title='bbox 277 2143 437 2240; x_wconf 54' lang='lat' dir='ltr'><strong>fflfgffgffl</strong></span> <span class='ocrx_word' id='word_1_99' title='bbox 448 2143 553 2229; x_wconf 82' lang='lat' dir='ltr'><strong>igitur</strong></span> <span class='ocrx_word' id='word_1_100' title='bbox 575 2142 617 2206; x_wconf 91' lang='lat' dir='ltr'><strong>de</strong></span> <span class='ocrx_word' id='word_1_101' title='bbox 639 2140 760 2227; x_wconf 90' lang='lat' dir='ltr'><strong>quibus</strong></span> <span class='ocrx_word' id='word_1_102' title='bbox 790 2137 986 2225; x_wconf 84' lang='lat' dir='ltr'><strong>praedictum</strong></span> <span class='ocrx_word' id='word_1_103' title='bbox 1015 2141 1066 2202; x_wconf 91' lang='lat' dir='ltr'><strong>est</strong></span> <span class='ocrx_word' id='word_1_104' title='bbox 1087 2144 1253 2203; x_wconf 79' lang='lat' dir='ltr'><strong>venerrmt</strong></span> <span class='ocrx_word' id='word_1_105' title='bbox 1278 2138 1315 2203; x_wconf 92' lang='lat' dir='ltr'><strong>in</strong></span> <span class='ocrx_word' id='word_1_106' title='bbox 1338 2138 1503 2206; x_wconf 88' lang='lat' dir='ltr'><strong>Norman·</strong></span> 
     </span>
     <span class='ocr_line' id='line_1_14' title="bbox 448 2239 1503 2328; baseline -0.001 -19"><span class='ocrx_word' id='word_1_107' title='bbox 448 2245 548 2322; x_wconf 87' lang='lat' dir='ltr'><strong>niam,</strong></span> <span class='ocrx_word' id='word_1_108' title='bbox 571 2248 606 2310; x_wconf 88' lang='lat' dir='ltr'><strong>et</strong></span> <span class='ocrx_word' id='word_1_109' title='bbox 635 2264 695 2307; x_wconf 87' lang='lat' dir='ltr'><strong>rex</strong></span> <span class='ocrx_word' id='word_1_110' title='bbox 721 2262 796 2308; x_wconf 91' lang='lat' dir='ltr'><strong>cum</strong></span> <span class='ocrx_word' id='word_1_111' title='bbox 827 2239 975 2308; x_wconf 86' lang='lat' dir='ltr'><strong>exercitu</strong></span> <span class='ocrx_word' id='word_1_112' title='bbox 1006 2260 1066 2305; x_wconf 92' lang='lat' dir='ltr'><strong>suo</strong></span> <span class='ocrx_word' id='word_1_113' title='bbox 1088 2239 1263 2328; x_wconf 82' lang='lat' dir='ltr'><strong>navigavit</strong></span> <span class='ocrx_word' id='word_1_114' title='bbox 1292 2241 1328 2306; x_wconf 91' lang='lat' dir='ltr'><strong>in</strong></span> <span class='ocrx_word' id='word_1_115' title='bbox 1352 2242 1503 2327; x_wconf 71' lang='lat' dir='ltr'><strong>[Octobri</strong></span> 
     </span>
    </p>
   </div>
   <div class='ocr_carea' id='block_1_5' title="bbox 278 2344 1507 4371">
    <p class='ocr_par' dir='ltr' id='par_1_10' title="bbox 278 2344 1507 4371">
     <span class='ocr_line' id='line_1_15' title="bbox 449 2344 748 2430; baseline -0.003 -19"><span class='ocrx_word' id='word_1_116' title='bbox 449 2345 521 2430; x_wconf 59' lang='lat' dir='ltr'><strong>inl]</strong></span> <span class='ocrx_word' id='word_1_117' title='bbox 544 2344 748 2412; x_wconf 87' lang='lat' dir='ltr'><strong>Hiberniam.</strong></span> 
     </span>
     <span class='ocr_line' id='line_1_16' title="bbox 278 2443 1504 2547; baseline 0 -35"><span class='ocrx_word' id='word_1_118' title='bbox 278 2452 400 2547; x_wconf 56' lang='lat' dir='ltr'><strong><em>m</em></strong></span> <span class='ocrx_word' id='word_1_119' title='bbox 494 2448 613 2513; x_wconf 85' lang='lat' dir='ltr'><strong>Tribus</strong></span> <span class='ocrx_word' id='word_1_120' title='bbox 639 2452 761 2523; x_wconf 88' lang='lat' dir='ltr'><strong>autem,</strong></span> <span class='ocrx_word' id='word_1_121' title='bbox 785 2450 825 2511; x_wconf 91' lang='lat' dir='ltr'><strong>ut</strong></span> <span class='ocrx_word' id='word_1_122' title='bbox 850 2444 964 2522; x_wconf 87' lang='lat' dir='ltr'><strong>fertur,</strong></span> <span class='ocrx_word' id='word_1_123' title='bbox 994 2443 1035 2509; x_wconf 91' lang='lat' dir='ltr'><strong>de</strong></span> <span class='ocrx_word' id='word_1_124' title='bbox 1062 2443 1169 2509; x_wconf 90' lang='lat' dir='ltr'><strong>causis</strong></span> <span class='ocrx_word' id='word_1_125' title='bbox 1190 2444 1388 2511; x_wconf 89' lang='lat' dir='ltr'><strong>Hiberniam</strong></span> <span class='ocrx_word' id='word_1_126' title='bbox 1410 2445 1504 2512; x_wconf 88' lang='lat' dir='ltr'><strong>adiit.</strong></span> 
     </span>
     <span class='ocr_line' id='line_1_17' title="bbox 279 2545 1504 2633; baseline 0.003 -25"><span class='ocrx_word' id='word_1_127' title='bbox 279 2552 418 2608; x_wconf 60' lang='lat' dir='ltr'><strong>unditus</strong></span> <span class='ocrx_word' id='word_1_128' title='bbox 450 2549 539 2615; x_wconf 89' lang='lat' dir='ltr'><strong>Nam</strong></span> <span class='ocrx_word' id='word_1_129' title='bbox 562 2570 668 2616; x_wconf 91' lang='lat' dir='ltr'><strong>comes</strong></span> <span class='ocrx_word' id='word_1_130' title='bbox 691 2547 873 2615; x_wconf 84' lang='lat' dir='ltr'><strong>Ricardus⁴</strong></span> <span class='ocrx_word' id='word_1_131' title='bbox 886 2566 990 2633; x_wconf 89' lang='lat' dir='ltr'><strong>nepos</strong></span> <span class='ocrx_word' id='word_1_132' title='bbox 1006 2545 1133 2611; x_wconf 87' lang='lat' dir='ltr'><strong>Hervei</strong></span> <span class='ocrx_word' id='word_1_133' title='bbox 1155 2546 1196 2612; x_wconf 93' lang='lat' dir='ltr'><strong>de</strong></span> <span class='ocrx_word' id='word_1_134' title='bbox 1220 2546 1335 2613; x_wconf 82' lang='lat' dir='ltr'><strong>Monte</strong></span> <span class='ocrx_word' id='word_1_135' title='bbox 1350 2548 1504 2614; x_wconf 87' lang='lat' dir='ltr'><strong>Mauricii</strong></span> 
     </span>
     <span class='ocr_line' id='line_1_18' title="bbox 447 2647 1504 2737; baseline -0.002 -20"><span class='ocrx_word' id='word_1_136' title='bbox 447 2652 531 2717; x_wconf 90' lang='lat' dir='ltr'><strong>iram</strong></span> <span class='ocrx_word' id='word_1_137' title='bbox 553 2651 640 2737; x_wconf 85' lang='lat' dir='ltr'><strong>regis</strong></span> <span class='ocrx_word' id='word_1_138' title='bbox 662 2655 741 2716; x_wconf 89' lang='lat' dir='ltr'><strong>ante</strong></span> <span class='ocrx_word' id='word_1_139' title='bbox 762 2669 868 2715; x_wconf 89' lang='lat' dir='ltr'><strong>annos</strong></span> <span class='ocrx_word' id='word_1_140' title='bbox 890 2653 958 2713; x_wconf 88' lang='lat' dir='ltr'><strong>tres</strong></span> <span class='ocrx_word' id='word_1_141' title='bbox 988 2647 1180 2725; x_wconf 73' lang='lat' dir='ltr'><strong>incurrerat</strong></span> <span class='ocrx_word' id='word_1_142' title='bbox 1212 2647 1296 2714; x_wconf 87' lang='lat' dir='ltr'><strong>adeo</strong></span> <span class='ocrx_word' id='word_1_143' title='bbox 1327 2653 1367 2714; x_wconf 88' lang='lat' dir='ltr'><strong>ut</strong></span> <span class='ocrx_word' id='word_1_144' title='bbox 1397 2670 1504 2736; x_wconf 89' lang='lat' dir='ltr'><strong>neque</strong></span> 
     </span>
     <span class='ocr_line' id='line_1_19' title="bbox 447 2749 1504 2840; baseline 0.001 -22"><span class='ocrx_word' id='word_1_145' title='bbox 447 2775 506 2840; x_wconf 87' lang='lat' dir='ltr'><strong>per</strong></span> <span class='ocrx_word' id='word_1_146' title='bbox 528 2774 562 2818; x_wconf 87' lang='lat' dir='ltr'><strong>se</strong></span> <span class='ocrx_word' id='word_1_147' title='bbox 584 2772 691 2838; x_wconf 81' lang='lat' dir='ltr'><strong>neque</strong></span> <span class='ocrx_word' id='word_1_148' title='bbox 713 2772 773 2837; x_wconf 92' lang='lat' dir='ltr'><strong>per</strong></span> <span class='ocrx_word' id='word_1_149' title='bbox 794 2749 948 2816; x_wconf 76' lang='lat' dir='ltr'><strong>suffectae</strong></span> <span class='ocrx_word' id='word_1_150' title='bbox 970 2768 1126 2834; x_wconf 87' lang='lat' dir='ltr'><strong>personas</strong></span> <span class='ocrx_word' id='word_1_151' title='bbox 1150 2769 1259 2835; x_wconf 82' lang='lat' dir='ltr'><strong>regem</strong></span> <span class='ocrx_word' id='word_1_152' title='bbox 1286 2750 1416 2836; x_wconf 87' lang='lat' dir='ltr'><strong>placare</strong></span> <span class='ocrx_word' id='word_1_153' title='bbox 1445 2772 1504 2818; x_wconf 83' lang='lat' dir='ltr'><strong>va·</strong></span> 
     </span>
     <span class='ocr_line' id='line_1_20' title="bbox 448 2849 1505 2938; baseline -0.002 -18"><span class='ocrx_word' id='word_1_154' title='bbox 448 2856 539 2933; x_wconf 84' lang='lat' dir='ltr'><strong>leret,</strong></span> <span class='ocrx_word' id='word_1_155' title='bbox 569 2876 630 2921; x_wconf 86' lang='lat' dir='ltr'><strong>nec</strong></span> <span class='ocrx_word' id='word_1_156' title='bbox 653 2874 692 2918; x_wconf 88' lang='lat' dir='ltr'><strong>ea</strong></span> <span class='ocrx_word' id='word_1_157' title='bbox 715 2873 790 2938; x_wconf 85' lang='lat' dir='ltr'><strong>quae</strong></span> <span class='ocrx_word' id='word_1_158' title='bbox 820 2851 872 2916; x_wconf 91' lang='lat' dir='ltr'><strong>sui</strong></span> <span class='ocrx_word' id='word_1_159' title='bbox 894 2849 981 2936; x_wconf 83' lang='lat' dir='ltr'><strong>juris</strong></span> <span class='ocrx_word' id='word_1_160' title='bbox 1009 2849 1142 2914; x_wconf 82' lang='lat' dir='ltr'><strong>fuerant</strong></span> <span class='ocrx_word' id='word_1_161' title='bbox 1171 2849 1207 2914; x_wconf 92' lang='lat' dir='ltr'><strong>in</strong></span> <span class='ocrx_word' id='word_1_162' title='bbox 1232 2870 1312 2937; x_wconf 87' lang='lat' dir='ltr'><strong>pace</strong></span> <span class='ocrx_word' id='word_1_163' title='bbox 1339 2851 1505 2938; x_wconf 88' lang='lat' dir='ltr'><strong>possidere</strong></span> 
     </span>
     <span class='ocr_line' id='line_1_21' title="bbox 449 2950 1505 3038; baseline -0.003 -16"><span class='ocrx_word' id='word_1_164' title='bbox 449 2957 583 3022; x_wconf 86' lang='lat' dir='ltr'><strong>valeret.</strong></span> <span class='ocrx_word' id='word_1_165' title='bbox 629 2953 729 3020; x_wconf 91' lang='lat' dir='ltr'><strong>Unde</strong></span> <span class='ocrx_word' id='word_1_166' title='bbox 758 2951 938 3038; x_wconf 82' lang='lat' dir='ltr'><strong>praedictus</strong></span> <span class='ocrx_word' id='word_1_167' title='bbox 969 2971 1077 3016; x_wconf 90' lang='lat' dir='ltr'><strong>comes</strong></span> <span class='ocrx_word' id='word_1_168' title='bbox 1103 2950 1210 3016; x_wconf 87' lang='lat' dir='ltr'><strong>tristis</strong></span> <span class='ocrx_word' id='word_1_169' title='bbox 1240 2952 1376 3019; x_wconf 86' lang='lat' dir='ltr'><strong>effectus</strong></span> <span class='ocrx_word' id='word_1_170' title='bbox 1405 2953 1505 3021; x_wconf 91' lang='lat' dir='ltr'><strong>licen·</strong></span> 
     </span>
     <span class='ocr_line' id='line_1_22' title="bbox 279 3051 1505 3168; baseline -0.002 -43"><span class='ocrx_word' id='word_1_171' title='bbox 279 3069 439 3168; x_wconf 45' lang='lat' dir='ltr'><strong>&amp;effi</strong></span> <span class='ocrx_word' id='word_1_172' title='bbox 451 3060 533 3125; x_wconf 89' lang='lat' dir='ltr'><strong>tiam</strong></span> <span class='ocrx_word' id='word_1_173' title='bbox 555 3055 699 3123; x_wconf 87' lang='lat' dir='ltr'><strong>abeundi</strong></span> <span class='ocrx_word' id='word_1_174' title='bbox 722 3054 821 3141; x_wconf 86' lang='lat' dir='ltr'><strong>petiit</strong></span> <span class='ocrx_word' id='word_1_175' title='bbox 843 3057 878 3118; x_wconf 88' lang='lat' dir='ltr'><strong>et</strong></span> <span class='ocrx_word' id='word_1_176' title='bbox 899 3051 1053 3118; x_wconf 81' lang='lat' dir='ltr'><strong>obtinuit</strong></span> <span class='ocrx_word' id='word_1_177' title='bbox 1100 3052 1290 3140; x_wconf 85' lang='lat' dir='ltr'><strong>Assumptis</strong></span> <span class='ocrx_word' id='word_1_178' title='bbox 1320 3054 1433 3140; x_wconf 85' lang='lat' dir='ltr'><strong>itaque</strong></span> <span class='ocrx_word' id='word_1_179' title='bbox 1455 3077 1505 3122; x_wconf 87' lang='lat' dir='ltr'><strong>se-</strong></span> 
     </span>
     <span class='ocr_line' id='line_1_23' title="bbox 279 3153 1505 3269; baseline 0.006 -52"><span class='ocrx_word' id='word_1_180' title='bbox 279 3173 427 3269; x_wconf 49' lang='lat' dir='ltr'><strong>musto</strong></span> <span class='ocrx_word' id='word_1_181' title='bbox 452 3181 528 3227; x_wconf 85' lang='lat' dir='ltr'><strong>cum</strong></span> <span class='ocrx_word' id='word_1_182' title='bbox 542 3157 656 3244; x_wconf 88' lang='lat' dir='ltr'><strong>paucis</strong></span> <span class='ocrx_word' id='word_1_183' title='bbox 672 3153 952 3222; x_wconf 88' lang='lat' dir='ltr'><strong>commilitonibus</strong></span> <span class='ocrx_word' id='word_1_184' title='bbox 973 3158 1008 3218; x_wconf 90' lang='lat' dir='ltr'><strong>et</strong></span> <span class='ocrx_word' id='word_1_185' title='bbox 1027 3154 1206 3242; x_wconf 73' lang='lat' dir='ltr'><strong>armigeris,</strong></span> <span class='ocrx_word' id='word_1_186' title='bbox 1221 3153 1283 3222; x_wconf 77' lang='lat' dir='ltr'><strong>ad⁸</strong></span> <span class='ocrx_word' id='word_1_187' title='bbox 1303 3157 1505 3224; x_wconf 73' lang='lat' dir='ltr'><strong>auunculum</strong></span> 
     </span>
     <span class='ocr_line' id='line_1_24' title="bbox 374 3252 1507 3344; baseline -0.002 -17"><span class='ocrx_word' id='word_1_188' title='bbox 374 3252 382 3273; x_wconf 85' lang='lat'><em>&#39;</em></span> <span class='ocrx_word' id='word_1_189' title='bbox 451 3282 549 3327; x_wconf 89' lang='lat' dir='ltr'><strong>suum</strong></span> <span class='ocrx_word' id='word_1_190' title='bbox 572 3260 751 3336; x_wconf 87' lang='lat' dir='ltr'><strong>Herveum,</strong></span> <span class='ocrx_word' id='word_1_191' title='bbox 774 3257 832 3342; x_wconf 91' lang='lat' dir='ltr'><strong>qui</strong></span> <span class='ocrx_word' id='word_1_192' title='bbox 858 3262 981 3322; x_wconf 84' lang='lat' dir='ltr'><strong>terram</strong></span> <span class='ocrx_word' id='word_1_193' title='bbox 1005 3257 1097 3342; x_wconf 88' lang='lat' dir='ltr'><strong>prius</strong></span> <span class='ocrx_word' id='word_1_194' title='bbox 1124 3258 1361 3344; x_wconf 72' lang='lat' dir='ltr'><strong>exploraverat</strong></span> <span class='ocrx_word' id='word_1_195' title='bbox 1384 3260 1421 3324; x_wconf 92' lang='lat' dir='ltr'><strong>in</strong></span> <span class='ocrx_word' id='word_1_196' title='bbox 1443 3260 1507 3325; x_wconf 91' lang='lat' dir='ltr'><strong>Hi·</strong></span> 
     </span>
     <span class='ocr_line' id='line_1_25' title="bbox 450 3357 1505 3449; baseline -0.001 -19"><span class='ocrx_word' id='word_1_197' title='bbox 450 3363 600 3430; x_wconf 85' lang='lat' dir='ltr'><strong>berniam</strong></span> <span class='ocrx_word' id='word_1_198' title='bbox 630 3360 812 3447; x_wconf 83' lang='lat' dir='ltr'><strong>navigavit</strong></span> <span class='ocrx_word' id='word_1_199' title='bbox 860 3357 1006 3425; x_wconf 81' lang='lat' dir='ltr'><strong>Consilio</strong></span> <span class='ocrx_word' id='word_1_200' title='bbox 1041 3358 1154 3444; x_wconf 73' lang='lat' dir='ltr'><strong>itaque</strong></span> <span class='ocrx_word' id='word_1_201' title='bbox 1185 3360 1264 3428; x_wconf 82' lang='lat' dir='ltr'><strong>dato</strong></span> <span class='ocrx_word' id='word_1_202' title='bbox 1297 3366 1332 3427; x_wconf 89' lang='lat' dir='ltr'><strong>et</strong></span> <span class='ocrx_word' id='word_1_203' title='bbox 1362 3368 1505 3449; x_wconf 83' lang='lat' dir='ltr'><strong>accepto,</strong></span> 
     </span>
     <span class='ocr_line' id='line_1_26' title="bbox 451 3460 1505 3550; baseline 0 -18"><span class='ocrx_word' id='word_1_204' title='bbox 451 3464 694 3532; x_wconf 80' lang='lat' dir='ltr'><strong>considerantes</strong></span> <span class='ocrx_word' id='word_1_205' title='bbox 718 3468 839 3528; x_wconf 86' lang='lat' dir='ltr'><strong>terram</strong></span> <span class='ocrx_word' id='word_1_206' title='bbox 862 3460 1041 3548; x_wconf 87' lang='lat' dir='ltr'><strong>spatiosam</strong></span> <span class='ocrx_word' id='word_1_207' title='bbox 1064 3461 1162 3527; x_wconf 87' lang='lat' dir='ltr'><strong>simul</strong></span> <span class='ocrx_word' id='word_1_208' title='bbox 1185 3467 1220 3528; x_wconf 86' lang='lat' dir='ltr'><strong>et</strong></span> <span class='ocrx_word' id='word_1_209' title='bbox 1246 3464 1425 3550; x_wconf 81' lang='lat' dir='ltr'><strong>speciosam</strong></span> <span class='ocrx_word' id='word_1_210' title='bbox 1448 3465 1505 3532; x_wconf 86' lang='lat' dir='ltr'><strong>scd</strong></span> 
     </span>
     <span class='ocr_line' id='line_1_27' title="bbox 451 3562 1505 3649; baseline -0.002 -15"><span class='ocrx_word' id='word_1_211' title='bbox 451 3567 577 3634; x_wconf 81' lang='lat' dir='ltr'><strong>cultore</strong></span> <span class='ocrx_word' id='word_1_212' title='bbox 608 3585 756 3641; x_wconf 87' lang='lat' dir='ltr'><strong>vacuam,</strong></span> <span class='ocrx_word' id='word_1_213' title='bbox 791 3566 963 3649; x_wconf 88' lang='lat' dir='ltr'><strong>coeperunt</strong></span> <span class='ocrx_word' id='word_1_214' title='bbox 996 3562 1146 3648; x_wconf 75' lang='lat' dir='ltr'><strong>praedari,</strong></span> <span class='ocrx_word' id='word_1_215' title='bbox 1176 3567 1211 3628; x_wconf 87' lang='lat' dir='ltr'><strong>et</strong></span> <span class='ocrx_word' id='word_1_216' title='bbox 1243 3562 1393 3631; x_wconf 89' lang='lat' dir='ltr'><strong>homines</strong></span> <span class='ocrx_word' id='word_1_217' title='bbox 1426 3566 1505 3632; x_wconf 91' lang='lat' dir='ltr'><strong>sim·</strong></span> 
     </span>
     <span class='ocr_line' id='line_1_28' title="bbox 281 3663 1505 3775; baseline 0.007 -49"><span class='ocrx_word' id='word_1_218' title='bbox 281 3681 427 3775; x_wconf 65' lang='lat' dir='ltr'><strong>aucupes</strong></span> <span class='ocrx_word' id='word_1_219' title='bbox 451 3670 551 3758; x_wconf 85' lang='lat' dir='ltr'><strong>plices</strong></span> <span class='ocrx_word' id='word_1_220' title='bbox 567 3674 602 3734; x_wconf 91' lang='lat' dir='ltr'><strong>et</strong></span> <span class='ocrx_word' id='word_1_221' title='bbox 620 3664 807 3733; x_wconf 88' lang='lat' dir='ltr'><strong>seminudos</strong></span> <span class='ocrx_word' id='word_1_222' title='bbox 823 3663 1024 3751; x_wconf 84' lang='lat' dir='ltr'><strong>depopulari.</strong></span> <span class='ocrx_word' id='word_1_223' title='bbox 1071 3663 1191 3750; x_wconf 78' lang='lat' dir='ltr'><strong>Sisque</strong></span> <span class='ocrx_word' id='word_1_224' title='bbox 1212 3666 1376 3752; x_wconf 90' lang='lat' dir='ltr'><strong>paulatim</strong></span> <span class='ocrx_word' id='word_1_225' title='bbox 1398 3669 1505 3735; x_wconf 90' lang='lat' dir='ltr'><strong>indies</strong></span> 
     </span>
     <span class='ocr_line' id='line_1_29' title="bbox 280 3734 1505 3879; baseline 0.007 -50"><span class='ocrx_word' id='word_1_226' title='bbox 280 3734 425 3879; x_wconf 52' lang='lat' dir='ltr'><strong>fficiss</strong></span> <span class='ocrx_word' id='word_1_227' title='bbox 451 3792 596 3840; x_wconf 78' lang='lat' dir='ltr'><strong>crescens</strong></span> <span class='ocrx_word' id='word_1_228' title='bbox 619 3775 740 3836; x_wconf 84' lang='lat' dir='ltr'><strong>terram</strong></span> <span class='ocrx_word' id='word_1_229' title='bbox 762 3787 831 3834; x_wconf 88' lang='lat' dir='ltr'><strong>non</strong></span> <span class='ocrx_word' id='word_1_230' title='bbox 852 3765 1015 3832; x_wconf 88' lang='lat' dir='ltr'><strong>modicam</strong></span> <span class='ocrx_word' id='word_1_231' title='bbox 1047 3765 1105 3831; x_wconf 90' lang='lat' dir='ltr'><strong>sed</strong></span> <span class='ocrx_word' id='word_1_232' title='bbox 1134 3766 1294 3833; x_wconf 76' lang='lat' dir='ltr'><strong>insultem</strong></span> <span class='ocrx_word' id='word_1_233' title='bbox 1316 3770 1403 3836; x_wconf 84' lang='lat' dir='ltr'><strong>circa</strong></span> <span class='ocrx_word' id='word_1_234' title='bbox 1424 3770 1505 3837; x_wconf 87' lang='lat' dir='ltr'><strong>litus</strong></span> 
     </span>
     <span class='ocr_line' id='line_1_30' title="bbox 450 3866 1506 3960; baseline -0.007 -20"><span class='ocrx_word' id='word_1_235' title='bbox 450 3875 551 3940; x_wconf 84' lang='lat' dir='ltr'><strong>maris</strong></span> <span class='ocrx_word' id='word_1_236' title='bbox 573 3871 728 3938; x_wconf 88' lang='lat' dir='ltr'><strong>obtinuit.</strong></span> <span class='ocrx_word' id='word_1_237' title='bbox 775 3868 922 3934; x_wconf 83' lang='lat' dir='ltr'><strong>Tandem</strong></span> <span class='ocrx_word' id='word_1_238' title='bbox 936 3866 1132 3933; x_wconf 88' lang='lat' dir='ltr'><strong>Dubliniam</strong></span> <span class='ocrx_word' id='word_1_239' title='bbox 1147 3868 1318 3934; x_wconf 83' lang='lat' dir='ltr'><strong>civitatem</strong></span> <span class='ocrx_word' id='word_1_240' title='bbox 1340 3874 1506 3960; x_wconf 71' lang='lat' dir='ltr'><strong>egregiam</strong></span> 
     </span>
     <span class='ocr_line' id='line_1_31' title="bbox 450 3968 1505 4063; baseline -0.002 -19"><span class='ocrx_word' id='word_1_241' title='bbox 450 3978 598 4063; x_wconf 87' lang='lat' dir='ltr'><strong>adeptus,</strong></span> <span class='ocrx_word' id='word_1_242' title='bbox 636 3971 872 4039; x_wconf 88' lang='lat' dir='ltr'><strong>Hibernienses</strong></span> <span class='ocrx_word' id='word_1_243' title='bbox 909 3969 1013 4055; x_wconf 86' lang='lat' dir='ltr'><strong>coepit</strong></span> <span class='ocrx_word' id='word_1_244' title='bbox 1048 3968 1155 4035; x_wconf 81' lang='lat' dir='ltr'><strong>acrius</strong></span> <span class='ocrx_word' id='word_1_245' title='bbox 1189 3970 1354 4039; x_wconf 83' lang='lat' dir='ltr'><strong>infestare.</strong></span> <span class='ocrx_word' id='word_1_246' title='bbox 1406 3975 1505 4042; x_wconf 89' lang='lat' dir='ltr'><strong>Unde</strong></span> 
     </span>
     <span class='ocr_line' id='line_1_32' title="bbox 449 4070 1505 4166; baseline -0.001 -21"><span class='ocrx_word' id='word_1_247' title='bbox 449 4100 543 4166; x_wconf 82' lang='lat' dir='ltr'><strong>reges</strong></span> <span class='ocrx_word' id='word_1_248' title='bbox 574 4082 609 4142; x_wconf 89' lang='lat' dir='ltr'><strong>et</strong></span> <span class='ocrx_word' id='word_1_249' title='bbox 640 4073 757 4141; x_wconf 76' lang='lat' dir='ltr'><strong>incolae</strong></span> <span class='ocrx_word' id='word_1_250' title='bbox 789 4077 887 4138; x_wconf 86' lang='lat' dir='ltr'><strong>terrae</strong></span> <span class='ocrx_word' id='word_1_251' title='bbox 918 4070 1051 4148; x_wconf 87' lang='lat' dir='ltr'><strong>irritati,</strong></span> <span class='ocrx_word' id='word_1_252' title='bbox 1085 4071 1206 4137; x_wconf 81' lang='lat' dir='ltr'><strong>crebris</strong></span> <span class='ocrx_word' id='word_1_253' title='bbox 1235 4073 1416 4141; x_wconf 86' lang='lat' dir='ltr'><strong>insultibus</strong></span> <span class='ocrx_word' id='word_1_254' title='bbox 1446 4099 1505 4163; x_wconf 90' lang='lat' dir='ltr'><strong>pro</strong></span> 
     </span>
     <span class='ocr_line' id='line_1_33' title="bbox 449 4172 1502 4261; baseline -0.001 -15"><span class='ocrx_word' id='word_1_255' title='bbox 449 4180 583 4246; x_wconf 89' lang='lat' dir='ltr'><strong>modulo</strong></span> <span class='ocrx_word' id='word_1_256' title='bbox 614 4198 674 4243; x_wconf 91' lang='lat' dir='ltr'><strong>suo</strong></span> <span class='ocrx_word' id='word_1_257' title='bbox 705 4196 761 4242; x_wconf 87' lang='lat' dir='ltr'><strong>eos</strong></span> <span class='ocrx_word' id='word_1_258' title='bbox 792 4172 973 4261; x_wconf 83' lang='lat' dir='ltr'><strong>propellere</strong></span> <span class='ocrx_word' id='word_1_259' title='bbox 1003 4172 1195 4258; x_wconf 84' lang='lat' dir='ltr'><strong>gestierunt.</strong></span> <span class='ocrx_word' id='word_1_260' title='bbox 1250 4174 1317 4241; x_wconf 83' lang='lat' dir='ltr'><strong>Sed</strong></span> <span class='ocrx_word' id='word_1_261' title='bbox 1350 4197 1424 4243; x_wconf 91' lang='lat' dir='ltr'><strong>cum</strong></span> <span class='ocrx_word' id='word_1_262' title='bbox 1447 4178 1502 4257; x_wconf 69' lang='lat' dir='ltr'><strong>eis,</strong></span> 
     </span>
     <span class='ocr_line' id='line_1_34' title="bbox 449 4274 1503 4371; baseline -0.006 -21"><span class='ocrx_word' id='word_1_263' title='bbox 449 4279 659 4371; x_wconf 88' lang='lat' dir='ltr'><strong>paucioribus</strong></span> <span class='ocrx_word' id='word_1_264' title='bbox 675 4277 808 4365; x_wconf 90' lang='lat' dir='ltr'><strong>quidem</strong></span> <span class='ocrx_word' id='word_1_265' title='bbox 825 4295 971 4351; x_wconf 87' lang='lat' dir='ltr'><strong>numere,</strong></span> <span class='ocrx_word' id='word_1_266' title='bbox 987 4274 1045 4339; x_wconf 92' lang='lat' dir='ltr'><strong>sed</strong></span> <span class='ocrx_word' id='word_1_267' title='bbox 1062 4274 1331 4361; x_wconf 89' lang='lat' dir='ltr'><strong>prudentioribus</strong></span> <span class='ocrx_word' id='word_1_268' title='bbox 1346 4278 1503 4364; x_wconf 82' lang='lat' dir='ltr'><strong>quidem⁶</strong></span> 
     </span>
    </p>
   </div>
   <div class='ocr_carea' id='block_1_6' title="bbox 487 4495 1497 4578">
    <p class='ocr_par' dir='ltr' id='par_1_11' title="bbox 487 4495 1497 4578">
     <span class='ocr_line' id='line_1_35' title="bbox 487 4495 1497 4578; baseline 0.003 -29"><span class='ocrx_word' id='word_1_269' title='bbox 487 4511 707 4578; x_wconf 55' lang='lat' dir='ltr'><strong>mmmm]</strong></span> <span class='ocrx_word' id='word_1_270' title='bbox 722 4508 952 4574; x_wconf 39' lang='lat' dir='ltr'><strong>mmmmm,</strong></span> <span class='ocrx_word' id='word_1_271' title='bbox 1031 4495 1193 4564; x_wconf 80' lang='lat' dir='ltr'><strong>⁴Rr&#39;cardsr]</strong></span> <span class='ocrx_word' id='word_1_272' title='bbox 1219 4497 1333 4551; x_wconf 85' lang='lat' dir='ltr'><strong>Richard</strong></span> <span class='ocrx_word' id='word_1_273' title='bbox 1354 4503 1387 4551; x_wconf 86' lang='lat' dir='ltr'><strong>dc</strong></span> <span class='ocrx_word' id='word_1_274' title='bbox 1414 4502 1497 4566; x_wconf 83' lang='lat' dir='ltr'><strong>Clara,</strong></span> 
     </span>
    </p>
   </div>
   <div class='ocr_carea' id='block_1_7' title="bbox 486 4574 1255 4722">
    <p class='ocr_par' dir='ltr' id='par_1_12' title="bbox 486 4574 1255 4722">
     <span class='ocr_line' id='line_1_36' title="bbox 486 4574 1255 4722; baseline 0.072 -69"><span class='ocrx_word' id='word_1_275' title='bbox 486 4619 497 4653; x_wconf 84' lang='lat' dir='ltr'><strong>a</strong></span> <span class='ocrx_word' id='word_1_276' title='bbox 508 4615 638 4683; x_wconf 71' lang='lat' dir='ltr'><strong>Pentroc]</strong></span> <span class='ocrx_word' id='word_1_277' title='bbox 652 4616 794 4679; x_wconf 78' lang='lat' dir='ltr'><strong>Pentroke,</strong></span> <span class='ocrx_word' id='word_1_278' title='bbox 806 4615 837 4669; x_wconf 81' lang='lat' dir='ltr'><strong>C·</strong></span> <span class='ocrx_word' id='word_1_279' title='bbox 996 4574 1255 4722; x_wconf 45' lang='lat' dir='ltr'><strong>wilffipgiiiiiiii.</strong></span> 
     </span>
    </p>
   </div>
   <div class='ocr_carea' id='block_1_8' title="bbox 485 4717 1316 4804">
    <p class='ocr_par' dir='ltr' id='par_1_13' title="bbox 485 4717 1316 4804">
     <span class='ocr_line' id='line_1_37' title="bbox 485 4717 1316 4804; baseline 0.017 -32"><span class='ocrx_word' id='word_1_280' title='bbox 485 4722 497 4757; x_wconf 79' lang='lat'>⁸</span> <span class='ocrx_word' id='word_1_281' title='bbox 512 4718 618 4773; x_wconf 78' lang='lat' dir='ltr'><strong>Octobri</strong></span> <span class='ocrx_word' id='word_1_282' title='bbox 629 4717 669 4788; x_wconf 79' lang='lat' dir='ltr'><strong>in]</strong></span> <span class='ocrx_word' id='word_1_283' title='bbox 683 4735 735 4773; x_wconf 86' lang='lat' dir='ltr'><strong>om.</strong></span> <span class='ocrx_word' id='word_1_284' title='bbox 746 4720 781 4772; x_wconf 57' lang='grc' dir='ltr'><strong>Δ</strong></span> <span class='ocrx_word' id='word_1_285' title='bbox 793 4719 824 4772; x_wconf 81' lang='lat'><strong>0.</strong></span> <span class='ocrx_word' id='word_1_286' title='bbox 1030 4732 1161 4804; x_wconf 69' lang='lat' dir='ltr'><strong>‘9111‘de</strong></span> <span class='ocrx_word' id='word_1_287' title='bbox 1176 4749 1226 4786; x_wconf 86' lang='lat' dir='ltr'><strong>om.</strong></span> <span class='ocrx_word' id='word_1_288' title='bbox 1239 4737 1274 4788; x_wconf 79' lang='lat' dir='ltr'><strong>A.</strong></span> <span class='ocrx_word' id='word_1_289' title='bbox 1285 4736 1316 4787; x_wconf 89' lang='grc' dir='ltr'><strong>Β.</strong></span> 
     </span>
    </p>
   </div>
   <div class='ocr_carea' id='block_1_9' title="bbox 0 0 1841 5720">
    <p class='ocr_par' dir='ltr' id='par_1_14' title="bbox 0 0 1841 5720">
     <span class='ocr_line' id='line_1_38' title="bbox 0 0 1841 5720; baseline 0 0"><span class='ocrx_word' id='word_1_290' title='bbox 0 0 1841 5720; x_wconf 95' lang='lat' dir='ltr'><strong> </strong></span> 
     </span>
    </p>
   </div>
  </div>
 </body>
</html>
