3646 5720
388 877 455 948 270
590 893 754 944 oaevssn
773 889 937 945 nonaum
958 890 1239 944 cammarus

234 1086 357 1136 ΛΜΝ·
387 1062 585 1147 demetenda
605 1078 806 1167 perversitas
835 1078 872 1144 in
900 1077 1024 1144 litteris
1053 1077 1184 1146 comitis
1206 1075 1334 1144 Tolosae
1353 1075 1444 1145 iaci-

386 1180 451 1247 lius
473 1181 598 1269 poterit
619 1182 763 1270 agnosci,
784 1202 867 1268 quas
889 1180 979 1246 idem
1000 1200 1109 1246 comes
1130 1180 1277 1267 generali
1299 1179 1446 1267 capitulo

386 1283 481 1349 misit
502 1282 722 1351 Cisteroiensi
767 1283 898 1349 Harum
920 1282 1108 1349 litteramm
1131 1282 1196 1349 iste
1218 1286 1270 1348 est
1290 1286 1422 1348 textus:

425 1385 590 1442 “Domino
608 1403 660 1443 suo
678 1404 713 1442 ac
730 1384 907 1441 venerabili¹
926 1383 1114 1441 Oisterciensi
1140 1382 1240 1440 abbati
1257 1381 1307 1439 A!
1325 1383 1444 1440 univer·

217 1469 408 1516 nomometo“
427 1486 516 1541 eoque
533 1468 719 1526 conventui
710 1487 742 1524 ιιι
760 1468 891 1540 generali
918 1467 1048 1539 capitulo
1075 1467 1245 1534 constituto,
1265 1467 1445 1539 naufragam

217 1523 409 1625 ffifflpi'ffl
427 1553 505 1609 circa
530 1571 656 1626 superna
680 1570 779 1610 comes
798 1550 919 1616 Tolosa,
942 1550 1001 1607 dux
1026 1550 1209 1619 Narbonias,⁸
1224 1550 1355 1607 marchio
1373 1551 1444 1607 Pro·

389 1635 542 1705 “vincite,
556 1654 624 1693 cum
642 1637 737 1694 salute
754 1653 856 1692 eorum
873 1633 1125 1695 benedictionibus
1150 1632 1317 1690 confirmari
1341 1634 1445 1690 oratio·

389 1719 409 1747 ‘¹
427 1720 573 1793 nibusque
600 1720 708 1777 fulciri.
745 1718 916 1789 Quoniam
906 1737 939 1774 ιιι
964 1717 1096 1775 scientioe
1114 1722 1146 1774 et
1171 1717 1323 1791 sapientise
1339 1723 1445 1775 vestrae

389 1805 409 1831 “
427 1804 573 1861 thesauris
591 1803 726 1861 clarescit
749 1803 828 1875 quod
852 1801 985 1859 nostris
975 1819 1009 1857 ιιι
1034 1800 1168 1874 partibus
1184 1802 1288 1874 vulpes
1314 1803 1445 1874 parvula
1457 1803 1525 1849 cunt
1533 1805 1598 1851 ilia

388 1887 408 1914 “
426 1888 529 1945 vineas
548 1905 620 1959 quas
638 1887 784 1961 plautavit
800 1885 921 1942 dextera
937 1884 1054 1941 Excelsi
1071 1883 1282 1951 demoliuntur,
1301 1890 1332 1942 et
1350 1886 1444 1942 fontes
1456 1880 1585 1978 {Sl-W

388 1972 408 1998 ‘¹
427 1971 490 2028 sine
511 1989 597 2045 aqua,
615 1977 646 2028 et
671 1970 788 2027 nebula
808 1968 976 2026 turbinibus
994 1968 1124 2040 agitatas,
1143 1969 1258 2025 fontem
1285 1969 1337 2042 qui
1364 1974 1458 2042 patet

389 2053 408 2080 “
426 2052 528 2110 domui
546 2053 668 2111 David
659 2072 692 2109 m
709 2052 888 2109 ablutionem
905 2050 1092 2108 inmunditia
1110 2056 1141 2108 et
1164 2059 1324 2109 menstruae
1342 2070 1446 2111 eracu-
1458 2065 1580 2112 tnoaxfii.
1589 2071 1609 2111 1.

387 2137 408 2166 “
427 2153 476 2192 are
494 2137 641 2203 nituntur,
655 2142 686 2193 et
703 2135 834 2192 rivuli
806 2153 887 2192 virus
904 2133 1073 2190 diffundunt
1090 2140 1125 2190 ut
1137 2133 1220 2206 ligna
1231 2153 1297 2207 qua
1314 2136 1447 2208 plantata
1459 2117 1551 2163 M&

389 2220 408 2248 “
428 2225 499 2276 sunt
516 2237 599 2276 secus
617 2219 756 2277 decursus
780 2235 923 2291 aquarum
940 2216 1077 2284 evellant,
1096 2234 1169 2289 rogo
1187 2223 1218 2274 et
1242 2217 1360 2275 obsecro
1378 2236 1447 2291 qua·

389 2303 410 2331 “
428 2303 510 2360 tinus
535 2301 700 2360 ascendatis
725 2320 762 2358 ex
788 2301 921 2369 adverso,
940 2306 971 2357 et
994 2318 1033 2356 ne
1057 2301 1181 2358 istorum
1208 2319 1315 2370 sermo,
1334 2303 1386 2374 qni
1412 2307 1447 2358 ut

389 2387 409 2415 “
429 2403 534 2444 cancer
551 2386 653 2459 serpit,
673 2387 867 2451 convalescat,
886 2384 1039 2456 opponatis
1055 2402 1108 2442 ros
1134 2402 1253 2442 murum
1280 2404 1334 2457 pro
1360 2386 1447 2443 domo
1458 2401 1609 2450 amussi.

391 2470 409 2498 “
428 2470 530 2527 Israel.
567 2470 605 2525 In
622 2474 740 2526 mutum
757 2469 894 2542 equidem
910 2469 975 2524 haeo
991 2465 1114 2541 putida⁴
1131 2468 1252 2526 haeresis
1269 2470 1353 2527 tabes
1372 2489 1446 2544 prae·

236 2539 314 2581 ‘’m''
391 2555 410 2582 “
428 2553 532 2620 valuit,
551 2557 585 2609 ut
603 2571 706 2610 omnes
718 2553 779 2611 iere
792 2552 838 2609 illi
850 2552 1065 2610 consentientes
1077 2552 1257 2610 arbitrentur
1274 2554 1446 2626 obsequium

390 2638 410 2667 “
429 2655 461 2694 se
479 2642 618 2709 praestare
636 2639 708 2703 Deo,
721 2642 753 2692 et
769 2636 832 2708 ipse
849 2635 969 2707 iniquas
987 2636 1038 2707 qui
1050 2635 1214 2692 misterium
1228 2637 1292 2709 jam
1309 2642 1447 2710 operatur

390 2721 411 2749 “
428 2720 598 2793 iniquitatis
615 2720 648 2775 in
665 2719 741 2776 filios
758 2717 940 2785 diffidentise,
953 2717 997 2775 sio
1013 2718 1202 2790 transfigurat
1213 2737 1245 2776 se
1262 2720 1295 2776 in
1307 2722 1446 2792 angelum
1458 2731 1582 2788 apulsa

389 2805 410 2833 “
429 2804 515 2872 lucis,
533 2809 569 2861 nt
585 2822 658 2863 uxor
675 2820 693 2860 a
710 2803 787 2869 viro,
799 2801 879 2858 filins
897 2818 916 2857 a
931 2808 1026 2874 patre,
1042 2819 1135 2859 nurus
1152 2821 1171 2860 a
1188 2804 1445 2872 soorudisaedant,

389 2889 408 2918 “
428 2889 502 2963 proh
526 2888 625 2945 dolori
669 2888 796 2959 Insuper
813 2886 856 2942 sic
873 2885 906 2941 iu
923 2885 1030 2942 finibus
1055 2886 1164 2944 nostris
1188 2888 1375 2947 obscuratum
1401 2895 1448 2946 est

391 2973 411 3000 “
429 2989 542 3037 aarum,
562 2975 597 3027 ut
614 2968 697 3043 quasi
721 2970 819 3027 lutum
837 2969 891 3026 sub
911 2967 1035 3040 pedibus
1053 2969 1163 3026 diaboli
1190 2975 1356 3039 sternatur3
1377 2989 1446 3044 quo-

392 3055 511 3110 “niam
528 3059 559 3110 et
576 3054 628 3126 qui
646 3052 807 3110 sacerdotio
819 3052 984 3125 funguntur
1000 3051 1120 3109 haeresis
1138 3053 1271 3111 foeditate
1288 3055 1448 3127 depravan-

391 3138 411 3165 “
430 3143 489 3205 tur,
508 3141 540 3193 et
559 3135 682 3207 antiqua
699 3135 828 3208 olimque
845 3133 1012 3191 veneranda
1028 3135 1217 3193 ecclesiarum
1247 3136 1311 3195 loca
1335 3138 1447 3195 inculta

392 3220 411 3248 “
429 3221 537 3293 jacent,
556 3219 655 3275 diruta
674 3223 835 3284 remanent,
855 3218 1019 3290 baptismus
1044 3224 1177 3290 negatur,
1196 3220 1356 3278 eukaristia
1379 3223 1447 3279 abo-

390 3305 411 3334 “
429 3304 570 3368 minatur,
588 3301 763 3373 poenitentia
778 3301 863 3374 pmri
880 3301 1029 3374 penditur,
1047 3301 1176 3359 hominis
1199 3303 1366 3375 plasmatio,
1385 3323 1446 3361 car-

390 3389 409 3418 “
428 3385 677 3451 nisresurrectio,
696 3384 868 3458 abnegando
893 3384 1051 3457 respuitur,
1071 3390 1102 3441 et
1128 3385 1227 3442 omnia
1251 3386 1448 3445 ecclesiastica

391 3472 411 3498 “
431 3474 613 3528 sacramenta
633 3469 833 3536 annullantur,
852 3473 893 3534 et,
913 3466 990 3541 quod
1008 3467 1067 3525 dici
1090 3469 1174 3525 nefas
1198 3473 1254 3535 est,
1273 3469 1332 3527 duo
1357 3471 1447 3527 etiam

391 3555 412 3582 “
391 3553 575 3668 “principia
599 3551 835 3609 introducuntur.
870 3551 911 3608 Et
934 3568 1014 3607 nunc
1043 3550 1116 3622 quid
1143 3550 1261 3608 dicam?
1284 3553 1354 3609 Non
1378 3558 1449 3610 sunt

391 3637 482 3709 “qui
508 3636 670 3708 recogitent
693 3641 724 3692 et
750 3635 850 3693 dicant
878 3634 912 3690 in
935 3634 1072 3691 cordibus
1099 3634 1170 3702 suis,
1191 3637 1210 3664 “
1221 3635 1299 3705 Quid
1325 3637 1448 3693 facimus
1562 3630 1570 3647 ⁸

391 3721 439 3751 ‘¹‘
431 3720 524 3794 ‘quia
540 3720 675 3777 homines
693 3719 745 3776 isti
767 3719 864 3776 multa
880 3718 959 3775 mala
984 3717 1119 3775 iaciunt?
1151 3717 1184 3775 Si
1202 3718 1380 3776 dimittimus
1398 3738 1448 3778 eos
1461 3735 1616 3782 assumta

391 3808 411 3835 “
432 3806 506 3872 ‘sio,
532 3822 634 3861 omnes
659 3802 779 3860 credent
805 3803 838 3859 in
863 3819 921 3861 eos.
957 3801 997 3859 lit
1023 3802 1076 3874 qui
1099 3802 1250 3859 absorbuit
1267 3804 1391 3860 flurium
1418 3809 1449 3861 et

393 3891 412 3918 ‘¹
433 3891 514 3945 ‘non
538 3887 715 3954 mirabitur,‘
740 3905 776 3944 ex
799 3886 910 3959 iniqua
933 3886 1171 3959 praesumptionis
1197 3887 1321 3944 audacia
1344 3887 1449 3946 influet
1462 3904 1589 3951 sebnia

343 4028 349 4038 ,
393 3974 412 4001 “
435 3971 593 4029 ‘Jordanis
610 3972 644 4027 in
655 3989 687 4028 os
705 3970 786 4044 ejus'
822 3970 887 4042 Ego
904 3969 1023 4042 quidem
1035 3970 1086 4042 qni
1104 3985 1163 4025 uno
1178 3986 1195 4026 a
1212 3970 1326 4027 duobus
1338 3971 1448 4028 divinis

222 4079 311 4123 „mm
393 4057 413 4086 “
432 4057 568 4129 accingor
584 4054 692 4128 gladio,
713 4060 744 4111 et
761 4054 813 4128 qui
837 4071 886 4110 me
903 4053 957 4109 irse
974 4054 1031 4109 Dei
1048 4053 1195 4110 vindicem
1223 4061 1253 4112 et
1279 4055 1449 4113 ministrum

394 4142 413 4170 “
433 4138 489 4195 Dei
505 4140 538 4195 in
554 4139 611 4196 hoo
627 4138 727 4211 ipsum
744 4136 938 4194 constitutum
955 4135 1105 4203 confiteor,
1121 4135 1192 4193 dum
1210 4137 1263 4194 tali
1280 4137 1449 4196 infidelitati

394 4223 553 4280 “modum
570 4238 678 4296 ponere
694 4227 726 4279 et
736 4222 826 4278 linem
844 4221 914 4279 dure
924 4219 1044 4288 innitor,
1065 4219 1235 4277 adtentum
1260 4226 1291 4278 et
1314 4221 1375 4279 tale
1398 4241 1448 4279 ne·

393 4307 546 4380 “gotium
566 4306 772 4379 complendum
789 4304 868 4362 vires
885 4321 967 4361 meas
991 4302 1115 4362 deficere
1135 4320 1289 4376 cognosco,
1309 4306 1448 4378 quoniam
1516 4372 1521 4379 ,

393 4395 414 4424 ‘⁶
432 4399 519 4452 terra
536 4410 610 4451 mea
626 4391 793 4460 nobiliores,
808 4389 874 4464 jam
891 4389 1045 4463 pralium
1066 4388 1249 4446 infidelitatis
1267 4390 1345 4459 tabe,
1364 4408 1447 4448 erue·

217 1369 301 1415 better
308 1371 333 1415 ol

217 1422 259 1467 the
270 1423 342 1465 count
350 1419 377 1465 cr

426 4655 435 4689 ¹
447 4652 598 4721 meabas]
613 4651 807 4714 venarsbilibus,
816 4652 848 4706 (i.
974 4648 1151 4718 mortona]
1165 4644 1312 4717 Norbouise,
1325 4636 1361 4706 0ss

425 4734 498 4801 ¹A.]
517 4734 684 4794 Alexanderr
708 4733 789 4784 abbot
806 4732 841 4785 oi
855 4730 898 4786 ci·
974 4730 1100 4797 ⁴pab’da]
1115 4731 1227 4796 putrida,
1237 4733 1269 4783 B.

392 4816 649 4875 armiro-me.
975 4808 1317 4878 ‘ercammarum
