3588 5740
689 894 802 945 ornas
823 894 1016 946 nrsronrcs
1317 883 1382 946 525

293 1054 295 1059 ,
332 1085 471 1166 quentes
497 1052 777 1168 archiepiscopum
804 1079 1077 1147 cantuariensem
1103 1101 1207 1166 usque
1231 1082 1274 1146 ad
1297 1082 1384 1197 regis
1413 1092 1469 1137 AD
1477 1095 1536 1137 11⁹4

332 1202 494 1247 cameram
517 1182 648 1247 ordines
669 1203 745 1247 euos
769 1186 907 1247 teneant
929 1181 1080 1268 episcopi,
1104 1182 1285 1247 secundum
1315 1184 1383 1270 pri-
1369 1157 1537 1262 -αηζιοὲᾷι

1395 1268 1467 1314 ottho

223 1331 226 1335 f
332 1282 500 1368 mogenita
523 1282 785 1361 consecrationis,
808 1287 930 1369 praeter
956 1281 1194 1348 Eborecensem
1223 1283 1384 1370 archiepi-
1395 1319 1528 1363 emmaum

332 1405 466 1472 scopum
504 1385 534 1450 si
570 1384 712 1463 affuerit,
734 1384 1010 1462 Lundoniensem,
1047 1384 1316 1462 wintoniensem,
1350 1369 1530 1464 et⁰l¹lvlf1ll¹¹¹

332 1485 527 1553 Roffensem.
575 1487 724 1568 Quorum
746 1487 961 1553 Eboracensis
983 1488 1027 1552 nd
1050 1487 1221 1554 dexteram
1243 1489 1308 1553 ibit
1333 1473 1426 1554 atr-⁰¹¹
1426 1475 1494 1515 ‘'¹⁹³‘'

332 1589 531 1677 chiepiscopi
562 1589 821 1669 cantuariensis,
854 1590 1097 1657 Lundoniensis
1131 1592 1174 1656 ad
1208 1591 1384 1657 sinistram.

333 1690 371 1757 Si
393 1693 478 1759 forte
496 1692 639 1758 defuerit
659 1691 881 1769 Eboracensis,
897 1692 1138 1758 Lundoniensis
1160 1692 1226 1758 ibit
1245 1694 1288 1758 ed
1306 1693 1387 1759 dcx-

332 1799 447 1874 teram,
470 1794 708 1861 Wintoniensis
738 1795 781 1859 ad
807 1795 983 1860 sinistram.
1028 1794 1192 1861 Roffensis
1219 1817 1305 1875 vero,
1329 1797 1386 1882 qui

333 1896 580 1964 cantuariensis
602 1897 840 1984 archiepiscopi
862 1897 1050 1984 capellanus
1073 1903 1131 1977 est,
1155 1919 1256 1985 prope
1280 1900 1386 1965 archi-

333 2000 521 2087 episcopum
550 2000 770 2086 subsequetur
799 2021 821 2065 a
853 2004 956 2086 terge,
986 1999 1222 2066 comitantibus
1256 2023 1332 2066 eum
1365 2023 1387 2067 a

332 2102 459 2169 dextris
485 2108 520 2169 et
546 2124 567 2168 a
592 2103 736 2168 sinistris
766 2102 895 2168 duobus
925 2103 1095 2169 monachis
1125 2104 1303 2190 capellanis
1333 2126 1385 2170 ar·
1474 2095 1475 2099 ¹

332 2203 539 2291 chiepiscopi,
570 2209 610 2269 ut
634 2225 711 2270 cum
740 2202 826 2269 libro
855 2208 991 2291 paratus
1021 2204 1067 2269 sit
1095 2205 1139 2269 nd
1169 2205 1385 2272 inveniendas

332 2328 492 2394 congmss
524 2307 696 2372 orationes.
743 2306 827 2393 Regi
865 2311 977 2372 autem
1014 2328 1113 2395 super
1145 2312 1296 2395 tapetum
1330 2309 1385 2375 vel

331 2410 470 2497 pellium
492 2431 601 2477 coram
622 2408 865 2496 archiepiscopo
891 2408 1123 2476 cantuariensi
1147 2410 1307 2481 inclinato
1329 2406 1401 2500 ge·'

330 2513 430 2579 nibus
452 2512 507 2579 vel
532 2512 644 2591 stanti,
668 2511 917 2578 Oantuariensis
939 2511 1204 2600 archiepiscopus
1231 2536 1384 2580 coronam

331 2615 482 2703 imponat
502 2636 646 2694 auream,
661 2619 695 2679 et
715 2619 881 2700 sceptrum
901 2613 938 2678 in
959 2613 1120 2693 dextram,
1136 2620 1171 2680 et
1192 2614 1279 2682 hanc
1296 2616 1386 2682 dicat

330 2717 521 2796 cretionem,
539 2725 555 2752 “
566 2714 710 2783 Coronet
723 2721 758 2781 te
776 2713 967 2792 Dominus,''
982 2719 1017 2780 et
1033 2719 1153 2782 caetera
1162 2740 1171 2797 ;
1192 2716 1310 2783 deinde
1334 2740 1385 2784 so-

331 2819 490 2903 nantibus
512 2817 616 2906 signis
639 2839 715 2884 curn
737 2822 839 2883 cantu
861 2816 1003 2882 ducatur
1026 2817 1062 2881 in
1088 2817 1264 2885 ecclesiam
1312 2819 1387 2900 Quo

331 2920 484 2988 flectente
506 2941 616 3008 genua
642 2941 750 2986 coram
779 2917 887 2997 elteri,
911 2917 1008 2984 finito
1034 2923 1143 2997 cantu,
1166 2920 1256 2986 dicat
1280 2922 1386 2988 archi-

331 3026 501 3112 episcopus
523 3021 608 3090 has¹
644 3043 776 3110 preces:
800 3021 977 3100 “Domine,
1008 3021 1138 3087 salvum
1168 3022 1220 3090 fac
1249 3024 1386 3112 regem.''

330 3135 347 3162 “
371 3128 470 3194 Mitte
485 3126 592 3192 cidem
614 3125 779 3191 auxilium
802 3123 843 3189 de
865 3122 1006 3191 sancto.”
1053 3124 1163 3190 “Esto
1179 3125 1218 3204 ei,
1234 3125 1386 3206 Domine,

330 3230 471 3295 “turris
493 3226 728 3294 fortitudinis.”
766 3226 961 3291 “Dominus
983 3226 1180 3293 vobiscum.”
1219 3228 1383 3309 “Quaesu-

329 3338 347 3365 “
369 3353 451 3409 mus,
475 3331 682 3417 omnipotens
704 3328 805 3407 Deus,
828 3333 868 3393 ut
897 3327 1041 3394 famulus
1067 3332 1147 3393 tuus
1176 3351 1236 3395 rex
1264 3337 1385 3410 noster,

330 3440 347 3467 “
370 3438 405 3498 et
426 3432 573 3499 caetera''
617 3431 747 3497 Deinde
769 3431 911 3496 dueatur
936 3429 980 3495 ad
1004 3429 1163 3496 thronum
1192 3434 1320 3519 regium
1350 3440 1386 3500 et

329 3535 463 3601 missam
504 3534 646 3602 celebret
685 3533 949 3620 archiepiscopus
989 3529 1244 3599 Cantuan'ensis.
1305 3535 1385 3602 Post

329 3637 539 3724 evangelium
559 3637 701 3703 ducatur
722 3657 782 3701 rex
804 3636 848 3700 ad
867 3634 1080 3700 offerendum
1118 3634 1199 3713 Post
1213 3644 1230 3670 “
1239 3639 1356 3725 Agnus
1365 3638 1383 3665 ''

329 3738 548 3805 eommunicet
569 3760 630 3803 rex
652 3743 688 3803 et
709 3737 810 3802 missa
832 3736 977 3802 finiatur.
1023 3735 1104 3802 Post
1124 3738 1258 3803 missam
1281 3740 1384 3805 dedu-

329 3845 407 3907 cant
428 3862 504 3907 eum
526 3840 563 3906 in
580 3840 743 3927 palatium
759 3838 903 3916 comites,
925 3844 961 3905 et
982 3838 1120 3905 barones
1143 3861 1251 3906 cereos
1265 3841 1383 3923 ferant,

327 3947 364 4009 et
384 3945 513 4031 regium
534 3942 716 4029 gladium
706 3964 744 4005 m
764 3940 879 4008 forulo.

374 4056 441 4122 Hic
462 4061 513 4122 est
535 4056 652 4122 modus
673 4054 774 4142 hujus
797 4055 1023 4121 coronationis
1071 4056 1196 4123 Verum
1219 4058 1299 4176 quia
1323 4064 1503 4161 rexfflss,
1494 4065 1543 4160 ‘m-

328 4159 490 4227 Ricardus
512 4181 533 4225 a
559 4159 756 4246 captivitate
785 4157 945 4224 liberatus
976 4180 1018 4224 ex
1048 4159 1254 4248 insperato
1244 4183 1281 4227 m
1310 4185 1382 4251 reg-
1394 4166 1452 4212 Μ

328 4284 410 4327 ιιιιιιι
432 4284 582 4329 reversus
604 4267 664 4340 est,
687 4262 728 4327 dc
750 4261 886 4328 consilio
910 4260 1160 4328 Osntusriensis
1181 4264 1325 4331 ecclosioe
1348 4271 1383 4332 et

328 4364 541 4452 praelatorum
555 4363 749 4451 Anglioe,1n
770 4363 896 4429 octavis
915 4362 1049 4429 Paschae
1071 4364 1162 4451 apud
1177 4364 1382 4434 wintoniam

328 4467 376 4534 sic
397 4472 572 4535 coronatus
594 4471 646 4533 cst
669 4464 758 4552 [ιινῒ0
778 4464 940 4532 kalendas
962 4465 1094 4553 MeiiP

363 4766 595 4835 'monam
847 4764 852 4835 Ι
899 4764 1355 4835 ’ra‘tcloedoedtotqomhn
