3588 5740
730 810 842 862 orum
863 810 1056 862 msroarcs
1361 797 1426 863 519

369 1005 609 1073 Londoniensis
631 1005 811 1092 episeopus,
826 1004 886 1092 qui
910 1004 974 1070 su
998 1003 1232 1070 solensem
1254 1003 1424 1072 uerene
1453 971 1578 1094 w

368 1115 570 1177 reservatem
584 1108 736 1196 putebat,
751 1108 811 1174 sed
827 1109 900 1195 jam
923 1108 1108 1194 desperans,
1123 1129 1167 1174 ne
1189 1108 1239 1173 nil
1260 1112 1423 1196 ageretur,
1435 1090 1589 1196 fflffi‘„

368 1213 472 1301 priori
502 1218 537 1279 et
569 1210 739 1278 monachis
771 1211 880 1279 dixit:
919 1209 1040 1277 “Bene
1074 1210 1199 1276 fecistis
1233 1211 1292 1297 qui
1326 1211 1423 1277 nobis

369 1323 387 1351 “
409 1319 560 1381 nostrum
581 1313 770 1380 adduxistis
792 1311 961 1379 electum.''
985 1311 1050 1377 Cui
1064 1311 1172 1398 prior:
1188 1311 1268 1378 “De
1283 1311 1423 1390 vestro,'’

368 1418 488 1504 inquit,
512 1419 650 1495 “eleoto,
665 1415 747 1502 quid
767 1415 922 1494 feceritis,
943 1414 999 1481 vel
1020 1415 1050 1480 si
1072 1437 1171 1502 quem
1194 1415 1347 1504 elegistis,
1362 1438 1423 1482 nos

368 1528 386 1556 “
408 1519 543 1607 penitus
564 1520 763 1607 ignoramus
810 1517 908 1600 Quod
936 1522 1049 1584 autem
1071 1522 1186 1584 nostre
1208 1517 1249 1583 de
1267 1517 1345 1603 jure
1367 1518 1424 1585 de·

369 1630 387 1659 “
407 1623 487 1689 beat
518 1644 588 1689 esse
619 1621 736 1688 electio
767 1641 819 1687 res
850 1621 887 1684 in
918 1620 1094 1708 propatulo
1128 1625 1179 1687 est
1209 1641 1286 1687 oum
1322 1622 1422 1708 regim

368 1726 509 1791 “eurise
538 1728 689 1790 nostrum
722 1726 963 1810 praesentemus
993 1722 1162 1789 electum''
1208 1722 1348 1789 Factum
1371 1729 1423 1790 est

368 1832 488 1893 sutem.
543 1825 672 1893 Direoti
709 1830 788 1891 sunt
824 1824 914 1891 illieo
951 1824 1064 1890 nuntii
1102 1824 1207 1912 ipsius
1244 1825 1348 1904 electi,
1387 1831 1422 1892 et
1433 1811 1578 1912 {mm

368 1927 505 1994 nuntii1
527 1932 721 2004 conventus,
745 1947 821 1993 oum
854 1923 1010 1992 nuntiis²
1030 1927 1118 2014 regis
1139 1926 1185 1991 ad
1206 1926 1332 1992 suriam
1354 1927 1420 1993 Ro
1432 1915 1489 1967 ⁹⁸¹²

367 2051 509 2109 menam,
539 2052 599 2116 pro
630 2029 733 2117 pullio
763 2029 908 2116 petendo
941 2034 976 2095 et
1005 2029 1214 2117 plenitudine
1237 2030 1420 2117 potestatis

368 2133 437 2215 Qui
456 2132 600 2222 benigne
621 2154 642 2199 s
665 2131 798 2201 domino
821 2153 909 2219 pepe
930 2132 1075 2219 suseepti
1098 2137 1185 2198 sunt.

411 2235 523 2303 Factae
545 2240 625 2301 sunt
655 2234 784 2302 interes
809 2235 999 2301 exactiones
1022 2234 1208 2302 durissimae
1230 2258 1291 2323 per
1311 2243 1419 2304 totam
1432 2240 1551 2336 m

366 2338 524 2426 Angliam
553 2358 615 2425 pro
645 2337 871 2425 redemptione
901 2337 997 2425 regie,
1020 2343 1061 2403 ut
1081 2360 1195 2405 omnes
1225 2345 1261 2405 et
1287 2340 1569 2445 fliflgufl‚m‘'ss',}2‚t,⁸0¹}⁰

365 2445 437 2509 tem
474 2440 701 2509 eeclesiastieee
741 2460 842 2526 quam
878 2440 1042 2507 seculares
1074 2461 1232 2527 personae,
1267 2449 1421 2529 quartem
1431 2443 1584 2490 nonme,
1694 2495 1696 2498 ψ

365 2551 496 2633 partem
517 2543 711 2610 reddituum
735 2564 870 2609 suorum
893 2543 1020 2610 solvere
1042 2549 1244 2631 eogerentur.
1291 2545 1421 2614 Deinde

365 2646 482 2714 eniioes
504 2645 714 2713 eeclesiarum
745 2650 781 2711 et
813 2644 979 2733 empullae,
1001 2667 1113 2712 mures
1146 2651 1182 2712 et
1214 2647 1420 2729 eendelabre,

365 2754 480 2815 textus
512 2754 548 2815 et
579 2748 728 2815 turibula
758 2769 860 2814 aurea
890 2747 945 2813 vel
978 2754 1144 2835 argentee,
1178 2771 1285 2836 eapsae
1317 2752 1420 2818 etiam

365 2857 556 2918 sanctorum
585 2850 761 2917 excorietae
787 2855 868 2916 sunt
898 2856 934 2916 et
955 2850 1114 2930 eonfletae,
1140 2851 1239 2938 regiis
1271 2853 1419 2940 assigna-

368 2952 437 3021 tae⁸
450 2954 620 3020 ministris
652 2953 788 3020 Affiiote
809 2958 862 3019 est
882 2952 1049 3040 praecipue
1070 2953 1137 3019 hiis
1159 2954 1277 3021 diebus
1299 2957 1420 3024 misera

365 3056 616 3125 Cantnariensis
646 3055 790 3135 eeuesie,
828 3076 903 3142 quae
939 3056 1150 3123 tunsionibus
1187 3063 1224 3125 et
1258 3058 1420 3145 pressuris

364 3161 467 3227 variis
489 3164 672 3227 extenuata
693 3158 730 3223 in
760 3156 922 3226 nichilum
944 3179 1029 3245 pene
1062 3159 1197 3226 redacte
1227 3165 1286 3226 est
1334 3160 1419 3227 Gon-

364 3264 475 3330 vooeti
506 3268 587 3330 sunt
617 3263 740 3328 iterum
771 3266 807 3327 et
839 3262 962 3327 iterum
991 3263 1084 3350 epud
1114 3263 1325 3331 Lundoniam
1348 3266 1540 3362 ωωξξῖξξξξ·

364 3364 592 3432 eodesiestioae
615 3385 716 3451 quam
747 3362 909 3429 seeulnres
931 3384 1088 3450 personae,
1119 3370 1160 3431 ut
1180 3366 1337 3434 subtilius
1368 3368 1537 3434 wranov„

364 3468 534 3552 quirerent
554 3467 585 3532 si
607 3466 689 3553 quid
711 3471 798 3531 esset
818 3467 988 3532 residuum
1016 3467 1062 3532 ad
1082 3467 1287 3536 solvendum.
1333 3468 1418 3536 Cum

362 3569 468 3656 igitur
504 3568 595 3653 apud
632 3566 972 3646 westmonasterium,
1002 3568 1139 3636 absente
1185 3570 1418 3639 Oattuariensi

364 3671 476 3749 eleeto,
506 3669 715 3737 considerent
744 3669 782 3735 in
812 3691 919 3735 unum
948 3675 984 3736 et
1013 3693 1125 3738 seeum
1147 3680 1342 3758 quererent,
1365 3677 1417 3740 in-

362 3774 469 3840 travit
491 3772 656 3859 quispiam
687 3793 816 3838 erucem
846 3772 1009 3858 bajulans,
1032 3795 1131 3860 quem
1152 3775 1417 3865 arehiepisoopus
1429 3776 1562 3873 mg„

363 3875 577 3943 Eborsoensis
615 3874 828 3960 stupentibus
858 3876 987 3940 eunetis
1024 3896 1046 3941 a
1081 3880 1175 3964 tergo
1215 3878 1417 3967 subsequens
1429 3878 1569 3974 ffifflhw

362 3978 619 4066 praesumptione
650 3976 771 4043 stolida
801 3977 954 4043 turbavit
985 3978 1165 4046 universos.
1212 3980 1320 4061 Quem
1341 3989 1417 4050 ten-

362 4082 438 4147 dem
460 4079 631 4165 alloquens
653 4078 843 4145 Gilebertus
865 4079 1029 4146 Roffensis
1060 4082 1232 4168 episeopus
1253 4086 1311 4165 ait,
1347 4086 1414 4153 “Si

362 4192 380 4218 “
402 4183 554 4250 ordinate
575 4187 615 4247 ut
648 4181 778 4247 deseret
807 4183 974 4269 ingressus
1004 4182 1131 4261 fuisses,
1153 4206 1214 4250 nos
1243 4187 1306 4252 tibi
1338 4209 1415 4254 eum

362 4292 380 4320 “
402 4284 524 4372 gaudio
560 4305 805 4372 assurgeremus
842 4290 879 4351 et
911 4306 989 4352 oum
1026 4286 1235 4355 salutatione.
1289 4290 1417 4361 Verum

362 4396 381 4426 ιι
403 4388 483 4476 quia
515 4388 553 4453 in
583 4388 724 4455 dedecus
754 4388 860 4476 petris
891 4388 997 4455 nostri
1029 4389 1278 4459 centuariensis
1310 4393 1416 4477 electi,

396 4588 841 4658 ¹ipur'eu...nsatir]om.A.B.
910 4592 1416 4660 mmtoeJexeoriata...eonflsta

394 4670 588 4737 hamdis]
602 4671 865 4733 nunonundLLB.
913 4672 1182 4739 ...mugnee,0.;
1201 4676 1413 4730 oomotedinA.
