3628 5728
438 885 504 953 436
650 899 812 950 cravasn
835 898 996 950 nossem
1019 898 1294 951 carruamrssrs

288 1106 411 1151 annea
442 1098 457 1127 “
481 1088 609 1156 dibile.'¹
656 1087 700 1154 Et
729 1109 906 1156 conversus
936 1089 980 1156 ad
1002 1109 1113 1175 regem
1137 1086 1294 1166 Francius,
1317 1087 1498 1157 discinctus

271 1156 430 1323 ἐξῇ
440 1192 561 1281 gladio,
583 1195 714 1258 astante
747 1197 851 1278 patre,
873 1192 1068 1258 videntibus
1098 1193 1226 1258 cunctis
1259 1193 1318 1278 qui
1348 1193 1496 1270 adeunt,

272 1321 383 1412 epam„
441 1296 604 1383 protensis
627 1294 780 1361 manibus
803 1295 909 1361 eidem
932 1295 1012 1361 feeit
1033 1294 1233 1381 homagium,
1252 1296 1357 1382 ipsius
1380 1297 1496 1384 implo-

272 1371 417 1467 iiam
441 1399 703 1466 1ansauxilium
726 1420 768 1465 ne
791 1399 867 1485 jure
891 1398 1003 1464 debito
1025 1398 1221 1485 privaretur.
1267 1397 1498 1466 Discessenrnt

440 1503 544 1591 igitur
566 1502 752 1568 abinvicem
774 1508 869 1587 pater
890 1506 926 1567 et
944 1501 1041 1579 illius,
1056 1506 1092 1566 et
1105 1501 1218 1567 mirati
1241 1508 1321 1567 sunt
1343 1503 1497 1568 universi.

441 1606 567 1671 Videne
589 1608 703 1670 autem
725 1625 786 1669 rex
819 1609 854 1670 et
884 1604 1053 1691 paulisper
1084 1604 1291 1691 retrocedens
1315 1605 1499 1692 obstupuit,

441 1714 642 1794 etquenam
665 1707 817 1772 tenderet
847 1707 919 1773 haec
952 1708 1126 1793 inopinata
1156 1707 1365 1793 conspiratio,
1387 1714 1499 1774 mente

441 1809 556 1875 sedula
578 1809 747 1895 cogitavit.
793 1807 872 1873 Non
902 1808 992 1873 enim
1021 1808 1147 1874 excidit
1172 1792 1216 1873 ab
1238 1809 1310 1894 ejus
1341 1812 1499 1877 memoria

442 1911 577 1978 vexatio
599 1931 699 1997 quam
721 1910 882 1977 intulerat
902 1910 932 1975 ei
956 1909 1121 1977 Henricus
1143 1910 1232 1976 filius
1254 1933 1334 1977 suus
1356 1934 1400 1978 ex
1421 1933 1499 1980 oon-

442 2036 541 2080 seneu
578 2014 664 2100 regis
703 2013 870 2091 Lodovici,
907 2016 943 2078 et
980 2033 1052 2080 ecce
1097 2013 1273 2099 plusquam
1312 2015 1499 2083 Lodovicns

271 2125 382 2229 3133ss
443 2125 538 2206 pater
559 2138 640 2184 suus
669 2121 721 2182 est
750 2116 813 2181 iste
836 2115 1019 2202 Philippus.
1066 2115 1151 2182 (ium
1174 2116 1279 2203 igitur
1301 2118 1498 2199 abinvicem,
1550 2154 1557 2169 ·

444 2228 483 2286 ut
505 2222 632 2287 dietum
663 2225 723 2297 est,
745 2240 838 2307 reges
860 2219 1075 2296 discederent,
1097 2224 1133 2284 et
1154 2226 1362 2286 accurrerent
1383 2222 1499 2309 populi

273 2330 387 2374 ΗΘΜ
444 2325 502 2411 qui
535 2323 628 2411 prius
661 2344 683 2388 a
714 2322 811 2408 louge
843 2326 1006 2387 steterant
1038 2322 1075 2385 in
1107 2342 1234 2400 corona,
1258 2345 1318 2388 rex
1350 2324 1499 2392 Fraudae

271 2381 413 2485 imin
444 2448 616 2513 comesque
648 2426 809 2493 Ricardus
842 2425 969 2513 pariter
999 2431 1211 2491 recessemmt.
1273 2426 1347 2492 Rex
1386 2433 1498 2494 autem

439 2531 579 2619 Angliae,
598 2530 670 2619 jam
692 2528 756 2594 sibi
778 2527 921 2606 relictus,
943 2527 1092 2594 celeriter
1113 2528 1313 2615 properavit
1334 2529 1372 2594 in
1393 2530 1499 2618 Aqui-

440 2635 575 2711 taniam,
599 2632 755 2719 misitque
789 2629 988 2697 (lanfridum
1022 2630 1254 2698 cancellarium
1286 2633 1323 2696 iu
1345 2632 1499 2720 Andaga

440 2737 540 2816 viam,
558 2742 598 2802 ut
619 2735 769 2801 omnium
792 2734 1018 2800 munitionum
1040 2739 1110 2799 tam
1133 2734 1203 2823 regi
1227 2734 1376 2802 Francis
1398 2756 1498 2824 quam

441 2839 554 2906 comiti
577 2837 719 2904 Ricardo
741 2835 957 2923 praecluderet
979 2835 1116 2902 aditum.

271 2937 410 3042 ffiffin,
487 2941 620 3007 Interea
634 2938 787 3005 dominus
801 2958 897 3026 papa,
912 2937 967 3025 pio
989 2938 1085 3004 corde
1108 2938 1344 3005 desolationem
1366 2940 1500 3007 intuens

158 3054 166 3068 ·
271 3039 387 3093 *ΗΘΜ
444 3041 692 3109 Oantuariensis
707 3038 871 3120 ecclesiae,¹
887 3039 1140 3126 adpetitionem
1155 3040 1390 3108 monachorum
1413 3041 1501 3108 Can·

442 3145 659 3212 tuariensium
676 3144 733 3231 qui
748 3164 855 3230 nuper
869 3148 1038 3221 venerant,
1055 3164 1098 3208 ex
1119 3143 1255 3219 consilio
1277 3143 1418 3210 fratrum
1441 3168 1499 3212 an-

439 3248 522 3324 nuit,
534 3254 574 3312 ut
588 3243 770 3312 Radulins²
780 3245 956 3312 cardinalis
970 3266 1045 3311 cum
1061 3245 1181 3312 litteris
1197 3245 1322 3311 domini
1337 3268 1441 3334 papae,
1456 3249 1500 3315 ad
1622 3254 1628 3264 ‘

440 3349 653 3417 decidendam
677 3368 809 3415 causam
835 3368 909 3433 quae
932 3347 1129 3413 versabatur
1152 3348 1241 3413 inter
1264 3348 1441 3416 monachos
1466 3356 1500 3417 et

440 3452 729 3539 archiepiscopum,
744 3451 780 3515 in
795 3449 952 3537 Angliam
974 3449 1102 3537 legatus
1125 3449 1330 3538 dirigeretur,
1346 3472 1421 3519 cum
1443 3450 1498 3520 lit·

442 3557 522 3622 teris
544 3554 737 3641 hujusmodi
759 3552 1004 3639 archiepiscopo
1026 3552 1233 3619 deferendis:

301 3654 397 3700 Mill·
478 3656 657 3714 “Clemens¹
674 3656 835 3729 episcopus,
849 3671 950 3710 servus
973 3671 1124 3710 sorvorum
1147 3655 1213 3722 Dei,
1230 3655 1393 3712 venerabili
1415 3657 1501 3715 naui

272 3716 431 3812 &iffign‘l‘ffl
445 3745 464 3771 ‘⁸
483 3741 650 3798 ledewino
667 3738 869 3797 cantuariensi
886 3737 1103 3811 archiepiscopo
1121 3740 1246 3797 salutm
1263 3745 1294 3798 et
1310 3741 1500 3813 apostolicam

271 3817 418 3910 ΜΨ
445 3827 723 3883 “benedictionem
760 3824 875 3895 Quanto
896 3823 928 3880 iu
948 3823 1071 3881 ecclesia
1093 3824 1150 3881 Dei
1173 3825 1302 3883 scientia
1326 3844 1447 3885 munere
1469 3834 1501 3885 et

267 3879 432 3965 iiiiiaibste
446 3912 464 3938 “
483 3910 635 3982 religionis
659 3908 814 3982 praeminea
836 3908 997 3974 honestate,
1016 3904 1225 3981 dignitatisque
1249 3909 1362 3983 apicem
1380 3911 1412 3967 in
1436 3929 1500 3985 par·

271 3966 401 4014 ⁰¹³⁸¹¹‘²⁰'
445 3992 561 4050 “tibus
584 3990 755 4065 Anglicanis
785 3990 898 4047 obtines
922 3990 1104 4065 ampliorem,
1129 3995 1213 4049 tanto
1236 3992 1319 4051 decet
1347 3994 1500 4052 caritatun

443 4080 463 4105 “
481 4082 563 4134 tuam
580 4074 764 4149 vigilantiori
787 4074 885 4131 studio
908 4092 926 4129 a
949 4074 1149 4147 subjectorum
1172 4074 1287 4149 injuriis
1311 4077 1359 4133 vel
1383 4094 1499 4151 oppres·

442 4164 462 4189 “
481 4160 610 4219 sionibus
633 4164 810 4234 temperare,
834 4163 866 4215 et
888 4158 935 4215 his
958 4158 1128 4231 postpositis
1151 4176 1218 4231 quse
1238 4159 1364 4233 justitiae
1392 4162 1499 4233 pulcri·

440 4245 612 4302 “tudinem
635 4243 814 4309 decolorant,
839 4241 1015 4315 odoremque
1044 4243 1128 4301 boue
1158 4243 1303 4317 opinionis
1332 4246 1498 4318 extingunt,

441 4328 677 4387 “obedientiam
707 4334 737 4385 et
765 4327 962 4385 reverentiam
992 4327 1121 4385 debitam
1149 4328 1312 4400 majoribus
1341 4330 1498 4390 exhibere:

439 4416 458 4441 ‘⁴
476 4413 554 4470 unde
578 4429 637 4469 uon
659 4411 721 4469 sine
735 4427 823 4469 causa
841 4409 994 4480 miremur,
1013 4411 1101 4485 quod,
1115 4411 1193 4469 sicut
1209 4412 1293 4471 uobis
1313 4415 1497 4490 proponitur,

441 4600 533 4609 -.-.....
572 4598 704 4605 ..η’-
714 4596 783 4603 ---ι-.-
804 4595 863 4601 ---
879 4595 888 4600 -
909 4594 989 4603 ιη-
1010 4596 1139 4603 ---.--..--
1162 4597 1198 4602 -—

469 4698 610 4766 ¹ccclcsioe]
625 4714 675 4748 om.
689 4699 720 4749 C.
1020 4696 1174 4764 wimar]
1207 4697 1256 4750 Sec
1284 4697 1405 4763 Epistola
1429 4700 1498 4753 Can.

467 4781 478 4814 ²
490 4777 633 4844 Radclsas]
642 4778 727 4843 Ralplr
733 4774 820 4844 Nigel
830 4776 944 4829 cardinal
986 4784 1063 4840 tuuc,
1074 4777 1124 4831 No.
1136 4776 1228 4840 ccxci,
1239 4792 1282 4843 pp.
1295 4778 1353 4839 278,
1364 4770 1431 4830 274(

432 4858 462 4912 oi
473 4859 499 4911 S.
519 4858 658 4911 huus:
673 4856 738 4922 Epp.
750 4855 833 4937 ¹(lant,
844 4871 869 4921 p.
881 4860 922 4908 tt.
