3646 5720
421 873 489 935 258
622 883 784 935 onnvssn
806 882 967 935 mousom
990 882 1264 934 carrumnusm

267 1077 324 1124 ab·
333 1076 392 1123 112&
423 1065 544 1145 donia,l
558 1087 697 1153 eamque
718 1065 878 1153 praecepit
899 1063 1075 1142 observari,
1092 1085 1151 1150 pro
1173 1062 1268 1149 cujus
1284 1062 1476 1130 execrandis

251 1143 411 1240 diffidi&
423 1169 587 1235 institutis
613 1169 731 1235 beatus
760 1173 890 1255 martyr
919 1167 1062 1234 Thomas
1093 1166 1341 1233 Cantuariensis
1371 1187 1476 1254 usque

250 1246 365 1292 renewed·
423 1269 481 1336 ina
503 1270 713 1358 septemflua)
736 1269 896 1348 exulavit,
912 1266 969 1336 et³
990 1268 1126 1336 undem
1149 1267 1291 1355 glorioso
1313 1267 1475 1355 martyrio

422 1378 597 1440 coronatus
618 1377 677 1439 est

252 1475 402 1574 ffgssgffglff·
466 1476 580 1543 Mense
611 1475 736 1542 Martio
767 1475 855 1542 circa
886 1474 1030 1540 mediam
1054 1472 1348 1561 Quadregesimam
1381 1470 1476 1537 venit
1594 1512 1597 1518 «

252 1579 342 1674 ffl
421 1600 482 1644 rex
503 1578 710 1645 londoniam
733 1599 808 1644 cum
831 1576 900 1643 filio
923 1598 982 1642 suo
1006 1576 1151 1644 Henrico
1173 1597 1242 1642 una
1263 1597 1339 1643 cum
1355 1575 1476 1642 domno

422 1680 616 1768 Hugutione
648 1680 766 1767 legato,
790 1679 848 1765 qui
879 1683 1058 1745 convocato
1090 1678 1176 1745 clero
1205 1677 1338 1764 Angliae
1368 1675 1475 1743 conci·

422 1783 505 1847 lium
527 1782 692 1848 celebrare
714 1780 926 1868 proponebat
964 1779 1050 1846 Cum
1072 1779 1185 1865 itaque
1207 1779 1243 1843 in
1265 1777 1374 1844 medio
1397 1776 1474 1842 sula

419 1886 494 1951 limi
516 1885 676 1951 resideret
697 1884 835 1971 legatus,
858 1888 893 1950 et
915 1883 1076 1949 Ricardus
1097 1881 1346 1949 Cantuariensis
1367 1880 1475 1955 archi-

421 1990 593 2076 episcopus
616 1989 657 2054 de
675 1988 752 2074 jure
774 1987 938 2073 primatus
952 1985 1085 2072 Angliae
1108 1985 1280 2051 dexteram
1298 1983 1473 2060 obtineret,

422 2093 583 2180 Rogerius
606 2092 820 2171 Eboracensis
842 2089 1258 2176 archiepiscopus-innata
1275 2087 1340 2153 sibi
1361 2087 1500 2154 invec-.

421 2200 478 2260 tus
507 2194 705 2282 arrogantia,
728 2194 898 2262 sinistram
928 2194 993 2259 sibi
1024 2193 1171 2259 debitam
1197 2212 1363 2278 respuens,
1386 2191 1475 2256 inter

420 2296 569 2383 legatum
591 2302 626 2363 et
649 2294 922 2363 (lantuariensem
944 2294 1226 2381 archiepiscopum
1248 2294 1474 2371 irreverenter,

421 2399 557 2464 natibus
578 2399 734 2477 innitens,
757 2398 869 2465 sedere
890 2397 984 2463 nisus
1006 2402 1065 2475 est,
1087 2397 1170 2463 adeo
1193 2395 1292 2462 utin
1320 2394 1474 2482 primatis

253 2502 474 2591 gtmlebpsui
495 2502 622 2588 gremio
643 2502 808 2567 resideret
854 2498 923 2566 Vix
945 2505 1058 2591 tamen
1080 2499 1224 2565 umbone
1246 2519 1307 2564 suo
1329 2517 1395 2584 quo
1417 2497 1474 2562 de-

248 2588 377 2682 lmi?
421 2609 547 2671 certare
569 2607 784 2671 consueverat
807 2602 978 2668 dominum
1003 2601 1290 2668 Cantuariensem'
1306 2599 1473 2686 attigerat,

251 2689 354 2742 ml*
421 2729 505 2787 cum,
527 2728 549 2773 a
571 2707 768 2793 qmbusdam
791 2698 959 2792 episcopis,
989 2703 1115 2775 clericis
1145 2708 1180 2769 et
1208 2702 1301 2769 laicis
1330 2701 1475 2788 turpiter

286 2894 290 2903 ,
420 2810 653 2899 apprehensus,
669 2812 709 2876 de
731 2810 865 2897 gremio·
879 2807 1116 2894 archiepiscopi
1139 2812 1270 2894 ereptus
1293 2810 1327 2872 et
1349 2805 1385 2870 in
1408 2810 1472 2869 ter-

419 2934 491 2979 ram
514 2913 661 2999 dejectus
683 2917 742 2978 est.
789 2912 856 2980 Sed
878 2933 953 2978 cum
976 2909 1104 2977 baculis
1127 2914 1162 2976 et
1183 2908 1304 2996 pugnis
1327 2906 1474 2992 undique

418 3015 642 3103 impeteretur,
674 3013 814 3079 exiliens
843 3012 1106 3099 archiepiscopus
1137 3009 1386 3076 Oantuariensis
1415 3008 1473 3074 bo

419 3139 501 3182 num
524 3138 583 3204 pro
605 3116 693 3182 malo
714 3116 869 3195 reddidit,
892 3114 1114 3200 aemulumque
1141 3135 1238 3179 suum
1264 3117 1299 3178 et
1324 3113 1368 3177 ab
1393 3110 1473 3176 olim

421 3217 671 3287 Cantuariensis
693 3218 838 3284 ecclesiae
861 3217 1035 3293 inimicum
1057 3220 1163 3283 tantae
1186 3214 1272 3282 cladi
1297 3213 1472 3300 subripuit.

421 3325 498 3412 Ipse
522 3325 657 3393 tandem
682 3324 896 3392 Eboracensis
920 3329 1101 3391 contumax
1127 3343 1149 3388 a
1170 3325 1260 3387 terra
1291 3341 1473 3406 resurgens,

251 3466 384 3521 mm„
421 3448 497 3493 cum
519 3447 626 3514 cappa
647 3448 708 3493 sua
733 3426 769 3491 in
792 3426 942 3492 tumultu
968 3425 1026 3495 illo
1048 3424 1192 3510 turpiter
1214 3422 1364 3500 descisse,
1386 3420 1474 3507 regis

250 3517 397 3622 {fflgffgtl‘
422 3532 607 3616 prostratus
638 3527 798 3615 vestigiis,
827 3528 864 3592 in
890 3527 1164 3594 Cantuariensem
1193 3523 1475 3610 archiepiscopum

252 3619 325 3664 Μ·
421 3630 644 3717 calumpniam
666 3632 801 3723 intorsit
828 3631 1027 3697 mendosam.
1074 3628 1141 3695 sed
1160 3626 1278 3693 audita
1299 3648 1368 3692 suae
1390 3647 1475 3713 prae-

420 3732 619 3819 sumptionis
641 3735 793 3812 veritata
817 3755 885 3800 suae
908 3733 1026 3819 dignos
1049 3730 1193 3797 vesaniae
1217 3728 1394 3796 cachinnos
1423 3750 1474 3794 re·

419 3836 576 3921 portavit.
630 3835 722 3901 Dum
751 3840 865 3902 autem
899 3835 943 3900 ad
972 3855 1091 3920 regem,
1123 3837 1163 3897 ut
1188 3832 1386 3918 praedictum
1415 3835 1475 3909 est,

420 3937 559 4025 sugeret,
583 3937 724 4003 clamare
747 3942 919 4025 coeperunt
941 3936 978 4001 in
1000 3932 1138 4004 concilio
1158 3934 1294 4020 plurimi
1319 3935 1474 4013 dicentes,

422 4047 440 4073 “
460 4039 562 4118 Vade,
593 4039 688 4118 vade,
720 4039 862 4106 traditor
894 4038 1010 4105 Sancti
1042 4036 1186 4114 Thomas,
1217 4035 1327 4103 adhuc
1357 4056 1476 4101 manus

421 4148 438 4176 “
461 4146 530 4208 tuse
556 4142 675 4208 faetent
698 4141 885 4229 sanguine.”
929 4141 1075 4227 Legatus
1104 4144 1227 4219 auam,
1258 4137 1323 4203 sibi
1352 4158 1475 4225 praeca-

455 4473 596 4541 1αειιέιιηι]
623 4473 651 4524 It
660 4485 713 4522 was
723 4476 769 4521 not
779 4464 926 4520 thedasise
969 4466 1214 4519 matwasmimned
1232 4466 1284 4517 und
1303 4463 1430 4516 amended
1440 4477 1475 4515 on

423 4552 671 4615 ofclarcndon,bnt
687 4549 729 4601 the
742 4546 925 4600 Consfitntions
968 4542 1018 4594 thia
1035 4542 1164 4607 occasion,
1184 4556 1227 4593 see
1246 4541 1351 4604 Benaci„
1370 4538 1388 4590 i.
1409 4542 1474 4589 108-

423 4637 452 4687 ot
475 4635 626 4694 clarendon,
645 4629 779 4696 publiahcd
801 4627 829 4678 in
852 4630 926 4687 1164,
972 4626 1027 4673 lll.

423 4715 479 4766 that
490 4728 555 4764 were
565 4711 609 4762 the
628 4707 746 4760 occasion
763 4705 794 4761 ct
808 4703 927 4757 Becket’a
1003 4700 1065 4768 ἰὴ]
1080 4717 1131 4752 om.
1144 4700 1174 4753 C.

422 4791 592 4844 miefortunea
626 4788 654 4839 It
679 4802 732 4838 was
759 4785 803 4837 the
831 4782 926 4834 Assize
1003 4779 1062 4847 8ιε]
1079 4779 1170 4833 omO.
