3662 5728
759 886 872 940 orsus
893 886 1086 939 monumen
1378 872 1442 937 201

221 1060 370 1113 Isth-1³⁰⁸·
389 1066 471 1126 illius
483 1066 628 1141 quondam
639 1066 808 1136 moneohus,
827 1071 858 1123 et
871 1057 1019 1145 ejusdem
1043 1065 1154 1123 ordinis
1178 1064 1299 1137 quidem
1316 1063 1445 1121 obbetes.
1477 1079 1600 1127 sunto

221 1126 266 1179 hb.
276 1125 312 1179 iv.

222 1210 245 1247 α
259 1198 299 1245 1⁹.
390 1159 430 1216 nt
454 1164 598 1216 venerunt
621 1158 804 1226 testinantes,
821 1159 938 1215 nomine
963 1156 1096 1230 oepituli,
1123 1157 1293 1213 nuntiantes
1319 1172 1350 1213 se
1373 1155 1448 1211 telos
1461 1142 1590 1239 ffiffigi

389 1243 471 1315 regis
487 1242 604 1299 litteras
628 1244 659 1299 et
681 1240 740 1298 tole
763 1241 794 1297 in
819 1240 863 1297 eis
887 1241 1052 1312 suscepisse
1077 1238 1257 1295 mundatum.
1295 1238 1334 1294 Et
1350 1237 1389 1294 ed
1406 1254 1451 1293 ur·
1462 1242 1609 1295 srehbnhon.

392 1326 610 1398 ohiepiseopum
640 1340 803 1382 sermonem
838 1329 1053 1389 eonvertentes‚
1086 1324 1106 1350 “
1120 1322 1275 1389 Domine,”
1304 1322 1450 1395 inquiunt,
1462 1309 1619 1407 '‘friam“

393 1412 413 1439 ⁸‘
432 1409 592 1483 oopitulum
608 1414 727 1482 propter
744 1407 915 1483 mundobum
933 1407 992 1464 tsle
1010 1423 1064 1463 neo
1089 1406 1184 1479 fuget,
1203 1422 1257 1462 neo
1269 1402 1393 1479 expellit
1409 1411 1449 1472 te,
1463 1412 1549 1456 {mom

395 1494 416 1522 ‘⁴
433 1509 488 1557 μω
505 1490 646 1558 uenus,
667 1490 720 1547 see
736 1490 793 1546 ubi
810 1493 841 1546 et
857 1490 997 1563 prudenti
1013 1495 1065 1546 tuo
1083 1488 1205 1547 consue
1222 1489 1278 1544 hoo
1293 1486 1450 1560 significet,
1463 1458 1596 1562 &iffi

394 1576 416 1604 ‘⁸
434 1581 470 1632 ut
486 1580 555 1646 post
570 1574 630 1631 tole
647 1572 817 1630 mundatum
840 1573 940 1630 videns
966 1578 997 1631 et
1022 1573 1155 1630 ottendos
1180 1570 1252 1644 quid
1274 1568 1575 1644 egendumwm

394 1659 658 1747 Arohiepisoopus
680 1662 793 1724 autem
815 1666 1008 1724 incontinenti
1028 1684 1097 1724 oum
1121 1665 1182 1723 suis
1206 1665 1328 1722 oonsilio
1353 1661 1454 1718 hobito

395 1772 464 1812 mox
485 1754 645 1828 respondit,
665 1771 705 1837 se·
719 1753 803 1810 nulle
825 1754 903 1811 velle
929 1755 1043 1811 retioue
1067 1754 1145 1828 qnod
1166 1745 1278 1832 aliquo
1300 1753 1347 1809 sui
1371 1767 1453 1807 oooo·

396 1855 477 1912 sione
491 1844 619 1934 ἰρῶιιε1
633 1845 752 1911 ordinis
774 1844 826 1911 sui
843 1845 992 1933 aliquam
1005 1855 1188 1912 inourrerent
1204 1854 1373 1926 lusionem3
1395 1844 1455 1910 od·

395 1948 506 2027 iciens,
529 1955 607 2029 quod
624 1971 794 2029 quoeunque
811 1955 972 2014 diverteret
992 1947 1049 2014 vel
1067 1955 1246 2028 ubieumque
1263 1959 1352 2035 osput
1369 1970 1455 2010 suum

396 2057 561 2124 reolinsret,
580 2055 617 2112 eb
635 2055 678 2112 eis
695 2072 727 2112 se
744 2054 885 2112 oitissime
902 2062 1059 2114 amoveret
1096 2047 1170 2129 Quo
1192 2056 1293 2113 audito
1307 2072 1455 2128 responso,
1468 2050 1625 2156 ffffiiffl

397 2149 529 2237 praefoti
558 2146 670 2213 nuntii
692 2155 725 2211 in
741 2156 868 2212 erastino
889 2149 1013 2214 reversi
1042 2154 1132 2249 sunt
1185 2147 1354 2214 Nuntiate
1377 2150 1458 2211 sunt

398 2252 502 2339 igitur
530 2249 603 2317 haeo
632 2247 915 2316 Ohristiunissimo
945 2251 1016 2338 regi
1049 2250 1265 2317 Francorum·
1284 2249 1457 2317 Lodovioo.

399 2353 447 2418 At
469 2351 526 2418 ille
546 2350 694 2439 gaudens
716 2351 753 2417 in
774 2350 927 2430 Domino,
950 2352 1071 2419 nuntio
1094 2353 1202 2419 dixit:
1377 2364 1383 2373 '
1462 2435 1466 2445 ᾳ

445 2461 463 2490 “
484 2453 538 2520 Ex
551 2452 615 2520 hou
629 2452 718 2539 quod
739 2452 841 2520 miehi
855 2454 991 2521 nunties
1006 2446 1197 2534 infortunio,
1211 2455 1341 2543 gaudeo
1355 2452 1454 2540 plone

268 2596 273 2607 ·
400 2563 419 2592 “
441 2555 541 2621 simul
563 2560 598 2621 et
611 2553 714 2621 doleo.
759 2554 872 2634 Doleo,
894 2556 1042 2643 inquam,
1065 2557 1145 2643 quin
1159 2555 1311 2624 monaehi
1334 2551 1457 2620 istius¹
1471 2557 1613 2654 m

400 2660 418 2694 “
440 2658 565 2725 ordinis
580 2654 816 2735 Cisteroiensis
831 2678 913 2743 quos
927 2658 1088 2745 putnbom
1102 2658 1209 2725 selum
1223 2658 1333 2725 Deum
1348 2676 1458 2724 emere
1471 2658 1612 2755 mm·
1677 2680 1681 2691 ·

401 2768 419 2797 “
441 2765 477 2828 et
504 2759 630 2836 timere,
659 2778 749 2824 nune
778 2758 821 2824 ob
858 2759 1006 2827 favorem
1043 2760 1193 2828 mortalis
1229 2758 1374 2827 hominis
1405 2757 1460 2825 vel

402 2870 420 2900 “
441 2862 595 2928 timorem
616 2858 695 2926 huie
716 2859 790 2927 viro
811 2859 876 2926 Dei
897 2883 993 2930 suum
1015 2862 1219 2930 subtrahunt
1240 2861 1460 2938 elemosinm,

237 2978 384 3058 iderbBou
402 2973 421 3002 “
442 2963 504 3030 hoo
518 2961 672 3050 estquod
695 2961 797 3029 doleo.
835 2970 903 3029 01”
920 2972 1027 3045 inquit.
1044 2973 1180 3046 “religio
1199 2973 1252 3030 ubi
1270 2960 1379 3031 esti'’⁸
1416 2963 1462 3028 Et

236 3051 323 3098 ”⁶²⁰¹
402 3065 542 3154 udjeeit:
565 3072 582 3101 ‘⁴
595 3064 732 3132 Gaudeo
754 3068 877 3143 sutem,
892 3065 982 3151 quod
1001 3065 1046 3131 ud
1066 3065 1261 3153 obsequium
1284 3065 1373 3132 tenti
1395 3065 1462 3130 viri

402 3175 421 3204 ⁴⁶
443 3171 573 3255 gratnm
610 3165 801 3232 invenimus
838 3165 1129 3252 opportunitatem
1191 3165 1316 3233 Veniet
1345 3166 1459 3255 igitur,

404 3278 423 3308 “
444 3269 560 3335 veniet
589 3267 633 3334 ud
663 3287 732 3346 nos,
764 3270 799 3333 et
832 3265 1045 3356 Frunoigenae
1076 3267 1186 3356 gentis
1218 3267 1309 3356 piem
1339 3268 1464 3336 sentiet
1584 3294 1588 3303 ⁴

405 3380 425 3409 “
445 3367 658 3438 bonitatem.”

451 3471 526 3554 Quo
557 3471 656 3549 dieto,
691 3468 786 3536 misit
816 3448 877 3537 rei
907 3469 1150 3538 nobilissimum
1184 3472 1351 3558 quendum
1389 3494 1464 3540 eum
1477 3497 1571 3545 usse

406 3572 580 3642 tresoentis
594 3571 678 3638 viris
699 3572 737 3637 in
758 3591 930 3639 oooursum
953 3571 1034 3659 ejus,
1048 3573 1106 3660 qui
1129 3595 1206 3640 eum
1228 3595 1250 3641 a
1271 3573 1465 3642 Pontiniooo
1477 3551 1606 3644 mnibu-

406 3698 483 3745 eum
514 3674 640 3742 honore
670 3672 783 3741 debito
816 3673 1017 3742 dedueerent
1048 3675 1085 3741 in
1118 3675 1303 3743 Frunoism.
1365 3676 1465 3744 Unde
1477 3650 1551 3703 ω’·

408 3775 563 3845 monaehi
584 3774 854 3842 Pontiuieoenses
876 3796 952 3842 oum
974 3775 1047 3863 ipso
1069 3774 1190 3843 abbate
1212 3797 1273 3843 suo
1295 3798 1400 3864 usque
1422 3778 1467 3845 ed

409 3879 602 3946 effirsionem
632 3876 842 3944 leerimurum
873 3877 1061 3944 eontristeti
1083 3882 1170 3943 sunt
1236 3877 1345 3946 Teuta
1377 3879 1466 3946 enim

411 3980 642 4048 benedietione
663 3978 788 4047 oaelesti
809 3979 854 4045 od
875 3979 979 4067 ipsius
1001 3979 1186 4068 ingressum
1207 3980 1298 4047 euoti
1320 3987 1408 4060 sunt,
1428 3988 1469 4048 ut

410 4103 510 4152 ouuso
530 4081 636 4170 ipsius
658 4086 694 4149 et
714 4080 943 4148 multitudinis
972 4082 1149 4149 ooexulum
1172 4082 1216 4148 ud
1239 4104 1315 4149 eum
1345 4084 1468 4150 eonflu-

243 4190 288 4242 W·
300 4188 375 4244 0⁸¹³&
412 4184 550 4262 entium,
563 4204 632 4250 non
653 4182 729 4270 plus
743 4181 842 4249 solito
863 4204 923 4270 per
944 4183 1025 4249 unni
1040 4183 1198 4251 oiroulum
1220 4205 1256 4251 se
1276 4184 1470 4273 expendisse

243 4256 315 4308 Μ’
412 4286 595 4354 eertissime
627 4284 814 4372 preberent
875 4283 986 4371 Igitur
1018 4284 1290 4372 mohiepiseopus,
1319 4291 1359 4352 ut
1387 4307 1471 4373 pree-

413 4387 542 4455 diotum
564 4389 625 4464 est,
646 4386 733 4452 uiroo
762 4384 851 4451 diem
876 4383 1000 4451 festum
1023 4384 1139 4452 Sonoti
1160 4386 1298 4453 Martini
1319 4386 1471 4454 Pontini-

413 4488 584 4558 seensibus
605 4487 801 4566 valedioens,
824 4486 904 4552 dum
931 4508 1007 4554 eum
1037 4488 1174 4554 abbate·
1193 4489 1298 4577 ipsius
1327 4489 1471 4557 coenobii

448 4675 721 4782 merismu
1000 4710 1474 4782 mss-romonensis

448 4789 665 4861 ’musmo
967 4789 1057 4846 esec.
