3572 5744
376 814 420 877 82
577 826 740 876 onavrsn
764 824 924 875 uorrcnr
947 823 1220 875 carrusarrusrs

380 1024 396 1051 “
420 1037 500 1103 pore
528 1015 615 1102 regis
645 1012 829 1099 Anglorum
863 1011 1023 1076 Willelmi
1061 1011 1170 1097 primi,
1201 1014 1236 1076 et
1265 1009 1436 1096 cujusdam

247 1146 280 1178 οε
381 1126 398 1153 “
422 1116 610 1183 Lamfranci
640 1113 888 1182 Cantuariensis
920 1112 1168 1199 archiepiscopi.
1232 1112 1318 1179 Cum
1348 1111 1436 1177 enirn

422 1220 478 1285 hic
507 1215 721 1284 Lamfrancus
747 1216 911 1302 sapientia
933 1223 968 1281 et
990 1214 1133 1281 scientia
1156 1236 1330 1299 rerumque
1353 1220 1437 1280 tem-

381 1332 398 1358 “
423 1320 585 1408 poralium
615 1319 746 1383 floreret
779 1318 881 1403 copia,
912 1339 972 1383 rex
1010 1338 1091 1382 vero
1123 1338 1230 1381 novus
1260 1316 1437 1381 severitate

382 1430 399 1457 “
421 1422 521 1510 regia,
538 1422 617 1485 dum
643 1441 782 1506 regnum
804 1426 839 1485 et
861 1419 1085 1485 sacerdotium
1108 1419 1144 1483 in
1164 1423 1314 1484 nostrum
1336 1418 1438 1483 detri-

382 1528 574 1590 “mentum
607 1527 740 1586 mutuos
778 1527 1020 1587 commutarent
1057 1520 1242 1607 amplexus,
1280 1518 1438 1605 praefatus

382 1636 399 1662 “
424 1626 638 1693 Lamfrancus
660 1646 773 1689 omnes
796 1624 927 1712 Anglise
952 1623 1151 1710 subjugavit
1177 1622 1337 1699 ecclesias,
1363 1643 1438 1686 nos-

382 1739 400 1767 “
422 1735 583 1814 tramque,
614 1727 692 1813 quia
723 1728 874 1813 proxima
908 1732 966 1805 est,
998 1726 1066 1792 sibi
1104 1726 1183 1792 fecit
1216 1724 1437 1800 tributariam,

383 1841 399 1867 “
422 1832 509 1909 licet,
539 1830 631 1916 prius
667 1829 814 1895 honestis
852 1830 948 1895 donis
987 1828 1120 1895 matrici
1159 1827 1302 1894 ecclesiae
1342 1826 1437 1903 datis,

384 1943 401 1969 “
425 1954 556 2000 omnem
594 1932 781 2018 designaret
812 1931 1072 2018 subjectionem
1105 1937 1146 1996 ut
1183 1930 1341 2016 scriptum
1379 1933 1437 2004 est,

383 2045 401 2071 “
424 2035 638 2104 ‘absorbebit
660 2020 801 2099 fluvium
825 2040 859 2100 et
880 2040 949 2101 non
970 2034 1156 2111 mirabitur,
1172 2038 1207 2099 et
1228 2054 1319 2119 spem
1336 2031 1581 2097 hebetaunrr.

384 2148 401 2173 “
424 2146 432 2174 ‘
448 2142 489 2202 ut
511 2137 631 2202 influat
645 2136 668 2200 J
669 2137 801 2202 ordanis
823 2137 859 2201 in
874 2159 910 2203 os
927 2137 1016 2223 ejus?
1055 2137 1111 2203 Sic
1126 2136 1237 2222 igitur,
1252 2134 1438 2200 venerande

385 2249 402 2275 “
426 2245 530 2326 pater,
555 2238 690 2305 ecclesie
719 2244 833 2304 nostra
862 2239 981 2304 misere
1013 2239 1150 2304 subacta
1180 2243 1239 2315 est,
1263 2238 1309 2303 sic
1334 2258 1438 2322 usque

427 2343 472 2409 ad
493 2342 565 2408 haec
586 2348 699 2406 vestra
721 2342 927 2408 sanctissime
949 2348 1099 2428 tempora
1121 2362 1268 2427 possessa
1290 2344 1348 2405 est.
1394 2340 1439 2404 Et

386 2454 403 2479 ‘¹
427 2466 502 2510 cum
541 2443 641 2530 prius,
671 2447 712 2507 ut
725 2448 727 2451 ’
740 2444 890 2522 audistis,
921 2450 1009 2509 esset
1038 2444 1151 2521 libera,
1181 2442 1243 2508 tali
1279 2441 1439 2507 violentia

385 2556 403 2581 “
426 2545 516 2612 facta
551 2552 602 2611 est
642 2544 769 2611 ancilla
831 2545 955 2613 Dicant
989 2547 1094 2633 igitur
1130 2544 1297 2631 quondam
1334 2544 1440 2610 nostri

385 2657 402 2684 “
424 2648 668 2734 archiepiscopi,
693 2666 782 2714 nunc
803 2654 916 2714 autem
943 2648 1132 2726 adversarii,
1160 2648 1273 2713 dicant
1294 2648 1439 2733 inquam,

313 2780 316 2786 ¹
385 2760 403 2785 “
426 2751 539 2816 dicant
562 2772 596 2814 se
621 2750 743 2814 multas
767 2751 926 2817 abbatum
949 2751 1138 2817 nostrorum
1160 2750 1343 2815 obtinuisse
1365 2771 1439 2835 pro-

387 2862 404 2888 “
427 2853 592 2929 sessiones,
622 2852 736 2917 dicant
765 2874 914 2917 annuum
945 2859 980 2918 et
1008 2853 1175 2940 perhenne
1205 2874 1240 2917 se
1262 2854 1440 2939 suscepisse

259 2956 262 2967 ’
388 2965 404 2989 “
428 2955 601 3031 tributum,
624 2959 846 3019 trecentorum
877 2956 932 3020 vel
967 2957 1226 3043 quingentorum
1263 2976 1298 3019 se
1329 2954 1440 3021 dicant

428 3079 590 3123 annorum
624 3057 745 3122 habere
776 3059 1066 3145 praescriptionem,
1098 3059 1321 3124 Romanorum
1359 3080 1439 3144 pon·
1569 3133 1573 3143 Ι

217 3135 231 3167 ⁰
263 3135 350 3217 orove
389 3169 406 3194 “
428 3160 565 3236 tificunr,
596 3159 651 3224 vel
689 3160 756 3225 alia
786 3161 945 3245 quaelibet
975 3160 1145 3247 proferant
1181 3159 1364 3246 privilegia,
1386 3161 1439 3226 vel

280 3256 285 3268 '
387 3272 405 3296 “
428 3262 545 3348 quovis
561 3261 743 3326 munimine
759 3283 866 3328 causae
881 3285 950 3343 suae
969 3263 1138 3349 justitiam
1154 3269 1314 3339 astruant,
1329 3284 1389 3328 nos
1404 3264 1440 3327 in

387 3376 404 3400 “
427 3366 580 3431 omnibus
595 3365 790 3431 violentiam
812 3367 908 3432 nobis
923 3368 1078 3434 atrociter
1100 3368 1228 3433 illatam
1243 3387 1439 3432 accusemus.

297 3497 311 3528 ο
432 3476 450 3503 “
465 3468 521 3533 Ad
547 3468 618 3533 haec
642 3474 712 3533 tam
737 3470 829 3555 regia
851 3491 950 3554 quam
977 3470 1128 3536 Romana
1152 3469 1351 3556 proferemus
1373 3470 1439 3555 pri-

242 3548 268 3587 η
299 3598 360 3631 eno.
386 3579 403 3605 “
426 3570 556 3656 vilegia
588 3569 709 3654 quibus
740 3570 874 3637 ecclesia
896 3577 1011 3638 nostra
1041 3577 1256 3638 sacrosanctae
1281 3571 1439 3638 Romanae

385 3679 404 3706 “
427 3670 570 3738 ecclesiae
601 3692 668 3747 non
698 3694 785 3737 novo
812 3673 870 3738 sed
895 3679 1052 3740 veterano
1077 3674 1210 3739 nomine
1233 3673 1366 3759 propria
1387 3694 1439 3739 ca-

385 3771 514 3859 “pella
544 3772 713 3858 assignata
742 3779 800 3851 est,
831 3774 908 3840 lieet
938 3775 982 3841 ab
1018 3774 1206 3841 adversario
1240 3775 1302 3840 hoc
1331 3776 1439 3861 ipsum

387 3883 403 3910 “
426 3873 530 3952 nobis,
557 3874 615 3939 sed
639 3880 674 3939 et
699 3875 803 3953 vobis,
821 3876 1066 3961 ,quodammodo
1088 3882 1239 3942 vertatur
1261 3877 1297 3940 in
1319 3876 1439 3962 impro-

387 3977 563 4064 “perium
599 3976 666 4040 Sed
681 3981 759 4042 esto.
794 3976 895 4044 Dicat
906 3984 1069 4064 quantum
1084 3978 1167 4044 libet
1177 3985 1212 4044 et
1226 3978 1439 4064 improperet3

386 4088 403 4114 “
427 4084 547 4156 vestra,
562 4079 749 4144 venerande
771 4086 875 4165 pater,
891 4081 1018 4167 capella
1039 4087 1098 4158 est,
1121 4081 1209 4146 unde
1232 4103 1304 4146 eam
1327 4086 1441 4146 contra

235 4204 337 4263 -prue
387 4190 404 4216 “
428 4202 540 4247 omnes
586 4181 790 4247 adversarios
835 4181 1006 4248 defensare
1043 4182 1211 4248 tenemini.
1273 4182 1440 4248 Incumbit

239 4256 318 4373 ”fii
398 4284 543 4369 ‘itaque
568 4289 687 4349 vestrae
718 4285 975 4370 magnificentia
1003 4292 1127 4351 sanctae
1153 4284 1253 4371 hujus
1284 4286 1441 4351 Romanae

264 4356 315 4439 'in
389 4395 406 4422 “
429 4385 573 4453 ecclesiae
606 4387 685 4472 jure
715 4387 809 4465 tueri,
839 4394 874 4454 et
902 4409 925 4455 a
954 4388 1026 4454 Deo
1058 4388 1171 4454 datam
1201 4389 1340 4475 gloriam
1372 4409 1440 4453 non

389 4498 406 4525 “
429 4489 590 4565 amittere,
620 4510 663 4555 ne
694 4488 852 4557 Romane
883 4491 1026 4558 ecclesiae
1056 4491 1152 4558 cedat
1177 4492 1220 4557 ad
1251 4492 1439 4578 dampnum,

388 4599 405 4626 “
428 4590 524 4657 vobis
548 4595 660 4656 autern
690 4592 733 4657 ad
755 4593 967 4681 vituperium,
993 4594 1022 4659 si
1047 4593 1187 4680 gloriam
1209 4599 1354 4659 vestram
1382 4581 1440 4657 vo-
1532 4644 1536 4649 .

388 4701 406 4729 “
428 4692 558 4759 lueritis
596 4691 692 4758 alteri
730 4694 885 4775 conferre,
922 4694 1072 4781 filiosque
1106 4700 1233 4760 vestros
1270 4715 1292 4760 a
1329 4694 1442 4762 debita

388 4804 405 4831 “
430 4795 633 4883 protectione
658 4797 821 4883 repellero.
869 4797 958 4882 Quia
979 4798 1159 4868 secundum
1182 4797 1335 4877 ethicum,
