3628 5728
735 903 848 957 osma
870 896 1063 957 aaronica.
1358 890 1424 954 tle

369 1097 568 1176 “suspensa
604 1087 722 1155 fuisset
760 1087 1007 1167 Oantuariensis
1040 1088 1183 1159 ooolosia.
1230 1089 1346 1169 ‘Non’
1377 1091 1426 1157 ait
1456 1088 1578 1205 mi}

371 1198 388 1229 “
411 1192 683 1279 arehiepisoopus
707 1191 857 1263 ‘domiue
879 1193 934 1271 mi,
957 1191 1156 1259 austeritate
1177 1213 1252 1263 msa
1273 1193 1328 1259 vel
1350 1214 1426 1259 oon-
1440 1163 1585 1310 ᾖοέςωιί

371 1302 388 1331 “
412 1293 576 1361 <manua
597 1314 756 1380 suspensa
781 1297 840 1372 est,
863 1295 920 1360 sod
952 1294 1105 1362 ssaufiidi
1127 1295 1309 1381 supprioris
1337 1317 1425 1362 arro·
1440 1277 1589 1378 dioffi-

372 1401 390 1439 “
415 1396 563 1482 ‘gantis
587 1416 648 1467 neo
669 1396 713 1463 ob
741 1395 842 1489 aliam
865 1416 997 1465 oausam
1027 1397 1114 1467 hano
1136 1419 1206 1471 asse
1236 1419 1427 1485 suspensam
1441 1367 1546 1421 dmm

374 1504 390 1545 ‘t
415 1498 601 1586 ‘intelligo
624 1497 690 1564 nisi
714 1498 802 1584 quod
824 1498 934 1585 ipsum
960 1501 1166 1586 suppriorem
1188 1500 1252 1567 obl
1275 1502 1427 1568 manifes-

337 1604 340 1609 “
372 1608 390 1649 ‘⁴
412 1606 506 1667 ‘tam
528 1600 788 1669 inobedientiam
803 1602 1095 1671 excommunicavi.
1141 1601 1192 1671 De
1208 1609 1305 1669 tanta
1326 1604 1430 1690 igitur

372 1709 390 1751 θ’
411 1701 640 1768 ‘oontumelia
668 1702 751 1771 mihi
782 1709 818 1768 et
839 1703 934 1769 vobis
963 1703 1059 1770 illata
1080 1708 1225 1771 vestram
1255 1706 1430 1792 expostulo

372 1811 390 1843 ⁴‘
414 1813 422 1847 ‘
433 1803 613 1890 justitiam,
647 1804 727 1892 quia
759 1805 801 1877 de
838 1808 911 1872 tata
941 1826 1049 1884 eausa,
1071 1826 1147 1892 qum
1184 1806 1273 1872 inber
1304 1818 1357 1872 me
1396 1813 1430 1873 et

372 1913 392 1951 “
416 1907 618 1977 ‘monaohos
641 1906 794 1989 vertitur,
816 1912 962 1975 vestrum
984 1914 1020 1974 et
1045 1908 1271 1995 episcoporum
1294 1913 1430 1996 paratus

373 2018 389 2057 ‘t
414 2014 512 2074 ‘sum
549 2009 660 2075 subire
693 2008 978 2096 jurisdiationem.'
1023 2009 1109 2076 Cum
1141 2010 1244 2098 igitur
1277 2011 1430 2077 dominus

372 2120 390 2159 ‘t
412 2132 472 2177 rex
502 2132 601 2198 super
631 2111 683 2176 his
714 2111 933 2178 sonsuluisset
962 2113 1141 2199 episcopos,
1163 2113 1340 2181 videbatur
1361 2135 1430 2181 om-

372 2219 390 2248 “
411 2212 511 2277 nibus
541 2211 824 2287 oonsiliosum0ut
853 2214 979 2281 advos
1008 2215 1144 2281 idoneos
1174 2215 1323 2283 mitteret
1344 2237 1430 2283 nun-

373 2320 391 2351 “
414 2314 487 2381 tios.
545 2313 610 2380 His
636 2315 678 2379 de
708 2315 824 2393 oausis,
855 2314 976 2382 naues
1006 2316 1181 2396 karissimi,
1216 2339 1259 2383 ex
1292 2317 1430 2403 imperio

375 2423 392 2463 *⁴
418 2415 505 2502 regis
534 2436 610 2481 oum
633 2415 754 2483 litteris
785 2416 890 2503 ipsius
920 2438 1002 2503 quas
1032 2418 1172 2483 audistis
1202 2418 1356 2484 venimus
1386 2420 1430 2484 ad

376 2524 393 2561 ‘¹
417 2537 485 2582 voa.
533 2516 706 2583 Monemus
736 2517 840 2604 igitur
869 2524 904 2584 et
928 2518 1129 2585 oonsulimus
1158 2519 1195 2583 in
1216 2520 1369 2598 Domino,
1392 2527 1432 2586 ut
1443 2525 1484 2620 ἐξ
1490 2535 1576 2620 {33¹5

375 2624 390 2663 ‘t
414 2616 476 2682 tilii
505 2618 650 2685 eeclesia
679 2623 714 2683 et
740 2619 798 2704 qui
829 2624 980 2702 tenemur
1010 2620 1118 2685 eidem
1148 2642 1191 2685 ex
1222 2622 1430 2707 professione,
1444 2626 1584 2671 sonorus
1686 2637 1692 2648 ’

376 2728 393 2759 “
417 2723 457 2784 ut
488 2720 693 2806 suppriorem
726 2726 875 2786 uestrum
904 2722 960 2786 vel
995 2721 1078 2787 alios
1107 2721 1225 2788 statues
1261 2723 1432 2790 nobiseum
1444 2677 1596 2779 pppppppsto

283 2870 288 2875 -
377 2830 394 2865 “
417 2822 561 2888 mittatis
582 2824 625 2889 ad
649 2824 819 2889 dominum
849 2845 967 2911 regem,
991 2824 1173 2911 prinoipem
1195 2825 1376 2913 benignum
1399 2832 1434 2892 et

376 2933 394 2973 (ί
418 2925 586 3003 devotum,
610 2930 645 2992 et
675 2925 716 2991 de
738 2931 851 2991 vestra
873 2925 1104 3012 inquietudine
1133 2926 1230 2993 valde
1253 2921 1434 2993 turbatum.

378 3035 395 3075 ³!
419 3026 584 3093 Mirumno
607 3032 658 3092 est
679 3028 708 3092 si
731 3027 993 3095 adversariorum
1009 3033 1194 3095 vestrorum
1208 3030 1321 3097 credat
1343 3052 1434 3096 men·

377 3137 394 3175 ‘⁴
418 3128 530 3204 dusiis,
560 3147 635 3195 oum
672 3149 785 3194 eorum
816 3129 913 3208 diota,
945 3152 1025 3196 vara
1061 3131 1131 3196 sint
1160 3131 1214 3205 vel
1244 3133 1336 3213 falsa,
1367 3150 1435 3227 non

378 3239 396 3269 “
417 3231 521 3296 wiltis
559 3230 715 3307 refellere,
752 3252 813 3297 neo
846 3238 990 3299 vestram
1028 3233 1198 3321 propalare
1236 3237 1435 3302 veritatemi

378 3339 396 3379 ⁴⁴
418 3331 575 3398 Aooedite
598 3331 703 3417 igitur
735 3332 778 3397 ad
813 3332 984 3399 dominum
1018 3342 1165 3401 vestrum
1198 3339 1434 3424 regendique

381 3442 396 3481 ί*
419 3438 532 3498 vestra
554 3434 595 3499 do
616 3434 717 3519 plano
732 3435 888 3520 exponite
910 3437 1113 3522 gravamina,
1128 3443 1338 3526 vestramne
1360 3462 1435 3528 pro·

382 3542 400 3581 ‘¹
423 3534 579 3601 ouldubio
601 3536 813 3622 reportabitis
831 3537 1028 3623 justitiam.”

425 3634 575 3722 Oumque
606 3657 787 3703 sermonem
818 3639 1011 3725 eomplesset
1043 3641 1223 3727 episeopus,
1255 3643 1435 3730 subjunxe·
1448 3636 1570 3732 Ἢξξξῗ,

379 3745 460 3804 runt
477 3745 512 3804 et
526 3737 592 3817 alii,
609 3759 722 3807 omues
749 3739 837 3807 idem
861 3739 977 3807 dantes
999 3742 1183 3820 oonsilium,
1198 3749 1239 3808 ut
1260 3746 1303 3810 ad
1326 3768 1435 3833 regem
1446 3700 1582 3834 {ffisseigw

379 3841 515 3908 nuntios
551 3840 729 3909 monaohos
766 3842 962 3930 delegarent.
1018 3843 1147 3925 Quibus
1179 3848 1332 3933 supprior
1367 3849 1436 3923 ait:

380 3941 553 4008 “Auditis
575 3941 628 4009 his
651 3964 725 4028 quae
747 3944 843 4010 nobis
866 3965 908 4010 ex
930 3949 1024 4031 parte
1055 3945 1180 4012 domini
1202 3949 1289 4034 regis
1318 3970 1437 4036 propo·

379 4053 396 4085 “
419 4043 541 4119 suistis,
565 4044 601 4109 in
635 4045 751 4130 primis
785 4045 889 4131 ipsius
920 4047 1006 4134 regis
1038 4052 1073 4114 et
1109 4047 1343 4137 arobiepiseopi
1367 4072 1436 4116 om·

381 4155 396 4185 “
419 4167 495 4211 nam
519 4145 677 4231 injuriam
700 4145 902 4232 abnegamus
933 4154 968 4215 et
991 4150 1232 4225 oontumeliam.
1278 4152 1329 4219 De
1362 4154 1437 4223 aliis

380 4257 397 4289 “
420 4269 508 4325 vero,
539 4249 568 4313 si
606 4248 723 4334 placet,
762 4248 963 4318 oonieremus
999 4252 1186 4321 adinvicem
1224 4255 1304 4341 quid
1341 4278 1437 4344 agere

379 4358 397 4389 “
420 4349 624 4416 debeamus.¹'
671 4350 913 4417 Reoadentibus
950 4354 1062 4441 itaque
1094 4377 1239 4422 seorsum
1270 4358 1437 4446 paulisper

380 4449 547 4537 episeopis,
585 4456 621 4516 et
657 4473 757 4537 super
793 4451 845 4517 his
891 4476 965 4540 quae
1010 4456 1167 4524 dixerant
1210 4458 1312 4525 variis
1357 4460 1436 4528 hino

379 4553 458 4618 inde
495 4553 652 4620 oousortis
689 4554 904 4633 sermonibus,
941 4557 1068 4644 placuit
1108 4560 1245 4627 tandem
1281 4563 1434 4630 omnibus

818 4823 877 4891 ¹ot]
894 4841 936 4888 ex,
948 4826 978 4878 C.
