3666 5724
450 872 515 943 372
651 887 814 936 smenon
836 885 997 935 mousom
1020 883 1295 937 esurusmnusis

299 1090 422 1137 annuo.
452 1075 584 1162 Angliae
626 1075 662 1139 in
701 1072 791 1140 bunc
830 1071 965 1136 modum
1002 1070 1132 1137 locutus
1169 1074 1240 1136 est:
1279 1070 1444 1139 “Domini
1474 1076 1509 1139 et

283 1204 308 1249 n
324 1142 428 1249 curzh
451 1184 469 1213 “
492 1177 590 1243 amici
612 1180 647 1242 et
667 1179 821 1262 parentes
845 1173 920 1250 mei,
937 1176 1055 1238 notum
1076 1171 1171 1238 vobis
1190 1171 1275 1240 facio
1298 1176 1388 1260 quod
1409 1175 1509 1241 homo

284 1257 441 1358 bibiatis,
455 1288 472 1316 “
495 1283 647 1367 peccator
677 1299 752 1343 sum
786 1283 821 1342 et
853 1275 1024 1361 hucusque
1056 1274 1093 1339 in
1126 1274 1278 1360 pluribus
1310 1277 1396 1343 male
1428 1277 1507 1342 vixi.

284 1354 437 1457 {ib‘nhini'y
456 1390 473 1418 “
496 1382 596 1447 Nunc
615 1384 729 1446 autem
749 1379 857 1444 vitem
877 1398 984 1443 meam
1008 1382 1041 1442 et
1065 1397 1189 1442 errores
1207 1379 1381 1445 emendare
1403 1380 1509 1465 cupio,

285 1455 345 1499 ΜΘ·
454 1491 473 1519 “
495 1489 537 1560 et,
547 1484 628 1548 dum
643 1488 775 1567 tempus
792 1480 907 1557 habe0,
922 1479 994 1545 Deo
1008 1479 1212 1546 reconciliari
1227 1480 1382 1547 desidero.
1423 1480 1510 1562 Quia

454 1594 472 1620 “
494 1605 573 1650 vero
596 1605 685 1652 nuuc
699 1603 862 1670 expensos
877 1585 912 1647 et
934 1581 1085 1646 homines
1099 1579 1214 1659 habeo,
1230 1582 1259 1646 si
1282 1583 1415 1648 domino
1437 1605 1509 1648 meo

454 1695 472 1723 “
494 1687 563 1773 regi
594 1686 742 1752 Franciae
768 1683 939 1771 placuerit,
968 1703 1068 1769 super
1096 1702 1243 1769 paganos
1272 1683 1336 1749 ibo.
1382 1684 1510 1770 Rogate

454 1797 472 1825 “
495 1810 571 1874 ergo
593 1810 636 1853 ex
651 1792 744 1874 porte
764 1807 840 1851 mea
859 1784 1032 1850 dominum
1052 1805 1172 1862 meum,
1188 1790 1229 1850 ut
1247 1785 1388 1850 duorum
1408 1785 1510 1851 michi

454 1899 471 1926 “
493 1891 622 1956 tribuat
642 1889 791 1954 inducias
814 1907 976 1952 annorum
988 1910 997 1967 ;
1019 1907 1101 1971 quos
1124 1886 1153 1950 si
1180 1885 1258 1952 dare
1289 1887 1444 1964 noluerit,
1467 1888 1508 1953 de

456 2002 471 2028 “
495 1992 601 2058 saluto
633 1991 753 2056 anima
784 2010 866 2055 mese
896 2009 1006 2055 coram
1030 1987 1103 2053 Deo
1128 1987 1346 2074 proculdubio
1376 2008 1507 2075 respon-

455 2094 596 2159 “debit
642 2092 710 2157 Vos
740 2091 841 2157 etism
875 2091 999 2156 ibidem
1031 2090 1229 2175 respondere
1251 2090 1421 2168 tenemini,
1443 2091 1510 2155 nisi

455 2203 472 2231 “
495 2195 557 2261 boc
579 2193 751 2261 eonsilium
774 2192 908 2258 domino
934 2192 1005 2277 regi
1035 2190 1208 2257 volueritis
1239 2191 1421 2257 intimsreff'
1467 2192 1509 2257 In

455 2296 552 2362 hune.
566 2295 701 2361 modum
727 2294 870 2380 plurima
893 2297 1094 2380 prosecutus,
1109 2292 1302 2358 videntibus
1324 2294 1451 2359 cunctis
1475 2298 1509 2358 et

287 2412 419 2474 reuoca
456 2398 662 2474 mirantibus,
681 2396 871 2463 lacrimatus
885 2400 944 2461 est
990 2394 1180 2460 Redeuntes
1201 2415 1350 2481 proceres
1369 2394 1420 2459 illi
1438 2393 1509 2461 haec

286 2462 430 2608 :¹133de
457 2521 517 2566 suo
546 2502 616 2587 regi
642 2498 790 2564 Franciae
814 2497 1063 2562 nuntiaverunt
1109 2496 1158 2560 At
1183 2495 1240 2561 ille
1264 2496 1437 2562 subridens
1461 2498 1510 2562 ait

338 2574 424 2616 *Μ’
456 2602 542 2667 flos:
566 2600 739 2666 “omem
762 2598 813 2663 nu
827 2596 865 2664 ν’
910 2598 958 2662 m
981 2598 1039 2675 oo
1063 2597 1176 2662 “Haeo
1198 2598 1319 2675 nota?
1342 2599 1508 2685 inquiunt,

457 2713 473 2739 ‘⁴
495 2703 668 2769 referenda
700 2701 795 2767 vobis
828 2699 1022 2786 suppliciter
1054 2699 1214 2785 injunxit,
1241 2706 1276 2766 et
1308 2699 1380 2766 bsec
1412 2701 1508 2766 vobis

455 2804 704 2880 “consulimus
739 2823 910 2868 monemus
944 2806 984 2866 ut
1014 2799 1172 2866 faciatis.”
1219 2802 1299 2866 “Ite
1322 2801 1427 2888 ergo‚”
1459 2803 1509 2867 sit

456 2929 523 2978 rex.
549 2907 671 2991 “eique
706 2905 816 2980 dicite,
839 2903 928 2988 quod
959 2903 1003 2967 sd
1037 2902 1142 2988 ipsius
1174 2903 1369 2987 petitionem
1401 2909 1436 2968 et
1465 2904 1508 2968 od

457 3016 475 3042 “
497 3011 643 3073 vestram
666 3005 925 3072 admonitionem
948 3005 1089 3069 duorum
1111 3025 1274 3070 annorum
1294 3006 1436 3072 concedo
1458 3006 1508 3069 in-

459 3119 475 3145 “
498 3109 640 3176 ducias.'’
686 3108 877 3174 Redeuntes
899 3111 1012 3172 autem
1034 3106 1230 3192 spectabiles
1252 3107 1302 3171 illi
1323 3109 1436 3172 nuntii
1466 3108 1509 3173 sd

289 3223 371 3316 fourr
397 3272 434 3315 ma
459 3232 568 3299 regem
592 3210 732 3296 Angliaa
755 3230 832 3275 eum
851 3209 922 3293 jam
945 3231 966 3274 a
988 3209 1157 3295 proposito
1179 3214 1214 3275 et
1235 3210 1398 3295 petitione
1420 3210 1508 3275 elon-

288 3273 389 3369 nffloe
459 3317 575 3399 gelum
596 3312 783 3376 inveniunt
830 3309 972 3376 Dicebat
1005 3311 1093 3376 enim
1125 3331 1160 3375 se
1194 3310 1315 3376 exinde
1348 3312 1453 3376 artius
1475 3317 1510 3376 et

459 3414 616 3480 subtilius
638 3414 807 3499 cogitasse,
831 3433 1067 3496 summumque
1096 3413 1132 3475 in
1154 3412 1314 3497 petitione
1336 3434 1397 3478 sua
1417 3414 1510 3479 inve·

458 3518 547 3582 nisse
569 3514 761 3601 periculum.
806 3512 905 3577 Unde
925 3512 1051 3577 fatetur
1072 3535 1107 3578 se
1130 3514 1171 3577 de
1194 3514 1346 3579 omnibus
1367 3513 1420 3578 his
1435 3536 1509 3600 quae

459 3618 566 3703 petite
588 3621 668 3681 sunt
690 3620 725 3681 et
752 3635 905 3680 concesso
927 3635 986 3698 pro
1009 3613 1077 3678 ullo
1100 3614 1283 3680 infortunio
1314 3614 1418 3680 nichil
1440 3638 1509 3681 esse

460 3720 635 3786 facturum.
682 3716 868 3781 Redierunt
899 3715 1014 3800 itaque
1045 3715 1176 3800 praefati
1208 3717 1353 3792 comites,
1375 3718 1510 3803 regique

803 3840 820 3880 r
881 3838 903 3880 n
1123 3839 1182 3880 u1

253 3932 257 3939 ’
289 3931 426 4025 Pffl'?
460 3841 642 3988 {lgdensslgx
655 3817 1077 4005 S(iilrirsiviieebbadiliniibiflib
1100 3818 1279 3984 ἒηέοέιξζιῗξ
1295 3818 1509 4007 &plinii

289 3993 372 4075 tos.
461 4024 604 4090 crastino
627 4041 755 4087 summo
787 4018 933 4085 diluculo
955 4019 1043 4084 acies
1066 4020 1220 4085 ordinari.
1268 4020 1364 4101 Quod
1388 4027 1422 4086 et
1443 4021 1509 4087 fac·

460 4131 533 4190 tum
556 4128 615 4188 ost.
661 4121 744 4201 Quae
774 4141 850 4185 oum
879 4119 950 4206 regi
973 4120 1158 4206 Anglorum
1181 4121 1338 4187 nuntiato
1360 4122 1509 4200 fuissent,

459 4230 576 4290 vocato
599 4222 698 4289 citius
720 4222 839 4287 comite
856 4220 998 4287 Ricardo
1020 4221 1109 4286 dixit
1124 4222 1174 4287 ei:
1198 4221 1314 4301 “Quid
1328 4223 1509 4288 faciemus?

460 4335 477 4362 “
501 4325 598 4405 Quod
620 4323 722 4390 michi
753 4323 790 4387 in
811 4327 907 4388 tanto
929 4322 1070 4389 articulo
1093 4324 1152 4389 das
1175 4324 1398 4389 consiliuml'’
1445 4324 1509 4389 Oui

460 4427 640 4494 Ricardus:
665 4423 791 4505 “Quod
813 4423 988 4490 consilium
1010 4425 1088 4491 dare
1112 4430 1234 4511 potero,
1257 4447 1333 4492 cum
1355 4425 1509 4492 hesterno

291 4553 435 4613 noma,
460 4538 477 4564 “
501 4528 623 4615 petitos
646 4530 681 4591 et
702 4530 854 4611 acceptes
876 4527 1078 4591 recusaveris
1100 4526 1275 4592 inducias?
1319 4525 1420 4595 Nunc
1441 4549 1510 4593 eos·

290 4603 448 4698 laistim
461 4638 479 4665 “
501 4629 576 4694 dem
607 4626 758 4692 inducias
791 4626 862 4691 sine
895 4627 1014 4713 grandi
1036 4629 1236 4694 verecundis
1269 4633 1416 4715 repetere
1442 4650 1510 4695 non

461 4740 479 4766 “
501 4728 676 4795 valemus.”
722 4726 809 4792 Cum
831 4733 943 4793 autem
965 4729 1054 4793 idem
1078 4729 1238 4795 Ricardus
1260 4736 1389 4816 patrem
1412 4753 1510 4795 suum

461 4852 571 4917 regem
593 4829 732 4897 anxium
755 4830 891 4907 videret,
914 4829 1002 4895 dixit
1024 4830 1067 4896 ad
1090 4852 1185 4897 eum:
1217 4840 1234 4868 “
1246 4831 1347 4909 Licet,
1378 4832 1510 4899 domine
