3646 5720
398 862 465 928 268
599 876 764 931 crassen
785 876 948 929 nossem
970 876 1245 931 esnwsarrssrs

241 1046 367 1165 4?ssst
397 1056 593 1116 cardinalibus
623 1058 692 1116 suis.
741 1051 815 1133 Quo
840 1050 936 1132 facte,
959 1061 1085 1120 absolvit
1110 1079 1179 1119 erun
1203 1061 1340 1119 dominns
1363 1080 1451 1136 papa,

327 1144 334 1158 '
395 1145 577 1219 palliumque
595 1146 696 1205 eidem
722 1141 880 1208 restituit.
927 1141 1031 1208 Facta
1059 1142 1164 1229 igitur
1193 1146 1229 1208 et
1257 1144 1452 1217 confirmata

394 1237 526 1303 unitate
550 1239 703 1319 ecclesiae,
725 1243 818 1308 misit
841 1243 994 1309 dominus
1020 1264 1108 1329 papa
1134 1244 1263 1309 litteras
1290 1266 1366 1311 sues
1392 1245 1451 1311 Ri·
1518 1230 1522 1235 ,

394 1338 492 1404 cardo
514 1340 758 1431 archiepiscopo
781 1344 1015 1412 cantuariensi
1037 1345 1074 1409 in
1096 1344 1185 1411 hunc
1207 1346 1363 1412 modum:

226 1445 343 1491 latero?
410 1439 631 1497 '“Alexander
657 1446 937 1517 episcopusservus
963 1463 1115 1502 servornm
1140 1447 1205 1513 Dei,
1234 1443 1451 1504 venerabilibus

226 1497 374 1609 {flgffi'ffi
397 1523 416 1550 “
435 1523 577 1581 iratribus
601 1526 728 1582 Ricardc
747 1527 951 1585 cantuariensi
976 1528 1204 1601 archiepiscopo,
1223 1530 1315 1585 totius
1331 1529 1450 1602 Angliae

225 1597 368 1700 ffffiffl'·
397 1607 554 1678 “primati
579 1614 609 1665 et
634 1612 800 1682 apostolicae
826 1611 904 1669 sedis
931 1612 1040 1685 legato,
1060 1619 1091 1668 et
1114 1614 1309 1685 suffraganeis
1327 1614 1399 1685 ejus,
1420 1621 1451 1670 et

225 1698 382 1792 muntertpe
396 1691 414 1719 “
434 1689 550 1748 dilectis
576 1692 645 1749 liliis
672 1694 827 1751 abbatibus
854 1696 1021 1768 specialiter
1045 1695 1082 1750 ad
1106 1696 1269 1752 Romanam
1296 1697 1449 1752 ecclesiam

224 1747 350 1844 ἓξὲξ*
395 1776 415 1801 “
433 1776 657 1847 pertinentibus,
673 1778 705 1832 in
723 1778 974 1850 archiepiscopatu
987 1778 1196 1847 Cantuariensi
1213 1779 1389 1846 constitutis,
1404 1797 1448 1835 sa-

395 1860 414 1885 “
433 1859 525 1916 lutern
550 1865 581 1915 et
604 1861 792 1933 apostolicam
819 1862 1062 1918 benedictionem.
1107 1863 1269 1919 Immensae
1294 1863 1395 1919 laudes
1419 1869 1450 1918 et

396 1943 415 1970 “
433 1944 544 2014 gratias
563 1945 677 2016 agimus
695 1945 888 2018 omnipotenti
907 1946 979 2011 Deo,
1000 1946 1059 2017 qui,
1083 1946 1156 2002 licet
1173 1964 1279 2002 navem
1297 1940 1379 2002 Petri
1397 1946 1449 2001 din

393 2029 413 2056 “
432 2028 613 2100 permisisset
637 2030 799 2101 procellosa
823 2030 914 2085 maris
939 2034 1113 2101 tempestate
1131 2031 1270 2103 quassari,
1289 2048 1368 2087 nnnc
1383 2035 1450 2085 tau·

353 2164 356 2165 a
395 2112 414 2137 ‘¹
433 2111 501 2166 dem
527 2112 684 2184 imperavit
709 2111 808 2168 ventis
837 2118 867 2169 et
893 2112 979 2179 mari,
1009 2118 1039 2168 at
1068 2113 1147 2169 facta
1175 2118 1221 2169 est
1250 2113 1448 2185 tranquillitas

395 2194 413 2221 ‘⁴
432 2211 549 2265 magna,
567 2195 610 2251 ita
639 2198 674 2250 ut
700 2195 811 2267 pacatis
841 2195 932 2251 maris
959 2195 1105 2251 savientia
1132 2195 1279 2261 fluctibus,
1306 2194 1473 2266 praedicta·

395 2276 414 2302 “
433 2276 517 2333 navis
535 2275 572 2332 ad
590 2281 706 2349 portum
726 2278 833 2349 quietis
851 2277 973 2334 reducta
997 2279 1037 2335 sit
1060 2283 1090 2333 et
1111 2277 1223 2334 salutis.
1262 2278 1339 2334 Sane
1356 2278 1448 2334 uaria

395 2360 415 2387 ‘¹
434 2360 524 2417 simus
549 2362 582 2417 in
600 2360 717 2419 Christo
742 2362 819 2417 iilius
841 2366 940 2417 noster
964 2360 1135 2418 Redemcus
1159 2361 1284 2418 illustris
1304 2362 1449 2417 fflmauo·

394 2443 414 2468 “
432 2460 499 2498 rum
516 2442 674 2516 imperator
693 2444 824 2518 proximo
843 2443 993 2515 preterito
1010 2443 1059 2499 die
1077 2444 1229 2500 Dominioo
1250 2449 1320 2500 ante
1337 2445 1447 2500 semum

395 2527 414 2553 “
433 2525 511 2582 beati
535 2527 647 2595 Jacobi,
667 2545 734 2583 cnm
761 2526 942 2600 principibus
971 2526 1177 2582 ecclesiasticis
1206 2533 1237 2583 et
1266 2527 1447 2584 secularibus

394 2609 586 2666 “Teutonici
611 2610 706 2683 regni,
733 2610 766 2665 in
794 2628 902 2683 magna
931 2609 1085 2665 devotione
1114 2611 1196 2666 venit
1223 2610 1380 2666 Venetiam
1410 2611 1449 2667 ad

407 2693 619 2764 ‘praeentiam
647 2698 789 2760 nostram,
817 2699 848 2748 et
877 2691 921 2748 ibi
950 2709 1049 2747 coram
1075 2691 1231 2748 innumera
1256 2692 1447 2749 multitudine

393 2776 413 2804 ‘⁶
432 2776 562 2832 virorum
580 2783 611 2833 et
634 2776 801 2841 mulierum,
816 2775 884 2831 altis
901 2775 1023 2831 vocibus
1046 2775 1245 2831 resonantium
1269 2774 1370 2831 landes
1395 2774 1448 2831 Al·

393 2860 413 2887 ⁰‘
432 2860 557 2927 tissime,
576 2859 659 2916 nobis
685 2860 764 2916 sicut
790 2876 903 2915 summo
920 2858 1052 2931 pontifici
1070 2876 1186 2915 omnem
1203 2860 1400 2916 reverentiam
1417 2865 1449 2916 ct

324 3014 328 3021 .
392 2943 413 2970 “
431 2943 571 3000 honorem
592 2942 743 3010 exhibuit;
769 2948 799 2999 et
823 2942 856 2997 in
881 2942 1018 3011 crastino,
1045 2942 1158 2998 scilicet
1184 2943 1215 2998 in
1242 2943 1318 3000 festo
1346 2942 1448 3000 Sancti

393 3025 412 3051 “
432 3024 544 3092 Jacobi,
562 3027 647 3082 nobis
665 3025 703 3081 ad
720 3042 822 3096 preces
845 3026 910 3097 ejus
933 3025 1013 3081 beati
1030 3025 1125 3081 Marci
1143 3025 1297 3083 ecclesiam
1315 3026 1448 3083 adeunti

393 3109 412 3134 “
432 3108 486 3164 bus
511 3127 565 3180 pro
589 3108 770 3165 celebrandis
798 3109 954 3165 missarum
983 3109 1122 3166 solenniis
1151 3110 1269 3166 obviam
1293 3111 1385 3177 venit,
1416 3116 1447 3167 et

393 3190 412 3215 “
431 3190 515 3247 finita
534 3192 633 3259 missa,
653 3208 741 3264 qnam
759 3209 777 3246 s
794 3192 879 3249 nobis
896 3192 967 3249 licet
984 3192 1116 3266 indignis
1132 3199 1300 3250 reverenter
1319 3194 1443 3260 audivit,

391 3273 412 3299 “
430 3274 514 3330 nobis
539 3291 654 3330 omnem
680 3274 818 3331 honorem
844 3275 987 3343 exhibuit,
1016 3294 1103 3348 quern
1126 3277 1354 3351 predecessores
1377 3278 1442 3349 ejas
1455 3273 1580 3326 mutui.

391 3355 537 3413 “nostris
561 3363 778 3414 consueverunt
801 3358 1052 3415 antecessoribns¹
1074 3359 1219 3417 exhibere.
1255 3361 1292 3416 In
1310 3360 1443 3417 kalendis
1456 3346 1513 3394 ¹⁸⁸·

390 3441 409 3467 “
429 3458 499 3496 vero
517 3441 656 3498 instantis
674 3441 784 3498 mensis
801 3441 933 3513 Augusti
956 3444 1097 3515 praefatus
1116 3444 1286 3516 imperator,
1307 3445 1358 3500 ubi
1380 3450 1445 3501 erat

391 3524 410 3550 ‘⁴
430 3541 587 3579 numerosa
603 3523 755 3579 hominum
773 3524 942 3593 multitudo,
961 3527 1061 3597 jurare
1083 3527 1162 3593 fecit,
1178 3531 1210 3584 at
1229 3529 1379 3601 principes
1398 3528 1445 3584 sni

431 3625 503 3681 quos
530 3612 690 3681 presentes
712 3607 840 3664 habebat
867 3614 927 3664 tam
958 3609 1147 3685 ecclesiastici
1174 3628 1262 3684 quam
1290 3612 1443 3679 seculares,
1521 3615 1526 3624 “

429 3691 561 3762 proestito
582 3691 759 3763 juramento,
784 3690 976 3748 firmaverunt
999 3692 1079 3765 quod
1101 3711 1203 3765 pacem
1227 3695 1357 3750 ecolesiae
1379 3713 1445 3765 per·

429 3780 527 3847 petuo,
555 3780 586 3831 et
612 3791 714 3846 pacem
739 3773 888 3829 karissimi
912 3774 945 3830 in
967 3776 1084 3832 Christo
1109 3777 1165 3831 filii
1189 3779 1283 3834 nostri
1303 3778 1445 3835 Willelmi

403 3858 553 3915 ‘illustris
573 3858 682 3915 Siciliae
699 3857 779 3929 regis
797 3875 889 3929 usque
913 3859 952 3914 ad
971 3876 1019 3913 xv.
1033 3870 1139 3924 'annea
1157 3865 1188 3915 et
1211 3864 1348 3932 treugam
1368 3860 1445 3917 Lon·

391 3944 410 3970 “
429 3942 623 4016 gobardcrum
654 3959 672 3997 a
701 3940 851 4014 predictis
880 3941 1014 3998 kalendis
1043 3944 1174 4017 Augusti
1203 3961 1296 4017 usque
1325 3945 1361 3999 ad
1394 3963 1444 4001 sex

391 4029 410 4055 “
430 4044 530 4094 annos,
550 4027 628 4083 sicut
645 4042 702 4097 pax
718 4031 749 4080 et
766 4030 873 4096 treuga
892 4025 957 4098 ipsa
976 4024 1118 4098 disposita
1140 4030 1186 4083 est
1209 4031 1240 4084 et
1261 4033 1394 4096 nactam,
1414 4035 1445 4086 ct

390 4112 410 4139 ‘⁶
429 4110 461 4166 in
491 4109 609 4180 scriptis
638 4107 767 4175 redacta,
797 4107 921 4163 illaesam
950 4107 1055 4165 debeat
1084 4112 1115 4165 et
1144 4109 1290 4166 illibatam
1319 4127 1443 4167 servare.

391 4195 408 4223 “
431 4193 515 4250 Sicut
539 4197 638 4249 sutem
664 4190 743 4247 idem
768 4191 929 4263 imperator
956 4207 1009 4247 nos
1034 4191 1066 4245 in
1089 4193 1268 4248 catholicum
1291 4200 1445 4267 papamet

390 4278 614 4353 “spiritualem
631 4281 745 4350 patrem
762 4276 883 4348 recepit,
902 4275 946 4332 ita
963 4292 1015 4331 nos
1037 4295 1108 4333 eum
1131 4277 1163 4332 in
1187 4278 1365 4334 catholicum
1390 4280 1445 4334 im·

389 4363 408 4391 ⁴‘
426 4366 602 4434 pacatorem,
621 4365 652 4414 et
676 4375 797 4415 uxorem
822 4359 886 4429 ejus
910 4358 942 4414 in
967 4358 1141 4415 catholicam
1165 4359 1393 4433 imperatricem,
1413 4368 1445 4419 et

389 4445 409 4472 “
428 4444 524 4498 lilium
553 4442 684 4513 ipsorum
712 4440 746 4495 in
780 4440 958 4497 catholicum
992 4457 1095 4512 regem
1124 4443 1309 4516 recepimus.²
1351 4445 1444 4516 Agite

390 4528 409 4555 ⁴‘
429 4527 530 4597 itaque
557 4523 667 4596 gratim
695 4522 826 4580 Creatori
852 4528 963 4591 nosne,
992 4523 1050 4593 Qni
1076 4541 1210 4598 sponsam
1238 4543 1321 4583 suam
1348 4545 1444 4584 sacro·

423 4782 657 4869 leatacsucribas]
671 4784 814 4836 om.A.B.
905 4782 911 4852 Ι
958 4783 1129 4854 Μαρίων]
1142 4783 1288 4852 recipimus,
1299 4788 1330 4842 C.
