3646 5720
668 924 674 939 ,
715 876 828 926 ornas
850 876 1042 929 manemus.
1335 868 1400 933 243

345 1065 408 1134 bus
431 1071 505 1134 orta
526 1062 702 1143 natalibus,
724 1064 783 1131 sed
804 1065 979 1135 instabilis.
1023 1066 1267 1147 Recedentibus
1286 1068 1401 1155 itaque
1429 1097 1486 1145 ω,
1493 1100 1553 1147 117³,

346 1168 498 1235 omnibus
519 1168 606 1255 regis
627 1165 715 1244 filiis,
736 1165 826 1233 solus
847 1166 1017 1238 Johannes
1040 1170 1098 1257 qui
1129 1191 1212 1256 puer
1241 1170 1400 1257 parvulus

345 1276 418 1338 erat
439 1291 515 1340 cum
546 1274 640 1357 patre
662 1270 829 1335 remansit.

265 1406 272 1422 ·
389 1371 464 1437 Rex
485 1374 599 1437 autem
620 1370 769 1438 Pnanciae
787 1372 946 1458 juvenem
967 1393 1079 1459 regem
1100 1371 1233 1460 Angliae
1255 1376 1400 1461 gratiose
1411 1389 1551 1445 comam

239 1473 246 1489 '
344 1473 533 1560 suscipiens,
555 1473 592 1538 in
614 1473 785 1540 audientia
813 1493 984 1560 procerum
1007 1473 1125 1541 Galliae
1150 1475 1288 1561 juravit,
1311 1478 1400 1563 quod
1411 1442 1511 1552 iiiiii,

344 1576 376 1642 ei
409 1580 444 1641 et
476 1573 635 1641 fratribus
667 1575 736 1641 suis
769 1580 884 1643 contra
916 1581 1045 1663 patrem
1079 1596 1176 1643 suum
1210 1578 1400 1645 indeficiens
1411 1541 1540 1645 ffiffi

344 1677 490 1763 praebere
512 1675 615 1742 vellet
635 1675 808 1743 auxilium.
855 1674 971 1743 (lomes
993 1677 1096 1743 etiam
1128 1677 1294 1745 Flandfiae
1320 1642 1493 1746 Phi-¹¹³⁶*

345 1880 468 1947 faciens
500 1879 692 1967 homagium
729 1899 804 1947 curu
837 1878 1037 1965 juramento.
1084 1879 1148 1947 Oui
1181 1901 1241 1967 pro
1262 1882 1400 1948 servitio

345 2003 405 2048 suo
435 1981 587 2069 promisit
609 2002 671 2047 rex
692 2001 768 2047 cum
790 1985 864 2048 tota
886 1979 1007 2049 Cantia
1028 2004 1063 2046 n.
1082 1989 1225 2046 librarum
1241 1989 1399 2059 redditum,

347 2090 503 2148 castellnm
526 2102 658 2169 quoque
679 2091 716 2148 de
742 2090 834 2147 Rofa¹
861 2108 929 2148 oum
954 2091 1075 2149 castello
1101 2090 1138 2147 de
1163 2091 1298 2148 Dovoria.
1337 2090 1400 2148 Ma·
1413 2113 1517 2168 nup„

239 2178 246 2194 ·
346 2192 446 2249 ausus
469 2206 568 2281 eomas
590 2190 721 2249 naonis
750 2191 842 2249 naar
870 2192 986 2250 aaran
1016 2191 1163 2249 ruanis
1189 2183 1335 2270 suscepit
1365 2166 1528 2314 ruffi&

346 2286 514 2371 promissis
528 2310 582 2365 pro
598 2289 736 2362 homagio
751 2288 786 2348 et
800 2283 937 2350 servitio
951 2305 1011 2351 suo
1026 2297 1119 2351 totam
1135 2309 1233 2351 amam
1246 2292 1283 2351 de
1295 2293 1402 2352 Kirke-

345 2395 428 2451 tenia
444 2395 477 2452 in
494 2393 636 2463 Isindiaia
652 2403 728 2450 cum
744 2393 886 2450 comitatu
903 2393 939 2450 de
953 2392 1126 2450 Moretonia.
1163 2392 1272 2450 Oomiti
1289 2394 1402 2452 Theod-

345 2494 434 2553 baldo
456 2485 609 2572 promisit
629 2506 690 2551 rex
712 2491 866 2550 cutellum
883 2490 920 2549 ds
937 2489 1097 2549 Ambatio¹
1113 2495 1144 2548 et
1167 2490 1342 2575 quingentas
1367 2493 1403 2548 li-

346 2593 413 2651 bres
430 2593 694 2667 andegavensium.
733 2584 776 2650 In
797 2583 887 2651 hunc
908 2585 1043 2650 modum
1065 2582 1193 2651 eaeteris
1214 2583 1402 2650 fautoribus

346 2686 414 2751 suis
444 2686 522 2753 solis
554 2686 826 2773 promissionibus
855 2685 1068 2765 satisfaciens,
1090 2684 1301 2773 quamplures
1331 2690 1402 2751 tam

347 2788 478 2875 Angliae
509 2808 609 2875 quam
639 2788 788 2857 Franciae
818 2786 983 2875 principes
1015 2788 1053 2853 in
1083 2787 1187 2875 patris
1220 2785 1333 2854 odium
1367 2791 1403 2853 et

346 2890 441 2977 regni
462 2889 594 2977 Angliae
616 2889 783 2958 excidium
804 2888 967 2956 incitavit

392 2990 484 3057 Dum
505 2989 592 3059 hanc
612 2992 727 3078 itaque
749 2991 865 3057 diebus
886 2990 986 3058 sacris
1012 2988 1225 3057 Paschalibus
1247 2989 1441 3068 melnen-1
1526 3025 1551 3070 ,1
1664 3036 1671 3045 ι

348 3096 404 3157 tur
437 3091 570 3179 explere
600 3092 774 3171 maliciam,
788 3091 960 3159 convocati
981 3096 1062 3159 sunt
1082 3091 1225 3179 episcopi
1241 3096 1276 3157 et
1297 3091 1402 3158 olenus
1414 3075 1574 3179 mim„

346 3191 479 3280 Augus
515 3194 559 3258 ad
603 3193 809 3259 Londoniam
847 3193 933 3261 circa
969 3193 1071 3259 finem
1110 3193 1232 3259 mensis
1268 3193 1402 3281 Aprilis
1415 3175 1545 3280 mcor
1635 3216 1638 3220 ·

349 3294 479 3363 Omissa
500 3294 605 3381 igitur
626 3295 785 3389 electione
814 3294 956 3382 pastoris
980 3293 1228 3363 Oantuariensis
1250 3294 1404 3374 ecclesiae,

348 3395 444 3462 electi
480 3402 560 3462 sunt
592 3397 636 3464 ad
667 3396 801 3462 libitum
823 3396 909 3483 regis
940 3401 976 3463 et
997 3396 1171 3464 curialium
1193 3396 1337 3483 episcopi
1358 3397 1403 3463 vi

347 3497 504 3564 videlieet
540 3497 701 3564 Ricardus
731 3497 981 3575 wintoniensis,
1015 3497 1194 3564 Gaufridua
1228 3497 1404 3576 Heliensis,

349 3595 536 3666 Robertus³
559 3599 819 3679 Hereiorrlensis,
834 3598 1038 3687 Reginaldus
1060 3598 1303 3677 Bathoniensis,
1325 3598 1405 3664 Lin-
1417 3631 1523 3676 mmm
1530 3632 1554 3675 01

349 3700 532 3779 oolniensis,
556 3699 793 3768 Oiceatrensis.⁴
829 3700 1018 3770 Novissime
1040 3700 1082 3767 de
1104 3699 1262 3767 electione
1279 3682 1576 3765 Canta-mmm

350 3803 489 3868 ariensis
504 3801 649 3870 ecclesias
664 3802 847 3870 conseritur
860 3823 976 3869 sermo.
1021 3800 1078 3869 Sic
1093 3809 1110 3837 “
1119 3807 1218 3867 erunt
1232 3800 1405 3867 novissimi

350 3904 459 3990 primi,
474 3909 509 3970 et
523 3904 622 3991 primi
630 3903 831 3983 novissimi,”
846 3908 881 3970 et
894 3907 1010 3971 cetera
1047 3902 1141 3970 Prior
1155 3902 1259 3990 igitur
1274 3902 1347 3969 Odo
1369 3903 1406 3967 in
1418 3940 1561 3984 pum„

351 4007 499 4073 medium
521 4012 657 4077 vocatu
679 4026 701 4072 a
722 4006 830 4094 prima
843 4006 1005 4094 petitione
1026 4004 1142 4073 liberae
1155 4004 1323 4072 electionis
1337 4026 1406 4071 non
1418 3991 1570 4042 mm

350 4108 517 4189 avellitur,
539 4109 598 4179 sed
620 4107 770 4176 obsecrat
787 4113 828 4174 ut
850 4106 1098 4176 cantuariensis
1127 4107 1250 4175 electus
1273 4108 1405 4186 desua,

350 4210 388 4276 id
421 4215 472 4277 est
505 4209 547 4277 de
570 4209 759 4279 Cantuariae
791 4209 934 4291 ecclesia,
956 4214 1114 4277 sumatur.
1161 4209 1406 4276 Consenserunt

385 4390 491 4461 ¹n0sa]
505 4391 633 4455 nosco.
862 4358 866 4363 ¹
902 4394 962 4460 my,
982 4394 1079 4445 nosen
1101 4390 1186 4443 nouos
1209 4390 1239 4442 or
1270 4389 1405 4453 aaaron,

383 4469 537 4540 'Antctiol
563 4470 695 4537 Ambatia,
716 4473 764 4535 B.;
792 4473 858 4526 Arn-
902 4471 1036 4540 Reginnld,
1048 4467 1407 4532 aonofJoeelinieBohan,

270 4544 276 4550 ’
351 4549 475 4613 badec-
902 4547 1407 4617 amopornoueaneymemgu

387 4628 554 4698 ⁸Rotartaa]
568 4630 701 4695 Ricardaa
712 4632 747 4683 A.
759 4632 792 4683 Β.
904 4646 960 4693 aon,
970 4646 1023 4705 was
1043 4630 1140 4681 elected
1150 4637 1177 4680 to
1189 4628 1307 4691 Linooln,
1318 4628 1369 4678 and
1380 4633 1407 4678 to

385 4710 396 4741 ⁴
407 4709 525 4760 Richard
535 4710 567 4763 of
579 4710 713 4773 Ilchestcr,
728 4709 821 4775 bishop
833 4709 866 4760 ol
905 4708 1054 4762 Chicheater
1064 4709 1108 4759 the
1119 4709 1185 4759 dean
1196 4706 1275 4760 John.

352 4787 525 4865 winchester,
554 4789 675 4856 ammoy
710 4788 805 4842 Riddel
833 4787 864 4840 of

1207 4871 1273 4942 ot
