3666 5724
403 891 469 962 378
603 905 764 954 enavasu
787 904 946 954 nossem
970 905 1243 975 ciurunmnusrs

250 1106 375 1209 pappi.
404 1091 607 1169 mandatum,
630 1099 749 1159 caetera
777 1094 923 1159 maneria
947 1092 1180 1159 monachorum
1210 1093 1290 1179 ipsis
1320 1095 1454 1180 penitus

233 1188 358 1281 memb]
405 1193 633 1280 ignorantibus
663 1195 845 1281 occupavit.
890 1195 1027 1273 Deinde,
1059 1195 1239 1260 Dcvoriam
1262 1196 1453 1262 transfreta-

233 1271 364 1364 iriiiitue
405 1300 500 1360 turus
537 1317 722 1383 properam,
760 1297 952 1362 celararium
990 1297 1171 1385 mandavit,
1210 1297 1304 1382 eique
1342 1298 1453 1363 dixit:

234 1371 384 1465 ditiviis
405 1405 422 1432 “
445 1396 625 1484 Hucusque
639 1398 708 1463 solo
723 1399 854 1464 nomine
877 1398 1051 1465 celerarius
1073 1398 1175 1463 suisti.
1222 1399 1322 1464 Nunc
1343 1404 1455 1464 autem

233 1472 385 1613 iioiidiieso
404 1505 422 1531 “
444 1497 519 1563 volo
540 1504 588 1579 ut,
604 1519 639 1562 re
655 1499 754 1563 simul
769 1504 804 1564 et
821 1500 953 1564 nomine
976 1499 1150 1564 celerarius
1173 1500 1328 1577 existens,
1343 1500 1454 1564 omnia

233 1571 329 1673 iiiii
403 1607 421 1633 “
444 1620 517 1683 quae
540 1600 584 1665 ad
606 1605 699 1664 tuam
722 1601 890 1686 pertinent
912 1599 1142 1677 obedientiam,
1162 1600 1287 1666 scilicet
1301 1599 1398 1665 villas
1420 1607 1455 1666 et

401 1701 592 1766 “redditus
625 1707 660 1766 et
693 1708 819 1779 caetera,
842 1701 947 1767 libera
976 1701 1151 1788 possideas,
1185 1702 1232 1768 sic
1262 1707 1374 1768 tamen
1414 1707 1454 1767 ut

402 1810 420 1837 “
442 1802 542 1869 michi
565 1803 626 1868 soli
649 1809 684 1869 et
705 1824 772 1868 non
794 1803 890 1869 altori
913 1803 991 1868 inde
1014 1803 1219 1889 respondeas,
1235 1825 1352 1889 meque
1375 1804 1454 1869 inde

402 1911 419 1938 “
441 1904 545 1970 iacias
567 1905 743 1972 secmum.''
789 1904 852 1972 cui
871 1905 1054 1983 celerarius,
1069 1906 1176 1992 primo
1199 1905 1240 1970 de
1263 1905 1452 1971 benivolen-

402 2006 451 2071 tia
472 2012 581 2092 grates
607 2007 756 2084 referens,
780 2007 968 2094 respoudit:
1000 2007 1258 2072 “Obedientism
1289 2007 1381 2073 iilam
1412 2007 1453 2072 de

403 2116 420 2142 “
442 2129 509 2192 qus
541 2130 647 2174 sermo
679 2115 737 2185 est,
769 2109 796 2173 si
828 2109 924 2175 vobis
961 2108 1070 2195 piacet
1103 2118 1137 2174 et
1171 2109 1357 2185 conventui,
1392 2131 1453 2195 ego

234 2234 384 2279 mosen-mr
404 2217 421 2244 “
443 2210 562 2275 tenebo
592 2211 628 2274 in
658 2231 697 2275 ea
718 2210 824 2275 forma
846 2216 881 2276 ct
903 2216 996 2276 statu
1018 2232 1085 2296 qua
1107 2210 1358 2296 praedecessores
1388 2212 1454 2275 mei

403 2318 421 2346 “
443 2332 501 2396 per
523 2310 630 2376 multa
650 2315 800 2400 tempora
822 2316 1011 2389 tenuerunt,
1029 2316 1064 2377 ct
1087 2333 1147 2398 ego
1170 2312 1284 2377 eadem
1306 2316 1454 2398 tompore

403 2420 420 2447 “
443 2417 553 2478 vestro
582 2434 687 2498 usque
716 2413 814 2478 hodie
837 2415 940 2491 tenui,
964 2413 1019 2479 et¹
1042 2435 1109 2479 non
1135 2413 1259 2479 aliter.”
1304 2414 1454 2500 Cumque

402 2515 529 2581 diutius
551 2537 572 2581 a
594 2516 719 2582 clericis
741 2516 976 2602 archiepiscopi
999 2517 1108 2581 verbis
1139 2517 1286 2602 undique
1316 2518 1453 2603 impete·

403 2623 501 2694 retur,
526 2618 720 2695 dicentibus,
744 2618 832 2704 quod
861 2618 1123 2704 archiepiscopus
1155 2641 1230 2683 eum
1262 2618 1454 2685 celararium

403 2720 525 2797 fecerit,
548 2720 736 2806 respondit:
759 2719 911 2784 “Verum
934 2725 993 2796 est,
1016 2720 1073 2784 sed
1103 2721 1166 2785 sub
1189 2742 1254 2806 qua
1276 2719 1381 2786 forma
1403 2725 1454 2786 at·

403 2828 419 2854 “
444 2820 579 2885 tendite.
641 2819 734 2885 Pn‘or
771 2843 813 2885 ex
850 2826 944 2906 parte
976 2825 1158 2886 conventus
1198 2826 1262 2885 tres
1301 2843 1455 2907 personas

402 2930 419 2954 “
441 2919 721 2996 nominaverunt,²
736 2925 771 2985 et
792 2921 862 3006 ipse
886 2920 987 2986 michi
1010 2926 1049 2985 ut
1071 2921 1199 2986 aestimo
1222 2942 1265 2986 ex
1287 2922 1455 3008 inproviso

403 3031 419 3057 “
445 3022 590 3107 praebuit
619 3042 797 3098 assensum,
820 3043 888 3086 non
911 3043 954 3086 ex
976 3042 1037 3087 sua
1059 3021 1294 3088 deliberatione
1325 3024 1383 3088 sed
1412 3024 1456 3089 ad

403 3123 732 3210 “praesentationem
764 3128 955 3188 conventus.
1018 3124 1088 3188 Sub
1118 3123 1181 3189 hac
1214 3124 1319 3190 forma
1352 3126 1455 3203 tenui,

405 3234 421 3259 “
444 3224 582 3304 teneb03
615 3229 796 3289 tenuerunt
829 3229 864 3289 et
893 3225 951 3289 aiii
973 3230 1051 3290 ante
1074 3245 1135 3291 me.
1181 3226 1292 3291 Aliam
1315 3227 1455 3293 formam

404 3334 422 3360 “
444 3330 559 3391 contra
581 3325 851 3391 consuetudinem
874 3325 1018 3391 ccelesiae
1041 3347 1108 3391 non
1136 3326 1271 3392 inducet
1292 3348 1352 3413 per
1374 3329 1455 3395 me.”

234 3440 354 3485 rioms
404 3427 503 3493 Dixit
524 3431 637 3493 autem
655 3426 937 3512 archiepiscopus:
961 3426 1158 3493 “Honorem
1181 3433 1278 3493 tuum
1300 3435 1335 3494 et
1358 3429 1455 3495 liber·

233 3490 368 3584 iiiiii&
406 3538 423 3565 “
445 3534 550 3595 tatem
562 3527 750 3593 desiderans
764 3527 836 3594 hssc
850 3528 914 3595 tibi
929 3527 1042 3594 obtuli
1072 3528 1196 3594 Verum
1212 3530 1291 3614 quia
1304 3530 1377 3597 haec
1386 3553 1455 3597 om-

232 3590 371 3635 immonsa.
405 3639 422 3666 “
445 3629 544 3695 nibus
568 3629 626 3714 qui
648 3628 811 3695 assistunt
833 3629 1047 3695 audientibus
1069 3630 1190 3707 renuis,
1212 3632 1368 3718 praecipio
1390 3632 1454 3697 tibi

404 3742 423 3769 “
444 3753 503 3818 per
518 3731 740 3798 obedientiam
755 3736 790 3796 et
804 3732 867 3796 sub
882 3730 1093 3797 anathemate
1109 3753 1151 3797 ne
1166 3731 1306 3798 ulterius
1321 3735 1362 3799 de
1378 3734 1454 3801 obe·

403 3843 422 3870 “
444 3833 571 3899 disntia
585 3832 644 3898 illa
658 3837 692 3897 te
707 3831 939 3899 intromittas.''
970 3840 988 3868 “
999 3832 1137 3910 Audio,''
1147 3834 1259 3919 inquit
1269 3820 1453 3902 celerarius,

232 3948 384 4003 noussen
403 3943 421 3971 “
443 3956 517 4021 quse
540 3933 659 4010 dicitis,
683 3934 862 4000 conventui
885 3933 1062 3999 referenda
1109 3933 1230 3999 Sciatis
1252 3940 1365 4001 tamen
1385 3959 1453 4004 cer-

403 4046 419 4073 “
442 4036 569 4101 tissime
591 4036 679 4121 quod
709 4040 808 4101 etex
830 4039 924 4121 parts
953 4040 1135 4101 conventus
1157 4035 1252 4101 vobis
1281 4039 1453 4117 annuntio,

401 4138 529 4224 “quod
562 4160 622 4224 per
653 4136 783 4201 nullum
816 4135 996 4214 hominum,
1019 4136 1084 4201 nisi
1116 4157 1175 4223 per
1205 4159 1259 4203 eos
1291 4160 1372 4224 quos
1404 4139 1454 4204 illi

401 4250 419 4277 “
441 4264 551 4307 rerum
574 4262 707 4306 suarum
730 4240 910 4306 secundum
936 4240 1207 4307 consuetudinem
1229 4242 1452 4328 ecclesiam-

402 4345 569 4429 “tiquam
607 4343 810 4409 constituent
847 4341 1023 4419 ministros,
1061 4363 1128 4407 non
1173 4343 1272 4409 unius
1309 4345 1452 4430 pretium

402 4455 420 4480 “
442 4442 627 4531 aecipient³
647 4444 842 4520 refectionis,
865 4445 923 4509 sed
952 4465 1013 4510 nec
1035 4444 1134 4509 unius
1156 4445 1259 4530 panis.
1306 4445 1343 4510 si
1374 4469 1452 4514 vero

436 4733 444 4766 ¹
457 4734 494 4799 et]
509 4734 562 4794 sed,
574 4733 604 4784 C,
984 4732 1144 4799 ⁸cccipicat]
1158 4733 1291 4799 accipiant,
1304 4737 1334 4789 C.

434 4810 651 4876 'semineces-unt]
667 4810 702 4862 So
713 4802 748 4862 sil
759 4811 801 4863 tbe
811 4811 888 4863 Mss.
