3628 5728
689 884 817 964 ,ornas
840 882 1031 936 nisromca
1327 868 1393 939 set

334 1068 354 1093 “
373 1072 439 1141 post
462 1068 687 1141 appellationem
710 1069 747 1125 ad
771 1068 868 1127 sedem
891 1067 1080 1142 apostolicam
1109 1068 1228 1135 factam,
1253 1073 1284 1125 et
1307 1067 1391 1123 boum
1421 1081 1544 1128 sauss.

335 1154 354 1179 “
373 1155 522 1209 memorias
550 1153 777 1226 prohibitionem
801 1154 913 1210 Urbani
941 1152 1161 1227 praedecessoris
1190 1152 1293 1218 nostri,
1317 1152 1390 1207 adeo
1403 1133 1540 1240 &⁰3¹2

333 1238 352 1262 ‘⁶
372 1236 451 1291 oiroa
467 1254 551 1293 novae
568 1237 688 1310 capellas
706 1238 951 1295 constructionem
969 1243 1000 1295 et
1017 1238 1075 1293 alia
1092 1237 1186 1292 multa
1202 1254 1307 1293 manus
1325 1241 1391 1291 tuas
1402 1207 1519 1291 madai?

334 1320 352 1345 “
372 1319 404 1373 in
428 1321 557 1376 ecclesias
580 1320 636 1377 tibi
659 1322 820 1378 commissae
844 1324 969 1379 fratrum
993 1321 1142 1377 molestias
1160 1319 1339 1392 aggravasti,
1357 1295 1562 1398 utfflffii,

333 1403 352 1427 “
370 1400 463 1457 nichil
475 1403 518 1459 eis
531 1404 567 1460 de
579 1404 758 1476 interposita
771 1405 975 1478 appellationis
992 1404 1120 1461 remedio
1138 1403 1292 1460 accessisse
1304 1405 1392 1474 prout
1403 1397 1510 1443 ΨΜ·

333 1486 351 1511 “
369 1486 445 1540 rstio
465 1487 540 1558 juris
558 1489 722 1560 expostulat
739 1489 912 1554 molimatur,
938 1506 992 1545 neo
1016 1494 1048 1545 tu
1072 1488 1177 1544 honori
1201 1490 1390 1543 sacrosanctae

333 1571 351 1596 ‘⁴
371 1569 511 1627 Romanae
523 1572 654 1629 ecelesiae
667 1573 771 1630 matris
782 1579 842 1629 tna
854 1573 981 1630 videaris
993 1578 1081 1646 prout
1098 1572 1226 1643 oportuit
1243 1568 1390 1625 detulisse.

332 1655 350 1679 ‘⁴
371 1652 455 1710 Licet
464 1661 562 1712 antem
571 1657 753 1729 propositum
766 1658 850 1714 nobis
862 1658 901 1715 sit
913 1656 1091 1713 fraternitati
1102 1661 1162 1711 tuas
1175 1659 1316 1727 quantum
1324 1669 1392 1709 oum

331 1737 349 1762 “
370 1736 432 1793 Deo
451 1755 607 1810 possumus
625 1740 784 1807 deferendi,
802 1746 834 1796 et
851 1757 1005 1812 personam
1023 1744 1106 1795 tuam
1123 1739 1156 1794 in
1174 1737 1308 1793 omnibus
1326 1754 1391 1808 quae

275 1870 283 1877 .
330 1821 349 1848 ‘¹
369 1838 405 1877 ex
423 1822 516 1879 officio
532 1823 617 1879 nobis
635 1824 813 1880 incumbunt
834 1823 1024 1880 statuerimus
1041 1822 1193 1887 honorare,
1207 1822 1277 1893 quia
1293 1826 1392 1876 tamen

331 1905 529 1963 “eorundem
553 1907 680 1964 fratrum
699 1924 848 1979 pressuras
872 1907 982 1979 pariter
1005 1911 1036 1963 et
1059 1906 1201 1963 clamores
1224 1923 1292 1961 cum
1315 1904 1392 1960 bona

332 1990 351 2015 '⁴
370 1990 548 2047 conscientia
564 1991 715 2063 praeterire
733 1991 841 2048 clausis
860 1991 952 2047 oculis
972 2007 1027 2046 neo
1050 2007 1203 2062 possumus
1228 2007 1283 2057 neo
1306 1988 1391 2045 debe·

332 2072 350 2097 ‘⁶
371 2089 445 2138 runs,
471 2075 651 2131 fraternitati
680 2080 743 2131 tuae
773 2075 810 2130 de
839 2074 961 2131 consilio
990 2074 1114 2129 usuum
1142 2079 1309 2130 nostrornm
1338 2090 1392 2143 per

333 2156 352 2181 ‘⁸
371 2157 531 2226 apostolica
553 2158 665 2230 scripta
689 2157 862 2213 mandemus
886 2162 917 2212 et
939 2156 1075 2212 (immiste
1098 2156 1293 2229 praecipimus,
1320 2172 1390 2226 qna·

332 2242 351 2267 ‘⁴
371 2240 453 2297 tinus
476 2242 708 2298 contradictione
733 2246 764 2297 st
787 2240 937 2298 ocomiom
965 2239 1135 2312 postposita,
1160 2257 1195 2295 eo
1219 2240 1309 2295 etiam
1331 2256 1390 2293 non

334 2323 506 2380 “obstante
530 2325 557 2380 si
580 2331 610 2381 te
634 2325 735 2382 abesse
759 2323 918 2396 eontigerit
942 2324 979 2379 ab
1002 2323 1135 2390 ecclesia,
1161 2323 1300 2396 quioquid
1323 2327 1540 2423 9⁰⁸⁸i¹i⁰⁰if¹⁶ms

333 2408 352 2433 “
372 2407 598 2477 appellationem
611 2409 759 2466 adsedem
771 2407 960 2481 apostolicam
978 2408 1094 2473 factam,
1107 2407 1153 2464 rel
1171 2408 1389 2479 predecessoris
1401 2390 1556 2473 ffimffl

334 2491 352 2516 ‘⁴
371 2491 466 2545 nostri
477 2490 716 2563 prohibitionem,
728 2493 760 2547 in
774 2508 862 2564 opere
880 2492 998 2564 capellas
1011 2498 1109 2548 actum
1127 2496 1182 2557 est,
1195 2509 1253 2547 non
1271 2491 1389 2547 differas
1401 2478 1527 2574 mig?

334 2578 352 2601 “
372 2574 517 2641 demoliri,
536 2593 674 2633 revocans
692 2584 724 2633 et
739 2577 886 2633 deducens
910 2593 1029 2648 prorsus
1051 2576 1084 2632 in
1107 2575 1225 2633 irritum
1249 2575 1389 2648 quicquid
1400 2579 1489 2634 asw-

334 2660 353 2685 “
373 2657 408 2713 de
426 2656 612 2715 instituendis
629 2660 776 2716 canonicis
796 2665 827 2716 et
850 2659 916 2716 aliis
940 2660 1019 2715 circa
1042 2658 1185 2730 capellam
1209 2660 1320 2714 factum
1344 2664 1390 2715 est

334 2744 403 2798 “et
425 2760 579 2815 perperam
602 2745 782 2800 innovatum.
825 2744 883 2800 Eos
908 2742 997 2800 etiam
1021 2745 1072 2817 qni
1095 2749 1161 2816 post
1184 2743 1388 2800 inhibitionem

335 2827 353 2853 ‘⁴
373 2827 525 2900 saepedicti
542 2828 763 2900 predecessoris
781 2828 876 2884 nostri
895 2828 927 2883 in
950 2827 1062 2900 capella
1085 2830 1150 2901 ipsa
1173 2826 1274 2884 divina
1296 2827 1390 2884 officia

335 2912 353 2936 ‘⁸
373 2910 519 2966 celebrere
545 2916 805 2983 presumpserunt,
833 2911 924 2968 donec
950 2911 1125 2982 condignam
1150 2910 1235 2966 nobis
1262 2912 1393 2968 satisfac·

336 2996 484 3059 “tionem
505 2996 670 3062 exhibeant,
690 2997 726 3051 ab
748 2994 842 3052 officio
865 3001 896 3053 et
919 2995 1061 3051 beneficio
1084 2995 1191 3051 habam
1213 2995 1391 3052 interdictos.

336 3081 355 3107 ‘⁴
369 3076 522 3134 Ministros
552 3083 710 3136 conventus
740 3095 813 3149 quos
844 3084 910 3151 post
939 3078 1168 3151 appellationem
1191 3078 1393 3151 interpositam

335 3165 354 3190 ‘⁴
374 3162 519 3229 amovisti,
532 3181 605 3234 qnos
630 3169 660 3218 et
683 3162 762 3218 idem
780 3162 976 3235 praedecessor
994 3166 1093 3218 noster
1116 3163 1255 3228 restitnit,
1281 3163 1389 3220 habeas

336 3246 353 3272 ‘⁴
374 3245 534 3312 restitutos,
554 3252 586 3301 et
604 3262 653 3301 eos
672 3263 744 3318 qnos
763 3245 875 3318 pariter
897 3250 964 3317 post
987 3245 1214 3317 appellationem
1238 3245 1392 3318 interposi-

336 3329 353 3355 ‘⁸
371 3333 432 3382 tarn
456 3329 706 3384 excommunicare
724 3329 771 3384 rel
796 3329 973 3402 suspendere
993 3328 1123 3394 voluisti,
1142 3328 1248 3384 habeas
1272 3329 1392 3386 nichilo·

336 3414 355 3441 '⁸
374 3414 472 3468 minus
490 3413 648 3479 absolutos,
667 3419 698 3470 et
715 3414 853 3470 universa
870 3432 936 3485 qna
959 3418 1025 3485 post
1047 3414 1274 3485 appellationem
1296 3415 1392 3486 ipsam

336 3498 355 3522 ‘¹
375 3497 407 3550 in
425 3512 526 3552 eornm
546 3513 705 3567 gravamen
729 3502 904 3568 attemptata
926 3501 1003 3561 sunt,
1024 3495 1056 3551 in
1080 3494 1230 3551 invasione
1254 3495 1393 3552 videlicet

338 3578 357 3605 ⁴¹
378 3576 518 3632 villarum
553 3582 584 3633 et
613 3576 831 3649 possessionum
861 3593 988 3644 suarum,
1018 3575 1187 3631 reddituum
1216 3594 1331 3648 quoque
1362 3576 1540 3632 etflerorbids

348 3662 501 3717 ‘aliorum
532 3678 598 3734 qua
629 3665 697 3717 ante
728 3661 954 3734 appellationem
983 3659 1155 3724 habuerant,
1186 3666 1216 3715 et
1246 3659 1391 3716 ablatione
1404 3627 1549 3729 fflfflw

336 3747 356 3772 ‘¹
376 3744 512 3801 similiter
529 3745 653 3802 aliarum
670 3762 780 3812 rerum,
794 3745 826 3800 in
844 3749 952 3802 statum
970 3743 1127 3816 pristinum
1151 3744 1343 3816 appellatione
1361 3750 1392 3799 et
1404 3727 1549 3822 ffiffi'f,

337 3827 635 3885 “contradictionem
660 3835 790 3887 cessante
813 3829 944 3885 reducas.
982 3828 1121 3894 Adhuc,
1142 3828 1211 3899 qnia
1232 3828 1462 3884 samdumtou

337 3915 356 3940 ‘¹
376 3915 501 3969 formam
515 3912 592 3984 juris
603 3919 669 3985 post
685 3914 912 3986 appellationem
923 3912 1014 3968 nichil
1031 3916 1077 3967 est
1094 3910 1301 3976 innovandum,
1312 3913 1393 3968 volu-

337 3998 356 4026 “
375 4013 441 4052 mus
454 4001 484 4051 et
501 3996 687 4070 precipimus
704 4006 739 4055 ut
756 3997 899 4070 pendente
912 3994 1025 4069 judicio
1043 3994 1075 4049 in
1093 3994 1251 4051 eorundem
1268 3995 1393 4051 fratrum

337 4081 356 4107 ‘⁶
376 4080 584 4137 detrimentum
602 4081 681 4138 circa
698 4087 808 4138 statum
826 4080 999 4137 monasterii
1016 4079 1109 4136 nichil
1133 4079 1252 4135 omnino
1276 4083 1393 4150 satagas

337 4165 356 4192 ‘⁸
376 4164 551 4231 immotam
577 4165 788 4223 nichilominus
811 4164 1009 4238 precipiendo
1033 4163 1215 4228 mandantes,
1237 4167 1272 4218 nt
1295 4165 1395 4218 omnia

338 4249 356 4274 ‘⁴
376 4264 442 4319 qua
465 4247 540 4320 ipsis
565 4249 716 4306 monachis
741 4267 759 4305 a
781 4254 913 4321 tempore
942 4247 1133 4321 promotionis
1157 4251 1225 4311 tuse,
1251 4246 1300 4301 rel
1329 4252 1396 4319 post

339 4332 357 4358 ‘⁴
376 4331 603 4403 appellationem
621 4332 669 4387 vel
686 4339 764 4399 ante,
780 4333 888 4405 absque
901 4331 977 4404 juris
996 4328 1098 4386 ordine
1116 4328 1219 4384 illicite
1238 4329 1394 4396 abstulisti,

339 4414 358 4442 ‘¹
378 4413 411 4471 in
421 4414 563 4483 eeclesiis,
577 4414 697 4483 exeniis,
710 4416 798 4484 villis,
811 4414 1054 4488 possessionibus,
1067 4411 1230 4468 redditibus
1243 4430 1296 4469 seu
1308 4413 1395 4469 rebus

315 4543 321 4554 .
341 4500 360 4526 ⁴‘
379 4497 457 4565 aliis,
474 4516 543 4556 oum
561 4517 691 4572 congrua
707 4500 975 4574 recompensatione
995 4500 1144 4555 motuum
1167 4503 1267 4570 postea
1289 4497 1394 4553 illicite

341 4583 360 4611 ‘¹
379 4583 605 4657 perceptorum,¹
629 4590 660 4641 et
682 4584 866 4642 libertatibus
888 4590 919 4640 et
941 4582 1194 4640 administratione
1217 4581 1395 4654 competenti

667 4807 675 4841 ¹
684 4806 869 4874 perceptorum]
885 4815 1067 4873 preceptorum,
1078 4808 1109 4859 B.
