3666 5724
423 837 487 901 354
623 846 785 897 aanvasn
808 844 969 895 nousonr
992 840 1270 892 caurusnransn

273 1049 329 1093 al>
338 1048 395 1093 11⁸⁷
424 1035 604 1100 terroribus
628 1031 863 1100 concubinae1
886 1030 1060 1098 blanditiis
1076 1028 1236 1108 subverti,
1259 1025 1340 1115 spe²
1360 1025 1478 1093 saltem

255 1099 353 1253 babel?
355 1161 380 1203 οι
425 1137 644 1223 adipiscendae
660 1136 835 1223 dignitatis
861 1135 1080 1212 flecterentur,
1103 1129 1161 1198 et³
1186 1136 1315 1197 tantam
1339 1128 1480 1195 unitatis

256 1211 333 1256 ‘hm
333 1214 645 1304 nen'‘constantiam
688 1243 920 1304 converterent
962 1237 999 1302 in
1040 1256 1153 1302 arcum
1191 1256 1340 1321 pravum
1401 1230 1517 1318 Filii⁶⁷

427 1339 583 1424 quidem⁴
608 1340 731 1405 Effrem
756 1340 968 1405 intendentes
991 1344 1026 1404 et
1056 1338 1228 1403 mittentes
1267 1356 1381 1402 arcum
1403 1353 1480 1399 con·
1493 1347 1653 1393 Parnase.

427 1442 514 1507 versi
537 1442 647 1507 sunt
639 1465 675 1507 m
698 1443 752 1507 dio
782 1441 869 1519 belli,
892 1441 950 1506 sed
985 1439 1047 1504 filii
1070 1439 1254 1507 Jerusalem
1293 1438 1481 1504 constantes

259 1552 412 1697 {33³2pr
429 1544 536 1610 effecti
559 1550 647 1623 sunt,
664 1550 703 1610 ut
726 1544 792 1608 duo
814 1543 970 1631 fugarent
992 1542 1105 1609 decem
1127 1542 1227 1608 milia.
1274 1541 1348 1606 Rex
1370 1538 1482 1624 igitur,

259 1653 330 1699 home
429 1667 593 1712 unacum
616 1644 894 1732 archiepiscopo
884 1666 922 1710 m
944 1643 1127 1729 capitulum
1159 1643 1304 1720 veniens,
1326 1639 1485 1728 praeoepit

428 1747 604 1834 diligenter
634 1748 809 1815 introitum
839 1747 1006 1813 observari
1036 1745 1176 1831 nequis
1214 1745 1365 1815 secedere
1399 1763 1483 1828 prae·

428 1856 573 1916 sumeret
601 1850 666 1914 nisi
692 1850 877 1936 specialiter
898 1853 1072 1916 vocaretur
1109 1871 1151 1914 ex
1180 1848 1320 1913 nomine.
1368 1844 1485 1910 Vocati

429 1956 509 2016 sunt
531 1952 644 2038 itaque
667 1953 811 2039 episcopi
834 1951 909 2029 duo,
933 1950 1155 2017 Norwicensis
1186 1956 1221 2016 et
1243 1948 1483 2023 Dunelmensis,

431 2053 603 2118 Hubertus
641 2052 803 2130 Walterii,
846 2058 880 2118 et
918 2052 1036 2118 Petrus
1074 2051 1238 2118 Bleaensis
1276 2052 1381 2117 totius
1418 2050 1485 2116 fere

344 2171 394 2214 aon
432 2155 570 2220 malitiae
613 2155 713 2240 hujus
750 2154 871 2220 artifex
909 2154 1104 2240 impudicus.
1151 2153 1312 2240 Subprior
1351 2151 1486 2218 tandem

262 2234 276 2264 η
316 2233 330 2262 ¹¹
376 2251 382 2263 ’
433 2255 683 2322 Oantuariensis
710 2262 846 2322 vocatus
869 2261 921 2322 est
942 2262 977 2322 et
999 2278 1081 2342 quos
1111 2256 1231 2322 babere
1261 2255 1396 2321 volebat
1416 2276 1486 2318 mo·

328 2435 335 2447 ⁸
432 2358 530 2424 nachi
553 2359 659 2445 pauci.
706 2359 755 2423 Hi
777 2358 939 2424 sedebant
961 2358 1102 2424 demisso
1124 2357 1223 2423 vultu
1246 2357 1304 2422 sed
1319 2356 1487 2442 intrepidi,

432 2466 473 2526 ut
504 2481 582 2526 oves
605 2460 823 2526 immolandae.
867 2460 1142 2547 Archiepiscopus
1172 2465 1284 2525 autem
1318 2480 1392 2524 cum
1420 2457 1488 2522 suis

432 2562 593 2649 episcopis
625 2568 660 2629 et
681 2563 780 2629 Petro
809 2584 869 2627 suo
899 2562 1012 2628 stabat
1049 2584 1091 2627 ex
1121 2562 1267 2627 adverso.
1314 2560 1490 2627 Consumit

1493 1222 1531 1266 Pa
1539 1219 1627 1266 Inviti

432 2769 526 2856 quasi
549 2767 771 2853 spectaculum
794 2767 874 2834 facti
889 2773 969 2832 sunt
983 2767 1063 2846 Deo,
1078 2768 1214 2853 angelis,
1235 2772 1270 2833 et
1291 2723 1488 2834 hominibus
1503 2776 1655 2831 lcorlce.

436 2870 629 2934 Conventus
652 2868 779 2933 interea
809 2868 845 2931 in
868 2868 1003 2933 ecclesia
1033 2868 1229 2934 intendebat
1251 2869 1399 2934 orationi.
1447 2870 1490 2935 In

436 2971 541 3035 veteri
563 2969 774 3035 Testamento
798 2969 969 3055 pugnabat
990 2970 1132 3056 populus
1154 2975 1190 3036 et
1212 2971 1343 3057 Moyses
1365 2973 1488 3038 orabat.

437 3071 543 3137 Hice
567 3092 723 3136 converso
756 3072 909 3157 subprior
928 3072 1110 3159 ,pugnabat
1135 3078 1171 3138 et
1203 3079 1385 3139 conventus
1419 3096 1491 3140 ora·

266 3169 380 3263 mm
438 3175 514 3240 bat:
537 3195 596 3239 rex
635 3179 747 3238 autem
777 3173 940 3239 mediator
978 3179 1057 3251 erat,
1097 3178 1131 3239 et
1156 3174 1301 3241 rationes
1331 3175 1491 3262 archiepi-

268 3270 404 3315 ¹¹¹⁰⁶⁰¹³¹⁰¹·
438 3277 528 3362 scopi
550 3276 594 3340 ad
623 3275 799 3341 monachos
815 3281 850 3341 et
871 3275 1105 3342 monachorum
1135 3298 1290 3364 responsa
1319 3279 1363 3344 ad
1385 3279 1491 3345 archi-

439 3381 627 3465 episcopum
665 3376 836 3455 referebat,
881 3383 1016 3463 eratque
1059 3379 1265 3445 consiliarius
1308 3380 1490 3466 utrobique.

439 3482 576 3547 Diutius
598 3482 712 3567 itaque
743 3503 817 3547 cum
848 3480 1091 3567 archiepiscopo
1122 3487 1157 3547 et
1186 3482 1254 3547 suis
1275 3483 1392 3548 habito
1416 3505 1490 3549 con-

269 3596 388 3699 m,
357 3605 423 3648 rom
440 3586 522 3662 silio,
545 3585 589 3649 ad
618 3582 794 3650 monachos
824 3584 1017 3649 secedens
1007 3605 1044 3647 m
1073 3589 1211 3670 partem,
1233 3585 1268 3649 id
1298 3585 1425 3671 agebat,
1453 3593 1493 3651 ut

269 3697 327 3740 nous
269 3658 408 3790 &wll
441 3686 592 3754 monachi
623 3686 838 3773 appellationi
869 3686 1099 3751 renuntiantes
1128 3686 1266 3752 arbitrio
1292 3689 1452 3753 starent'
1442 3710 1492 3774 rp-

269 3758 374 3890 ‘laps
359 3798 404 3840 ‘nd
440 3790 509 3854 sius
532 3794 567 3854 et
589 3788 814 3874 episcoporum
836 3809 935 3873 super
957 3786 1010 3851 his
1032 3788 1073 3852 de
1096 3788 1216 3872 quibus
1238 3789 1357 3854 iuter
1347 3811 1436 3875 rpsoa
1458 3796 1493 3855 et

269 3851 413 3940 carben.
390 3888 720 3976 naehiepacopurn
760 3895 832 3953 erat
865 3889 1097 3954 controversia.
1145 3889 1299 3956 Monachi
1330 3913 1408 3956 vero
1442 3891 1492 3955 di·

439 3993 558 4058 cebant
588 3992 675 4058 bona
704 4013 774 4057 esse
796 3991 868 4056 haec
897 3991 1088 4070 verbasco
1117 4013 1186 4057 non
1207 3992 1297 4056 illius
1327 3994 1492 4078 temporis.

441 4094 549 4160 (lausa
571 4094 659 4158 enim
682 4092 727 4158 ad
749 4092 920 4157 dominum
943 4114 1063 4180 papam
1094 4093 1255 4158 translata
1277 4093 1345 4159 fuit
1368 4096 1435 4159 et
1420 4117 1492 4180 Jam

439 4197 564 4273 audita,
594 4217 654 4261 nec
684 4200 838 4280 poterant
867 4194 954 4260 hanc
979 4195 1137 4280 injuriam
1168 4194 1301 4260 domino
1331 4217 1426 4282 papae
1449 4197 1492 4260 ir-

271 4309 422 4364 Therreruae.
439 4319 562 4384 rogare,
586 4303 625 4363 ut
647 4297 718 4383 ipso
740 4302 850 4383 spreto
872 4296 1009 4361 alterius
1032 4296 1182 4361 subirent
1199 4296 1371 4381 judicium.
1420 4298 1493 4379 Quo

440 4399 545 4465 relato
576 4399 619 4464 ad
649 4397 929 4485 archiepiscopum
959 4419 1121 4484 responso,
1153 4419 1212 4463 rex
1241 4400 1284 4464 ad
1315 4400 1491 4467 monachos

475 4675 483 4707 ¹
495 4675 551 4740 nec]
567 4689 616 4724 om.
630 4672 659 4725 C.

472 4754 551 4819 ²spo]
567 4759 593 4803 et
604 4769 655 4818 spe,
668 4755 698 4806 C.
