3588 5740
689 921 1015 973 oemsiiisioiiica
1311 908 1376 973 565

321 1103 566 1192 archiepiscopi,
596 1127 618 1171 a
647 1127 713 1192 quo
742 1105 933 1192 malignitas
963 1106 1030 1172 ista
1058 1107 1202 1193 sumpsit
1230 1105 1375 1182 initium,
1405 1116 1537 1173 Aen-11⁹1

322 1207 595 1293 compellerentur
611 1207 864 1275 cantuarienses
887 1208 1040 1275 monaehi
1062 1230 1171 1275 eorem
1185 1231 1261 1296 rege
1275 1207 1376 1274 simul
1387 1181 1497 1277 {ihiiliile

322 1313 358 1373 et
379 1308 577 1395 primoribus
598 1311 640 1376 de
663 1315 735 1377 tota
757 1331 855 1376 causa
876 1311 914 1375 in
937 1311 1079 1377 arbitros
1102 1312 1375 1400 compromittere,
1387 1284 1502 1385 {iiiiiir

322 1430 383 1476 nec
401 1411 446 1477 ad
467 1410 530 1479 hoc
551 1411 663 1499 eliqua
677 1413 836 1479 violentia
850 1413 1001 1478 valerent
1022 1413 1143 1491 induci,
1158 1413 1242 1479 falso
1264 1418 1376 1480 tamen
1386 1386 1445 1429 ¹¹⁹⁸

323 1512 370 1577 eis
385 1512 577 1599 impositum
592 1515 753 1601 estquod
775 1537 850 1582 cum
872 1514 1013 1602 praefato
1035 1514 1248 1582 Baldewin0¹
1271 1515 1378 1581 arehi-

323 1614 474 1702 episcopo
510 1622 581 1682 tam
611 1617 653 1684 de
683 1618 808 1704 capella
844 1618 1074 1684 transferenda
1103 1639 1203 1703 quam
1233 1618 1275 1684 de
1304 1618 1378 1684 eliis

323 1737 430 1783 ceusae
460 1719 614 1805 capitulis
640 1721 775 1807 pacifice
797 1721 1062 1808 composuissent
1108 1720 1208 1786 Unde
1235 1720 1377 1807 quodem

324 1819 382 1885 sed
410 1819 494 1886 falso
523 1822 646 1908 scripto
672 1823 852 1909 composito
881 1823 926 1889 ad
955 1822 1143 1909 exemplum
1170 1828 1204 1888 ot
1229 1822 1378 1888 testimo·

323 1921 417 1985 nium
440 1928 627 2010 temporum
650 1924 839 1990 futurorum
861 1925 997 2011 quidem
1021 1925 1166 2011 episcopi
1188 1924 1298 2011 sigilla
1318 1945 1378 1989 sua

323 2023 473 2091 fecerunt
497 2026 628 2113 apponi.
674 2027 894 2093 deidemnt
919 2027 1082 2113 siquidem
1106 2026 1266 2093 oblivioni
1290 2026 1379 2112 quod

324 2125 484 2211 scriptum
522 2133 582 2206 est,
614 2128 752 2194 “Verbo
788 2129 966 2195 sacerdotis
1003 2136 1064 2195 eut
1092 2151 1173 2195 vera
1202 2135 1283 2194 sunt
1318 2133 1379 2193 eut

224 2272 231 2287 .
261 2232 268 2246 ⁶
326 2235 343 2263 “
365 2227 523 2316 sacrilege
537 2229 573 2309 ;”
601 2235 636 2296 et
666 2230 817 2297 “Falsus
855 2232 951 2297 testis
980 2253 1048 2298 non
1077 2232 1142 2297 erit
1174 2229 1377 2317 inpunitus.”

326 2328 393 2395 sed
414 2330 486 2396 haec
507 2331 596 2397 elias.
636 2330 890 2398 Piaemeditati²
911 2332 1015 2420 igitur
1037 2332 1189 2399 monechi
1214 2337 1249 2398 et
1271 2336 1377 2397 metu·
1389 2342 1542 2447 plima

325 2437 418 2497 entes
448 2433 489 2498 de
518 2433 696 2520 praeteritis
725 2434 847 2512 future,
869 2436 1019 2501 venienti
1045 2436 1159 2501 morbo
1188 2435 1380 2501 maluerunt
1448 2476 1454 2490 ·

325 2556 493 2601 occurrere
518 2556 618 2622 quam
644 2536 802 2623 languido
833 2538 1009 2625 praefocato
1040 2539 1223 2604 subvenire.
1270 2537 1379 2624 Serip-

326 2641 441 2702 serunt
462 2637 576 2723 iteque
597 2637 668 2725 rogi
689 2636 841 2704 litteras³
862 2640 1035 2706 mittentes
1057 2639 1094 2704 in
1115 2640 1206 2705 huno
1227 2640 1379 2706 modurn:

362 2750 504 2808 Rioardo⁴
523 2752 578 2808 Dei
595 2752 691 2823 gratia
706 2752 815 2808 illustri
831 2752 896 2825 regi
906 2751 1034 2823 Angliae,
1048 2758 1113 2817 etc..
1127 2752 1285 2809 (lanfridus
1301 2753 1381 2825 prior
1392 2769 1548 2824 minem

327 2838 345 2863 “
363 2842 394 2891 et
416 2841 576 2892 conventus
593 2836 807 2892 Gantneriensis
830 2837 968 2902 eccleeiae,
987 2837 1110 2892 salutem
1134 2837 1165 2891 in
1189 2837 1232 2891 llo
1250 2837 1306 2907 Qui
1330 2821 1502 2893 dathimtlubt

326 2921 345 2947 “
365 2920 489 2975 eeieeem
518 2919 644 2993 iegibus.
694 2919 809 2976 oeeiiee
831 2920 914 2976 vebis
943 2920 1120 2991 multiplices
1148 2920 1301 2974 referimus
1326 2938 1380 2992 pre
1391 2872 1542 2974 metm

325 3005 345 3030 ⁴‘
363 3003 517 3059 dovotione
534 3021 620 3075 qnam
638 3021 708 3075 erga
727 3003 965 3060 Cantuerionsem
988 3003 1138 3059 ecclesiam
1156 3009 1187 3058 et
1204 3021 1301 3059 servos
1318 2983 1421 3068 ves-{f
1444 3024 1539 3075 meon.

327 3087 346 3113 ‘⁸
365 3092 426 3143 tros
440 3086 472 3141 in
488 3104 524 3142 ea
540 3088 619 3143 Doo⁸
636 3086 793 3143 servientes
811 3087 922 3159 geritis,
935 3085 1027 3142 vitam
1038 3092 1164 3142 vestram
1182 3092 1213 3141 et
1229 3086 1381 3142 incolumi·

328 3172 457 3227 “tatem
482 3171 538 3226 sibi
558 3171 666 3227 servari
687 3171 814 3226 multum
835 3170 1037 3235 desiderantes,
1057 3176 1218 3242 vestraque
1238 3168 1382 3249 yolnntati

328 3256 347 3281 “
368 3259 510 3325 quantum
521 3271 588 3310 cum
600 3255 662 3310 Deo
674 3254 812 3326 possunt⁶
824 3254 941 3310 obedire
956 3259 1080 3326 por-atos.
1100 3253 1257 3325 susceptis,
1266 3252 1383 3309 domine

328 3340 347 3365 ⁴⁴
364 3337 530 3404 reverende,
549 3337 709 3409 mejestatis
731 3345 836 3395 vestroe
865 3339 982 3405 litteris,
1007 3338 1039 3393 in
1064 3338 1167 3410 quibus
1191 3337 1329 3393 laudastis
1352 3343 1384 3393 et

327 3421 550 3478 “consuluistis
577 3427 612 3477 ut
641 3422 673 3477 in
701 3441 730 3478 v.
761 3423 909 3495 episcopos
938 3428 968 3477 et
991 3440 1019 3477 v.
1050 3422 1167 3477 abbates
1196 3420 1382 3494 compromit-

329 3506 347 3533 ‘⁴
367 3511 493 3561 teremns
523 3504 559 3560 de
584 3506 695 3577 capelle
718 3504 754 3562 de
783 3506 911 3561 Lamhee
934 3511 965 3562 et
988 3504 1024 3561 de
1047 3504 1112 3560 aliis
1142 3522 1206 3576 ques
1230 3509 1383 3559 vertuntur

329 3591 347 3617 ‘⁴
367 3589 443 3644 inter
460 3588 655 3644 venerabilem
672 3596 785 3659 patrem
802 3595 934 3643 nostrum
951 3587 1118 3643 Hubertmn
1136 3587 1382 3659 archiepiscopum

329 3675 348 3701 ‘⁴
367 3679 476 3749 etum,
495 3671 546 3726 diu
563 3689 649 3744 snper
665 3673 721 3728 hoc
738 3671 959 3728 deliberavimus
983 3676 1013 3727 et
1036 3671 1162 3725 multum
1185 3669 1382 3735 tractavimus,

329 3763 348 3789 ‘⁴
367 3744 494 3837 r'Jlicet
511 3776 571 3813 non
594 3757 774 3830 ambigamus
791 3775 843 3813 vos
861 3757 903 3812 ita
919 3773 973 3829 pro
996 3757 1072 3811 bono
1090 3754 1169 3827 pacis
1192 3754 1276 3809 nobis
1293 3753 1381 3826 scrip·

328 3847 348 3871 ‘¹
367 3844 445 3909 sisso,
468 3842 633 3899 nullatenus
655 3848 764 3907 tamen,
789 3840 867 3914 quod
890 3841 969 3896 salva
992 3857 1062 3911 pace
1085 3846 1181 3894 vestre
1203 3835 1382 3903 dixerimus‚⁷

259 3982 263 3989 .
328 3934 347 3958 ‘⁴
367 3930 398 3986 id
416 3932 510 3986 lacere
530 3928 668 3984 eudemus
688 3928 754 3983 vel⁸
779 3945 946 4000 pessumum
973 3928 1042 3998 qnia
1060 3943 1160 3981 omnes
1177 3926 1237 3981 lere
1255 3925 1382 3997 episcopi
1394 3935 1464 3981 nimir

329 4019 347 4043 “
367 4015 485 4087 Anglioe
514 4019 545 4070 et
574 4014 690 4069 abbates
713 4014 756 4069 ita
785 4013 822 4068 ad
850 4013 961 4069 curiam
991 4013 1152 4067 seminem
1181 4029 1235 4083 pro
1264 3987 1529 4089 domino'rgffissfgf‘

330 4103 348 4128 ‘⁴
368 4099 582 4172 archiepiscopo
612 4099 798 4170 seripserunt,
817 4097 905 4170 quod,
924 4098 950 4154 si
974 4103 1090 4170 possent
1113 4114 1148 4151 ea
1170 4096 1292 4169 probare
1317 4115 1382 4167 quc

329 4186 348 4211 ‘⁶
368 4190 469 4240 contra
490 4200 543 4238 noe
566 4187 596 4238 et
618 4181 769 4238 ecclesiam
794 4181 1028 4238 Cantumiensem
1052 4180 1227 4245 scribuntur,
1245 4184 1276 4235 et
1298 4196 1384 4235 cansa

330 4268 349 4296 “
368 4272 467 4323 nostra
489 4265 605 4338 penitus
629 4271 796 4332 cassaretur,
822 4271 853 4321 et
875 4265 995 4322 ecclesia
1018 4264 1232 4322 Oantnariensis
1255 4262 1381 4319 destrue·

362 4496 371 4529 1
383 4489 830 4561 Bfflmowmfflmffimss,
874 4485 930 4530 text
940 4478 970 4530 of
982 4478 1039 4530 MS.
1050 4478 1085 4528 A.
1096 4476 1143 4527 lios
1160 4478 1224 4527 been
1244 4476 1382 4528 corrected.

363 4588 374 4622 2
387 4585 575 4653 Pmffmq
589 4584 788 4647 Pam-m,
801 4577 847 4637 Q·
875 4559 1024 4625 apparently
1035 4557 1100 4607 from
1112 4556 1157 4605 tte
1167 4550 1282 4606 elisind-

365 4680 500 4748 Uitam]
516 4680 633 4739 litteram,
645 4679 680 4730 Δ,
691 4679 721 4729 Β.
910 4637 1210 4782 :Dofflnff‘ffmtss

365 4774 375 4806 ⁴
387 4772 512 4839 mm]
529 4772 578 4823 3²0
588 4768 710 4863 Εῐζὶὓωιω
724 4750 845 4821 cmm:
912 4732 1255 4861 idxeiemqoiixidm'o

330 4856 440 4915 semei.
451 4855 502 4908 No.
513 4854 646 4911 cccclxxi.
656 4866 681 4916 p·
691 4854 751 4902 ⁴³⁷·
778 4848 836 4900 'Phe
914 4873 988 4943 οωι]
1003 4882 1038 4937 et,
1049 4874 1080 4928 ο,
