3572 5744
411 903 454 975 74
610 924 772 974 cnnvssn
795 923 955 976 uorrcnr
978 923 1254 976 cmuciamusn

238 1132 371 1180 suession
409 1121 426 1147 “
450 1112 536 1179 ensis
559 1117 788 1203 episcopusin
810 1118 946 1183 ecclesia
977 1117 1102 1184 Christi
1127 1118 1324 1186 Oantuariae.
1380 1119 1462 1185 Erat

237 1184 354 1331 {lffim
409 1224 426 1250 “
449 1218 538 1282 enim
560 1223 641 1285 tunc
672 1221 830 1307 temporis
852 1194 897 1285 in'
920 1220 1043 1307 Anglia
1076 1221 1265 1308 apostolicae
1298 1222 1385 1288 sedis
1414 1222 1460 1287 lo-

355 1318 361 1330 '
408 1327 425 1351 “
447 1325 553 1405 gatus,
599 1321 666 1387 Hic
688 1322 828 1388 Romam
851 1322 1025 1409 profectus,
1040 1330 1191 1410 suscepto
1213 1323 1314 1409 pallio
1329 1345 1351 1390 a
1374 1345 1460 1411 papa

407 1430 424 1455 “
448 1422 650 1503 Innocentio,
682 1424 897 1499 cantuariam
931 1448 1081 1492 reversus
1113 1433 1171 1492 est.
1233 1427 1316 1493 Erat
1347 1433 1459 1494 autem

406 1533 424 1557 ‘⁴
446 1530 527 1591 tunc
548 1529 706 1615 temporis
731 1529 896 1595 Henricus
916 1529 1157 1596 Wintoniensis
1180 1530 1354 1618 episcopus
1380 1552 1458 1617 apo-

405 1635 422 1661 “
445 1629 569 1696 stolicae
592 1631 678 1697 sedis
700 1631 737 1695 in
760 1632 883 1718 Anglia
905 1632 1043 1719 legatus,
1066 1656 1104 1699 eo
1127 1633 1216 1719 quod
1247 1640 1334 1699 esset
1356 1634 1458 1699 frater

405 1738 422 1763 “
444 1732 531 1817 regis
565 1732 736 1819 Stephani,
766 1738 801 1798 et
822 1739 962 1799 vacante
996 1735 1072 1800 sedo
1103 1735 1337 1801 Cantuarionsi
1369 1735 1457 1822 lega-

234 1903 249 1932 ο
271 1853 315 1884 em
331 1855 375 1887 ¹1³
404 1840 421 1866 “
445 1833 535 1899 tione
557 1834 757 1921 fungeretur.
803 1835 957 1901 Monachi
990 1841 1102 1901 autem
1126 1837 1242 1903 Sancti
1264 1836 1455 1924 Augustini,

247 1921 305 1987 ine'b
373 1943 421 2039 f“
444 1932 684 2022 depressionem
707 1936 955 2003 Cantuariensis
977 1938 1120 2005 ecclesiae
1143 1939 1325 2016 molientes,
1347 1940 1455 2025 queri·

232 2006 378 2133 ”sibl
403 2045 420 2071 “
443 2039 587 2104 moniam
624 2040 846 2126 deposuerunt
879 2038 915 2104 in
956 2041 1134 2126 praesentia
1155 2040 1306 2127 praedicti
1331 2030 1454 2128 legati,

269 2144 289 2186 ³⁰
301 2208 331 2239 en
343 2110 391 2191 ¹11⁰:
403 2147 420 2173 “
443 2140 588 2207 dicentes
620 2164 655 2207 se
682 2142 824 2223 multum
847 2143 979 2228 gravari
1006 2143 1042 2207 in
1064 2143 1221 2232 pensione
1244 2143 1453 2222 sinodalium,
1526 2184 1528 2195 ι

261 2245 302 2339 „³¹ss
334 2309 363 2341 nn
400 2250 419 2275 “
440 2241 566 2309 scilicet
580 2244 822 2330 quinquaginta
842 2243 1019 2310 solidorum
1035 2250 1070 2309 et
1092 2251 1217 2331 septem
1236 2245 1452 2323 denariorum

231 2356 256 2439 fu
273 2358 299 2439 a
319 2328 372 2392 ἐν·
401 2351 418 2375 “
441 2365 522 2428 quos
552 2345 689 2412 sacrista
712 2345 827 2412 Sancti
850 2345 1030 2432 Augustini
1054 2345 1194 2434 singulis
1216 2347 1314 2414 annis
1336 2348 1451 2414 afferre

400 2452 417 2477 “
440 2445 567 2511 solebat
597 2447 640 2513 ab
672 2447 808 2536 antiquo
841 2469 939 2533 super
970 2448 1074 2514 altare
1106 2447 1241 2515 Christi.
1287 2448 1452 2515 Dicebant
1534 2485 1538 2491 ·

399 2555 416 2580 “
438 2553 599 2633 praetores
620 2571 654 2615 se
676 2571 810 2636 gravem
833 2550 1005 2615 servitutis
1024 2550 1256 2616 contumeliam
1280 2551 1450 2628 sustinere,

398 2658 415 2683 “
438 2674 477 2717 eo
499 2652 588 2737 quod
619 2653 758 2741 singulis
790 2653 886 2718 annis
919 2654 956 2718 in
979 2653 1085 2719 Ooena
1115 2653 1252 2719 Domini
1284 2654 1450 2720 solverent

398 2760 414 2786 “
437 2753 565 2833 arietes,
599 2756 701 2841 panes
733 2760 767 2820 et
801 2760 917 2842 potum
949 2754 1092 2822 ecclesiae
1123 2754 1258 2820 Christi.
1313 2756 1376 2821 His
1408 2756 1449 2822 de

397 2863 414 2890 “
437 2857 543 2922 causis
565 2852 662 2922 inter‘
675 2858 757 2923 duas
779 2857 929 2924 ecclesias
953 2857 1177 2924 controversia
1191 2857 1317 2923 diutius
1339 2859 1449 2925 venti·

397 2967 413 2991 “
437 2958 514 3037 lata,
537 2959 599 3026 hoc
621 2960 756 3026 tandem
779 2982 821 3025 ex
856 2960 1027 3047 utriusque
1060 2960 1165 3047 partis
1197 2983 1357 3027 consensu
1380 2962 1447 3028 fine

276 3056 295 3102 ‘¹
395 3070 412 3095 ‘⁸
435 3063 633 3147 conquievit,
649 3068 688 3127 ut
703 3062 838 3129 ecclesia
854 3062 1102 3140 Cantauriensis
1123 3063 1273 3129 obtineat
1296 3065 1362 3131 duo
1377 3088 1446 3131 mo-

330 3173 345 3205 ⁰
395 3173 411 3198 “
435 3165 570 3232 lendina
598 3188 672 3252 quae
706 3166 838 3249 fuerant
867 3166 1010 3232 ecclesiae
1037 3166 1151 3232 Sancti
1181 3167 1363 3254 Augustini
1387 3190 1446 3255 pro

315 3275 352 3311 ⁰¹²·
395 3276 411 3301 “
434 3267 475 3331 1¹⁸
504 3268 617 3334 solidis
647 3275 682 3334 et
719 3267 822 3354 ,gum
853 3268 1003 3334 donariis.
1065 3268 1128 3334 Pro
1160 3269 1320 3335 arietibus
1358 3293 1444 3349 vero,

394 3379 411 3405 “
433 3371 574 3457 panibus
596 3377 632 3438 et
653 3378 743 3458 potu,
759 3370 813 3436 vel
835 3371 942 3437 tribus
962 3371 1076 3437 solidis
1094 3372 1152 3457 qui
1174 3393 1234 3459 pro
1256 3372 1323 3438 illis
1341 3395 1444 3459 quan-

393 3482 411 3509 “
434 3475 540 3560 doque
577 3475 798 3552 solvebantur,
837 3474 1093 3562 assignaverunt
1130 3475 1274 3541 ecclesiae
1319 3475 1443 3542 Christi

392 3583 410 3610 “
433 3576 598 3642 redditum
621 3577 723 3641 trium
738 3573 921 3665 solidorum,
939 3581 974 3641 et
995 3582 1116 3641 torrem
1140 3576 1228 3642 unde
1251 3584 1442 3657 sumeretur,

391 3686 409 3711 “
431 3677 481 3744 ita
502 3679 591 3765 quod
613 3679 654 3744 dc
677 3683 794 3745 caetero
817 3677 952 3744 ecclesia
975 3677 1101 3743 Christi
1124 3679 1298 3764 praedictos
1321 3680 1363 3744 ll·
1391 3703 1442 3747 so-

390 3781 514 3847 “lidos
540 3788 575 3847 et
607 3787 733 3869 septem
766 3781 924 3859 denarios,
947 3803 1008 3846 nec
1039 3788 1106 3846 tres
1140 3781 1260 3847 solidos
1294 3782 1351 3868 qui
1382 3805 1442 3870 pro

390 3891 407 3917 “
420 3883 590 3949 ¹arietibus
612 3883 834 3961 solvebantur,
858 3883 912 3949 vel
935 3882 1037 3948 aliurn
1053 3882 1228 3961 redditum,
1244 3883 1285 3948 de
1308 3884 1442 3952 ecclesia

389 3986 544 4052 “Sancti
575 3986 755 4074 Augustini
787 4007 854 4051 non
884 3986 1005 4073 exigat,
1027 3985 1121 4050 salva
1151 3985 1187 4050 in
1210 3986 1336 4052 caeteris
1358 3988 1440 4052 utri-

277 4157 282 4166 ,
313 4106 336 4150 ἰι
389 4098 405 4123 “
429 4111 532 4176 usque
555 4088 698 4155 ecclesiae
720 4089 892 4175 dignitato.
939 4088 1022 4155 Haec
1057 4087 1147 4175 pacis
1178 4088 1287 4175 pactio
1310 4090 1440 4177 scriptis

250 4168 257 4199 ¹
294 4170 371 4251 oon-⁰
388 4201 405 4226 “
428 4199 463 4257 et
485 4192 668 4279 privilegiis
700 4192 832 4277 utrique
864 4191 1007 4257 ecclesiae
1033 4191 1227 4256 confirmata
1248 4198 1307 4256 est.
1365 4192 1439 4259 Fie-

387 4304 405 4330 “
427 4294 510 4360 bant
539 4294 611 4361 haec
637 4295 749 4361 omnia
785 4295 946 4360 instinctu
983 4292 1153 4378 cujusdam
1185 4292 1343 4359 Willelmi
1380 4296 1438 4381 qui

310 4472 316 4483 ¹
387 4405 404 4432 ⁴‘
427 4419 528 4484 nepos
550 4403 621 4463 erat
652 4397 782 4463 abbatis
805 4403 840 4462 et
870 4395 1012 4463 coenobii
1043 4416 1157 4461 causes
1183 4395 1309 4483 agebat
1356 4397 1438 4463 Erat

386 4510 403 4535 “
426 4505 537 4565 autern
560 4500 615 4566 hic
630 4500 815 4565 Willelmus
838 4504 1053 4586 cognomento
1068 4497 1228 4563 Diabolus
1244 4499 1435 4585 appellatus,

349 4638 352 4645 ·
385 4602 547 4667 “artifex
576 4601 810 4667 subtilissimus
837 4604 873 4665 et
903 4621 1064 4666 novarum
1097 4621 1207 4665 rerum
1238 4600 1436 4668 adinventor

247 4756 252 4769 .
383 4713 401 4739 ‘¹
424 4704 649 4791 peritissimus.
696 4702 770 4781 Hic,
793 4724 867 4768 cum
891 4707 977 4767 esset
999 4701 1101 4767 totius
1115 4701 1294 4769 -discordiae
1324 4702 1434 4769 incen-

383 4815 400 4843 “
424 4814 476 4873 tor
497 4808 612 4896 primo,
635 4806 761 4894 primus
776 4805 878 4894 eoepit
900 4806 943 4871 de
964 4804 1147 4892 privilegiis
1170 4805 1316 4894 antiquie
1335 4806 1433 4894 jacti⁴
