3572 5744
703 941 815 990 orsus
836 942 1026 993 nrerosros
1327 929 1391 998 117

169 1127 210 1206 {L
221 1125 303 1205 Eunt·
343 1129 448 1186 divisio
465 1148 563 1186 eornm
582 1130 613 1186 in
631 1130 688 1186 tria
705 1130 830 1187 devenit.
865 1130 928 1187 Alii
945 1148 1070 1204 namque
1087 1149 1187 1188 eorum
1205 1132 1293 1189 occisi
1310 1138 1390 1199 eunt,
1419 1130 1542 1225 &3¹21ss-

166 1195 215 1243 ¹¹¹²
227 1208 281 1244 ⁷¹¹¹·
344 1209 395 1266 alii
412 1209 499 1282 cepti,
511 1210 562 1266 alii
579 1211 764 1281 aufugerunt.
800 1211 887 1267 Acies
900 1224 979 1268 vero
997 1211 1045 1267 cni
1062 1211 1278 1284 principabatur
1295 1228 1390 1267 comes
1402 1184 1534 1276 mhi,

165 1260 204 1312 ‘⁰⁴
217 1266 275 1312 ²²⁴·
344 1287 380 1344 <10
397 1289 562 1345 numeru
579 1296 609 1345 a
627 1290 790 1346 willelmus
807 1291 947 1363 Yprensir
967 1291 1109 1364 percussit
1120 1290 1277 1356 warena,
1297 1291 1347 1361 qui
1373 1282 1537 1345 ,annau

343 1371 432 1428 latere
457 1373 659 1445 procedebant,
687 1381 717 1430 et
742 1375 774 1429 iu
798 1375 899 1446 fugam
927 1373 1030 1445 coegit.
1073 1372 1131 1428 Sed
1160 1373 1236 1430 acies
1263 1373 1391 1430 consulis

342 1455 501 1512 Castrensis
519 1457 641 1529 perculit
665 1457 812 1512 cohortem
831 1457 965 1527 praedioti
993 1456 1119 1522 comitis,
1140 1462 1171 1513 et
1188 1457 1328 1530 dissipata
1346 1462 1391 1514 est

341 1534 374 1589 iu
390 1542 537 1607 momento
554 1536 630 1593 sicut
646 1538 722 1593 acies
748 1537 834 1609 prior.
872 1533 1034 1609 Fugerunt
1058 1552 1127 1606 ergo
1154 1553 1253 1592 omnes
1277 1536 1390 1607 equites

340 1614 430 1685 regis,
448 1620 478 1670 et
496 1615 658 1672 Willelmue
677 1616 824 1690 Yprensis,
851 1617 896 1671 vir
917 1635 1033 1688 magnae
1051 1614 1211 1687 probitatis.
1249 1614 1390 1684 Quicum

340 1700 414 1749 eeset
431 1694 500 1749 belli
526 1695 719 1766 peritissimus
738 1708 832 1752 suam
850 1696 952 1752 videns
978 1694 1254 1767 impossibilitatem,
1273 1693 1390 1750 distulit

340 1772 404 1842 regi
433 1772 573 1828 auxilinm
603 1791 687 1829 enum
718 1776 749 1830 in
779 1783 912 1846 tempora
940 1775 1071 1831 meliora.
1108 1773 1169 1832 Res
1200 1773 1299 1844 itaquo
1326 1773 1389 1829 Ste-

340 1849 453 1923 phanus
473 1868 540 1907 cnm
558 1854 619 1908 acie
643 1872 696 1910 sua
715 1855 848 1927 pedester
873 1854 991 1911 relictus
1018 1859 1062 1909 est
1088 1852 1120 1906 in
1137 1852 1234 1908 medio
1258 1853 1390 1929 hostium

341 1930 582 2019 circumseptus.
620 1940 802 1999 circuierunt
814 1943 907 2015 igitur
924 1959 991 1997 eum
1007 1947 1037 1998 et
1055 1934 1306 2019 circumquaque
1328 1935 1389 1998 im·

341 2030 520 2100 pugnabant,
539 2029 616 2085 sicut
639 2029 790 2085 castellum
809 2030 882 2085 solet
900 2023 1090 2108 expugnari.
1127 2030 1208 2085 Tunc
1232 2047 1300 2086 vero
1324 2031 1390 2085 hor·

342 2108 425 2164 rendi
454 2108 523 2165 belli
552 2109 655 2164 faciem
685 2107 798 2165 videres
827 2109 858 2164 in
888 2110 1014 2166 circuitu
1043 2110 1149 2181 regalis
1178 2109 1259 2171 aciei,
1289 2109 1389 2180 iguem

341 2191 538 2262 prosilientem
568 2209 602 2247 ex
628 2191 776 2261 galearum
802 2199 832 2248 et
862 2193 1025 2264 gladiorum
1050 2192 1209 2258 collisione,
1236 2192 1389 2248 stridorem

342 2274 518 2330 horrendum
535 2280 565 2331 et
583 2274 740 2331 terrificum
758 2276 923 2331 clamorem.
960 2276 1144 2333 Resonabant
1162 2276 1259 2341 colles,
1276 2293 1390 2333 resona·

342 2351 414 2408 bant
434 2346 579 2432 undique
602 2354 735 2409 muralia.
773 2354 890 2427 impetn
918 2356 1009 2427 igitur
1026 2372 1166 2427 equorum
1183 2355 1310 2426 regalem
1328 2362 1390 2412 tur·

343 2449 421 2488 mam
434 2434 617 2500 offendentes,
632 2432 770 2505 quosdam
783 2433 940 2499 cadebant,
953 2436 1026 2491 alios
1045 2433 1222 2498 sternebant,
1236 2436 1391 2492 nonnullos

343 2518 500 2576 abstractos
517 2518 676 2590 capiebant.
713 2516 804 2572 Nulla
821 2517 863 2573 eis
881 2519 971 2590 quies,
989 2518 1072 2574 nulla
1087 2516 1240 2589 respiratio
1258 2517 1389 2586 dabatur,

342 2611 399 2667 nisi
416 2611 448 2665 in
465 2629 499 2667 ea
523 2616 604 2683 parte
622 2626 679 2680 qua
695 2626 746 2663 rex
763 2608 938 2666 fortissimus
957 2610 1066 2674 stabat,
1085 2607 1272 2664 horrentibus
1290 2603 1390 2669 etiem

341 2701 468 2758 inimicis
497 2699 753 2773 incomparabilem
783 2691 885 2755 animi
920 2700 983 2772 ejus
1012 2693 1173 2756 virtutem
1207 2695 1242 2755 ei
1279 2698 1391 2756 ictuum

343 2787 561 2844 immanitatem.
598 2783 682 2854 Quod
709 2783 760 2838 ubi
789 2804 884 2843 comes
910 2786 1079 2854 Castrensis,
1106 2778 1227 2845 nobilis
1263 2779 1319 2844 ille
1357 2786 1392 2846 et

342 2867 545 2933 admirabilis
568 2863 764 2940 Rnnnulqu,
779 2876 927 2948 comperit,
947 2875 1026 2947 regis
1043 2876 1176 2932 invidens
1194 2876 1305 2947 gloriae‚
1323 2895 1391 2933 cnm

343 2965 423 3020 omni
440 2963 565 3036 pondero
582 2967 758 3018 armatorum
783 2962 869 3018 irruit
893 2963 925 3018 in
950 2981 1024 3021 enm.
1061 2964 1143 3020 Tunc
1163 2977 1240 3021 vero
1257 2967 1392 3038 apparuit

343 3051 436 3107 virtus
460 3051 537 3123 regie
562 3049 710 3111 fulminea,
738 3048 858 3122 bipenni
884 3051 1010 3107 maxima
1035 3050 1243 3131 prosternens
1267 3054 1332 3120 hos,
1357 3052 1392 3112 et

343 3130 463 3196 diruens
481 3139 554 3194 illos.
590 3136 671 3191 'I'unc
697 3152 789 3191 novus
815 3137 907 3193 oritur
932 3139 1048 3207 clamor,
1076 3158 1175 3198 omnes
1200 3136 1332 3200 irruunt
1359 3145 1390 3199 in

342 3242 461 3308 regem,
484 3223 519 3284 et
540 3238 599 3283 rex
621 3214 715 3301 quaei
738 3215 922 3304 intrepidus
952 3220 1104 3286 omnibus
1126 3222 1273 3290 restitit}
1316 3233 1391 3289 Tau·

343 3317 409 3374 dem
447 3316 530 3389 regia
559 3312 692 3386 bipennis
724 3329 759 3368 ex
799 3308 1007 3374 immanitate
1046 3318 1158 3374 ictuum
1189 3323 1390 3395 frequentium

343 3405 489 3461 confracta
517 3410 570 3459 est.
606 3401 673 3475 Ipse
703 3400 814 3465 autem
846 3397 1084 3475 incunctanter,
1118 3407 1263 3465 abstracto
1280 3410 1389 3481 gladio,

343 3492 444 3549 dextra
460 3484 609 3569 laevaque
632 3511 694 3550 rem
718 3494 892 3552 mirabiliter
918 3496 991 3567 agit,
1018 3495 1109 3551 donec
1128 3500 1158 3550 et
1179 3488 1249 3574 ipse
1274 3498 1390 3568 gladius

343 3581 507 3638 confirmae
519 3594 586 3637 non
608 3574 769 3642 modicam
791 3575 930 3641 incussit
945 3575 1213 3662 desperationem.
1250 3585 1334 3656 Quod
1347 3586 1390 3641 ri·

344 3671 413 3728 dens
425 3674 589 3731 Wiilelmns
602 3674 638 3730 de
656 3676 815 3744 Kahaines,
831 3678 915 3734 miles
927 3676 1132 3742 validissimus,
1146 3677 1233 3734 irruit
1244 3679 1276 3734 in
1291 3695 1391 3750 regern

343 3764 441 3830 quem
464 3746 600 3811 videbat
621 3747 788 3827 inermem,
811 3763 925 3812 etcum
944 3755 1027 3827 galea
1044 3755 1184 3826 arripiens
1201 3774 1392 3828 vooemagna

343 3841 481 3899 clamavit
503 3842 538 3901 et
559 3835 655 3915 dixit,
679 3848 776 3902 “an
803 3862 912 3908 omnes,
935 3842 1002 3908 hnc,
1028 3858 1127 3911 regem
1145 3842 1257 3898 teneo.”
1292 3843 1390 3899 Advo-

330 3928 405 3987 ·lant
422 3931 513 4002 igitur
530 3950 639 4000 omnes,
659 3941 689 3992 et
706 3954 766 3999 rex,
779 3928 913 4010 accepto
935 3922 971 3986 in
994 3921 1101 4007 eapite
1122 3920 1267 4000 vulnere,
1285 3940 1391 4004 captus
1404 3945 1523 4001 nneking

344 4014 484 4090 tenetur,
514 4020 548 4080 et
570 4012 819 4102 diligentissime
853 4011 1045 4080 custoditur.
1090 4016 1205 4100 Captus
1227 4019 1278 4079 eet
1302 4021 1391 4077 etiam
1404 3996 1514 4099 iffi,

344 4108 526 4166 Baldewinus
550 4102 606 4168 ille
628 4113 679 4184 qui
704 4115 862 4168 orationem
888 4112 1005 4174 fecerat,
1031 4111 1132 4169 multis
1158 4114 1306 4170 confossus
1329 4109 1392 4165 rul-

343 4199 470 4267 neribus,
513 4204 564 4259 nbi
599 4205 716 4277 egregio
759 4201 919 4261 resistendo
966 4200 1091 4272 gloriam
1134 4203 1242 4260 meruit
1288 4199 1391 4272 sempi-

344 4285 465 4335 ternam.
511 4282 625 4357 Captus
656 4283 707 4342 est
729 4286 816 4341 etiem
842 4277 983 4335 Ricardns
1001 4280 1078 4338 filius
1095 4283 1174 4350 Ursi,
1194 4284 1245 4356 qui
1272 4282 1304 4337 in
1329 4279 1393 4335 icti·

343 4368 399 4425 bus
424 4369 525 4428 dandis
552 4378 582 4427 et
606 4372 779 4444 recipiendis
815 4375 956 4449 apparuit
988 4371 1146 4443 gloriosus.
1192 4363 1291 4450 Capti
1314 4364 1394 4426 sunt

344 4461 402 4528 alii
439 4464 548 4550 plures
587 4487 724 4550 quorum
762 4466 904 4543 nomina,
936 4471 976 4530 ut
1012 4487 1093 4543 reor,
1128 4465 1247 4532 inutile
1285 4462 1392 4531 esset⁸

708 4656 982 4665 ιω..-
1289 4657 1385 4664 ——.-

380 4780 388 4814 ¹
400 4780 438 4847 et]
453 4797 504 4832 om.
516 4782 546 4834 C.
924 4781 1020 4848 θωπί]
1035 4789 1082 4843 est,
1093 4782 1123 4834 0.

379 4861 390 4895 ²
400 4862 502 4929 restitit]
517 4861 619 4922 mietit,
631 4862 661 4914 C.
