3662 5728
286 1102 342 1147 ..hD.
327 1106 414 1210 1111147.

271 1997 393 2101 reru·

272 2103 373 2144 7771177117

276 2823 400 2869 1177771717

275 2887 364 2968 praecepm
353 2874 410 2975 Β711

279 3437 317 3481 He
325 3446 402 3481 7777111

277 3486 430 3686 thr-stiam
352 3536 411 3580 711177

434 887 502 963 136
637 899 798 951 77777711
822 898 1279 951 1177177171117717777777

438 1085 641 1172 Septembris
676 1088 915 1153 observandam
946 1088 1170 1207 promulgavit
1206 1081 1503 1205 archiepiscopus.¹·

439 1391 615 1456 monachos
637 1391 826 1485 Nigellum
831 1399 866 1460 et
888 1393 1088 1460 Absalonem
1111 1394 1154 1459 ad
1177 1393 1348 1460 dominum
1370 1412 1490 1478 papam

438 1493 607 1558 miserunt.
654 1487 802 1575 Quonim
833 1496 998 1561 adventus
1029 1517 1161 1562 oausam
1184 1516 1259 1561 cum
1290 1515 1377 1582 papa
1407 1492 1493 1558 didi·

439 1594 543 1671 777777
560 1594 718 1681 praecepit
736 1595 784 1661 eis
806 1602 845 1660 ut
860 1596 995 1661 domum
1017 1597 1170 1674 redirent,
1194 1602 1229 1677 77
1250 1593 1492 1680 archiepiscopo

439 1717 498 1782 per
534 1695 647 1761 71711177
684 1696 863 1762 obedirent.
911 1697 1044 1764 Interea
1075 1697 1228 1764 homines
1258 1695 1492 1783 neffiepiseopi

439 1796 666 1863 777777771777
695 1798 937 1884 premebantur,
960 1804 996 1864 77
1026 1798 1175 1865 redditus
1206 1798 1310 1885 ipsius
1331 1794 1493 1882 archiepi-

440 1899 529 1984 scopi
562 1920 583 1963 a
613 1899 712 1986 regiis
735 1901 943 1966 exactoribus
968 1905 1047 1967 ante
1080 1901 1239 1967 terminos
1269 1899 1491 1987 rapiebantur.

441 2001 590 2066 Audiens
612 2007 726 2069 autem
755 2002 1017 2090 archiepiscopus
1049 2003 1211 2081 indoluit,
1225 2003 1402 2089 volensque
1422 2000 1493 2065 suis

441 2107 620 2187 utcumque
646 2103 831 2181 subvenire,
850 2103 966 2171 relicto
989 2104 1111 2171 Sancto
1134 2105 1323 2170 Audomaro
1345 2103 1389 2170 ad
1418 2122 1492 2189 por-

440 2207 514 2268 tum
537 2204 578 2270 de
593 2204 819 2292 Graveninges
835 2227 924 2271 mare
946 2226 1020 2271 cum
1043 2206 1111 2270 suia
1126 2205 1275 2283 intravit,
1289 2211 1325 2272 77
1339 2223 1492 2292 prospero

441 2327 538 2371 cursu
561 2306 597 2371 in
631 2312 719 2372 terra
749 2308 879 2373 comitia
909 2307 1062 2395 Hugonis
1085 2308 1192 2396 Bigod
1213 2308 1303 2396 apud
1335 2305 1493 2375 Goseford

442 2407 610 2495 applicuit
673 2409 737 2475 cui
775 2431 946 2476 occurrens
983 2411 1071 2477 idem
1110 2432 1217 2477 7717177
1256 2432 1330 2477 cum
1373 2428 1493 2495 magno

442 2532 519 2576 eum
551 2512 695 2598 suscepit
726 2511 858 2590 honore,
889 2518 925 2579 et
955 2513 1114 2597 quamdiu
1144 2514 1180 2578 in
1212 2518 1301 2579 77777
1331 2534 1392 2578 sua
1424 2531 1493 2576 esse

443 2612 559 2690 voluit,
575 2613 689 2678 sedulo
711 2615 893 2680 necessaria
914 2615 1139 2696 ministravit3
1160 2620 1288 2682 statuto
1300 2621 1412 2681 autem
1427 2618 1492 2678 ter-

443 2713 534 2780 mino
549 2719 656 2780 totam
679 2720 801 2781 77777111
817 2738 892 2801 quae
909 2716 996 2802 regis
1019 2716 1157 2802 imperio
1179 2717 1371 2802 subjacebat
1392 2714 1493 2778 inter·

444 2816 540 2893 dixit,
564 2838 625 2881 nec
646 2837 668 2882 a
689 2817 855 2882 sententia
876 2817 1015 2894 destitit,
1031 2817 1134 2882 donec
1156 2817 1307 2903 episcopi,
1331 2815 1495 2882 Robertus

445 2917 570 2982 scilicet
597 2917 843 2994 londoniensis,
873 2917 1034 3003 Hylarius
1065 2918 1286 2995 Cicestrensis,
1309 2915 1495 2981 Willelmus

447 3019 678 3096 Norwicensis,
708 3019 883 3106 pluresque
913 3019 972 3085 alii
998 3019 1125 3085 nobiles
1156 3020 1199 3085 ad
1230 3040 1305 3085 eum
1344 3017 1496 3083 venirent

445 3119 482 3183 in
509 3118 687 3185 Northfolc
715 3119 805 3206 apud
831 3119 1126 3208 Framelingeham,
1153 3120 1325 3186 castellum
1358 3117 1495 3194 comitis,

447 3225 482 3285 et
504 3220 648 3298 tandem,
676 3221 764 3286 inter
786 3221 894 3307 ipsum
917 3227 952 3287 et
974 3244 1083 3309 regem
1106 3243 1185 3310 pace
1208 3220 1395 3308 composita,
1419 3218 1496 3284 inde

447 3320 544 3385 illum
566 3342 642 3387 cum
664 3320 786 3387 honore
808 3327 844 3388 et
865 3321 986 3388 laetitia
1008 3322 1223 3389 Omtuariem
1245 3322 1451 3389 deducerent

402 3456 411 3469 ·
490 3423 643 3488 Audiens
665 3430 777 3489 autem
801 3424 1063 3513 archiepiscopus
1084 3425 1260 3492 monachos
1290 3424 1405 3492 Sancti
1427 3424 1498 3487 Au·

449 3525 577 3612 grrstini
614 3525 828 3592 interdictum
865 3548 962 3591 suum
1007 3527 1248 3614 contempsisse,
1286 3532 1321 3592 et
1357 3526 1400 3591 ob
1436 3524 1498 3590 hoc

361 3600 494 3693 usu*ad
532 3626 719 3693 Romanum
763 3629 951 3714 pontificem
990 3629 1126 3707 misisse,
1162 3629 1205 3695 de
1242 3628 1367 3695 domini
1404 3647 1499 3715 papae

448 3729 674 3796 benivolentia
706 3752 847 3808 securus,
882 3732 1083 3797 sententiam
1113 3753 1207 3797 suam
1238 3731 1443 3850 aggravavit,
1465 3734 1500 3795 et

449 3815 602 3920 prefatis
634 3833 810 3900 monachos
841 3835 1159 3916 excommunicavit3
1196 3836 1339 3900 maxime
1377 3832 1498 3898 Silves-

449 3933 570 3999 trum²
614 3935 756 4021 priorem
803 3957 916 4000 eorum
953 3942 988 4002 77
1036 3886 1240 4002 Willelinum
1286 3939 1500 4022 cognomento

449 4037 628 4103 Diabolum
660 4037 791 4103 abbatis
824 4037 977 4125 Hugonis
1010 4045 1195 4125 cognatum,
1219 4039 1277 4124 qui
1308 4043 1499 4104 caeterorum

451 4139 550 4205 duces
581 4138 718 4205 fuerunt
748 4144 783 4205 et
817 4139 1007 4207 incentores.
1054 4139 1363 4207 Excommunicavit
1399 4140 1500 4204 etiam

451 4263 563 4306 7771177
595 4241 652 4326 qui
686 4246 832 4328 tempore
855 4242 1023 4309 interdicti
1046 4243 1162 4309 divina
1183 4243 1347 4308 intereos
1369 4262 1500 4326 accepe-

452 4348 529 4408 rant
551 4349 762 4408 sacramenta
814 4342 952 4409 Confusi
974 4345 1086 4430 itaque
1109 4344 1270 4422 monachi,
1293 4350 1327 4408 et
1349 4342 1501 4409 omnibus

451 4443 546 4529 quasi
577 4444 813 4510 abominabiles
845 4445 962 4524 effecti,
994 4447 1076 4511 duos
1110 4447 1230 4511 iterum
1260 4443 1436 4510 monachos
1457 4442 1501 4508 ad

451 4546 622 4611 dominum
645 4568 765 4633 papam
787 4548 956 4625 miserunt,
979 4554 1019 4613 ut
1052 4548 1237 4616 inconsulto
1259 4546 1501 4633 archiepiscopo

631 4728 702 4733 -υ,
742 4728 748 4733 .
776 4728 805 4733 ...
817 4728 1136 4735 -----—-..—..-—.-..--.-

487 4825 720 4894 ‘archiepiscopum
735 4843 784 4878 om.
797 4828 828 4888 C,
970 4826 976 4894 Ι
1032 4825 1216 4894 3871777777]
1232 4826 1386 4891 silvestrem,
1397 4826 1428 4880 0.
