3588 5740
448 807 516 873 522
650 819 815 873 aaaron
837 819 1000 874 uousonr
1021 818 1299 874 oiuwmnisrs

294 1013 417 1124 Afflt
445 1007 590 1075 brachiis
633 1029 763 1076 oruoem
806 1008 969 1089 adoravit,
1005 1012 1138 1076 astante
1181 1009 1323 1096 prasioto
1353 1009 1393 1076 G.
1422 1031 1499 1077 oum

277 1108 417 1225 &wiopa
446 1112 597 1199 episeopo
627 1110 775 1179 Roffonsi
806 1116 842 1178 et
870 1111 1046 1179 innumera
1070 1111 1295 1180 multitidine
1341 1112 1500 1202 Surgenb'

136 1298 139 1305 ,
275 1192 419 1326 gpffi
445 1220 559 1282 autem
590 1219 626 1281 ot
658 1213 695 1280 in
716 1214 856 1302 genibus
887 1214 1003 1282 saum
1035 1222 1152 1295 oroeto,
1182 1216 1272 1283 dixit
1302 1216 1499 1284 amanum

274 1331 390 1427 ffisshffi'
445 1325 463 1354 “
486 1317 637 1384 Nuntius
659 1338 742 1396 sum,
765 1317 953 1384 venerando
975 1323 1078 1404 pater,
1100 1318 1260 1384 nuntium
1281 1318 1390 1385 ferens
1411 1320 1499 1407 opti·

329 1393 366 1435 ⁰⁹⁴
445 1427 462 1456 “
484 1443 585 1499 mum,
607 1442 676 1487 non
704 1419 849 1487 hominis
878 1420 938 1486 sed
967 1419 1041 1500 Dei,
1062 1421 1164 1487 immo
1194 1420 1292 1487 Illius
1313 1420 1381 1501 Qui
1406 1421 1499 1487 Deus

443 1531 461 1560 ‘⁴
484 1530 536 1589 est
556 1529 591 1589 et
604 1523 713 1601 homo,
732 1522 831 1589 Jesus
849 1522 1011 1591 Christus
1050 1523 1123 1592 Neo
1144 1523 1259 1591 mirari
1273 1522 1393 1590 debet1
1408 1525 1497 1611 quis·

443 1633 461 1662 “
482 1626 574 1712 piam
596 1625 652 1691 vel
673 1625 771 1692 irasei
792 1625 823 1691 si
844 1625 935 1712 quod
956 1647 1054 1692 suurn
1076 1631 1128 1692 est
1149 1627 1290 1692 nuntius
1311 1626 1497 1713 exequitur.

442 1736 461 1765 “
482 1728 642 1805 Nuntius,
668 1728 816 1814 inquam,
838 1750 912 1794 sum
935 1728 1035 1815 Regis
1065 1729 1188 1794 summi
1211 1728 1278 1810 Qui
1307 1728 1432 1795 salutat
1461 1733 1496 1796 te

398 1860 401 1865 ⁴
443 1839 461 1867 “
482 1831 590 1898 salute
619 1834 751 1909 aeterna,
773 1835 879 1918 rogat,
908 1831 1054 1909 mandat,
1078 1836 1113 1897 et
1141 1831 1293 1918 precipit
1324 1837 1365 1897 ut
1395 1832 1496 1899 eoois·

442 1936 567 2001 “siam
590 1934 693 2001 Suam
726 1934 904 2022 regendam
937 1933 1104 2022 suscipias,
1136 1956 1275 2021 eamque
1309 1934 1428 2022 diligas
1461 1940 1496 2001 et

443 2041 464 2074 “
481 2042 635 2125 protegas
657 2038 694 2102 in
716 2036 782 2102 fido
805 2058 874 2103 non
895 2036 981 2104 fieta
1038 2036 1081 2101 In
1104 2035 1205 2122 hujus
1228 2037 1361 2124 signum
1383 2038 1495 2103 nuntii

443 2141 604 2206 “summi
618 2139 719 2227 Regis
745 2139 906 2205 vexillum
935 2139 999 2205 tibi
1023 2139 1120 2205 trado
1145 2138 1328 2206 ferendum.
1372 2140 1495 2227 Accipe

443 2251 461 2280 “
483 2243 635 2322 libenter,
656 2246 754 2329 porta
775 2241 926 2321 fideliter,
948 2247 989 2307 ut
1008 2263 1086 2309 oum
1108 2243 1231 2309 sanetis
1252 2243 1495 2329 praedeoessori-

442 2352 461 2381 “
482 2345 545 2412 bus
568 2345 638 2410 tuis
660 2343 910 2411 eantuariensis
933 2343 1077 2412 eeclesiae
1099 2344 1249 2432 patronis
1271 2345 1309 2410 in
1333 2350 1494 2413 aeternum

443 2456 461 2489 “
482 2448 637 2536 gaudeas,
658 2446 794 2513 Arnen?

273 2575 419 2630 mosanas
487 2551 593 2619 Oruoe
615 2550 729 2637 itaque
751 2552 904 2635 susoepto
926 2553 962 2615 et
987 2548 1104 2616 elerioo
1129 2549 1266 2617 ferenda
1294 2551 1427 2630 tradita,
1453 2553 1495 2618 de
1597 2624 1607 2635 ἣ

272 2627 392 2772 ἓξὲι
442 2640 807 2722 oaetero‘nominandus
832 2650 1104 2739 muhiepisoopus,
1120 2650 1336 2719 Cantuariam
1349 2654 1494 2734 veniens,

272 2740 416 2829 nonnulii
441 2758 485 2825 ab
507 2757 667 2845 episeopis
689 2754 822 2842 Angliao
852 2758 887 2819 et
915 2759 1082 2820 conventu
1106 2753 1337 2821 Oantuariensi
1362 2754 1495 2823 honori-

272 2829 422 2933 ffirvoetio
441 2861 502 2928 fioe
528 2866 564 2927 et
588 2860 626 2925 in
652 2859 762 2926 osoulo
787 2857 878 2945 paois
901 2856 968 2921 vii⁰
993 2857 1069 2922 idus
1095 2856 1295 2923 Novembris
1325 2864 1494 2946 suseeptus

444 2969 503 3030 ost
548 2962 679 3029 Deinde
700 2961 778 3027 alba
798 2960 938 3029 indutus
960 2965 996 3025 et
1018 2981 1132 3047 eappa,
1147 2965 1305 3047 sequente
1319 2967 1493 3041 conventu,

439 3066 550 3131 nudus
584 3065 684 3151 pedes
717 3063 880 3142 incedens,
910 3060 1050 3148 pallium
1082 3063 1228 3150 suscepit
1262 3085 1323 3150 per
1358 3085 1493 3131 manum

438 3166 553 3232 nuntii
576 3164 736 3233 celestini
757 3185 861 3251 papae.
908 3163 983 3244 Quo
1004 3162 1179 3229 redimitus
1204 3164 1306 3250 pallio
1330 3186 1406 3231 oum
1432 3188 1494 3232 ωε-

438 3269 520 3334 teris
542 3266 783 3356 episcopalibus
805 3265 1011 3331 indumentis
1034 3265 1255 3332 intronizatus
1279 3273 1331 3332 est
1356 3273 1391 3333 et
1416 3270 1493 3334 mis·

439 3393 510 3438 sam
542 3369 731 3438 celebravit
776 3367 880 3435 Facta
913 3373 964 3433 est
1001 3372 1114 3434 autem
1151 3368 1287 3456 grandis
1323 3370 1495 3437 altercatio

295 3480 402 3525 ΜΝ
439 3475 528 3540 inter
541 3473 718 3560 epis‘oopos,
733 3470 1000 3537 Lundoniensom
1022 3470 1149 3538 scilieet
1167 3477 1203 3537 et
1220 3471 1405 3552 Rofensem‚
1420 3475 1495 3560 quis

272 3532 415 3626 stiffi
439 3599 553 3644 eorum
574 3578 611 3642 in
632 3575 695 3642 hoo
716 3596 814 3662 opere
836 3573 1006 3640 videretur
1028 3595 1098 3640 osse
1123 3573 1236 3661 major.
1282 3575 1494 3643 Lundonien-

270 3632 425 3778 ἓξὲξ
438 3681 484 3746 sis
507 3680 596 3746 enim
618 3678 790 3744 dexteram
811 3675 1048 3763 arehiepisoopi
1074 3681 1245 3763 totamque
1271 3677 1494 3745 intronizandi

438 3783 671 3850 solennitatem
700 3801 795 3847 suam
821 3800 890 3845 osse
916 3779 1048 3845 dicebat
1073 3779 1115 3845 de
1139 3780 1217 3866 jure
1240 3782 1387 3867 antiquo,
1415 3783 1495 3869 quia

439 3885 681 3953 Lundonienais
713 3884 883 3971 episeopus
916 3883 1006 3948 inter
1038 3883 1206 3971 episeopos
1244 3884 1493 3953 Cantuariensis

438 3988 582 4057 eeclesiae
604 3987 784 4054 decanatus
798 3985 929 4073 optinet
946 3985 1153 4074 dignitatem
1201 3986 1357 4055 Eoontra
1372 3989 1492 4057 Rofen-

438 4094 483 4159 sis
505 4092 594 4158 idem
616 4090 681 4156 sibi
703 4089 886 4176 usurpabat
908 4090 987 4175 quia
1010 4088 1198 4176 oapollanus
1222 4096 1301 4157 erat.
1348 4092 1493 4174 Quidam

306 4226 311 4235 ·
438 4191 576 4262 autem²
591 4191 746 4259 dicebant
768 4190 856 4277 quod
878 4191 997 4277 prioris
1019 4196 1055 4257 et
1076 4197 1258 4259 oonventus
1281 4200 1367 4260 esset
1388 4196 1494 4263 intro·

438 4298 562 4364 nizatio
591 4295 672 4382 quia
700 4316 814 4361 eorum
844 4299 931 4360 esset
960 4294 1076 4361 electio
1088 4319 1098 4377 ;
1131 4295 1191 4361 alii
1220 4296 1375 4363 dioebant
1404 4301 1494 4385 quod

438 4421 551 4467 eorum
573 4402 660 4465 esset
688 4397 901 4464 intronizatio
923 4418 1064 4485 quorum
1094 4394 1205 4464 esset⁸
1226 4400 1433 4480 consecratio,
1456 4403 1493 4469 id

472 4675 576 4742 ¹debet]
590 4677 690 4736 debeat,
701 4674 733 4726 C·
1022 4670 1088 4723 ⁸olii
1106 4711 1113 4724 .
1132 4710 1139 4724 .
1157 4710 1165 4723 .
1182 4674 1258 4742 erret]
1271 4690 1321 4726 orn.
1333 4677 1368 4728 Α.
1380 4678 1411 4728 Β.

473 4756 587 4822 ἀπίω]
602 4771 654 4807 om.
665 4755 697 4805 B.
1207 4782 1211 4789 ·
