3666 5724
590 972 595 977 ·
723 951 835 1001 crana
856 950 1048 1001 mercarer.
1344 938 1410 1005 323

355 1141 372 1169 “
393 1154 472 1200 narn
503 1133 589 1201 hanc
622 1134 664 1200 de
695 1155 764 1221 qua
796 1156 902 1201 sermo
940 1134 1055 1222 agitur
1091 1133 1255 1221 suscipere
1286 1133 1408 1212 velitis,
1437 1146 1494 1190 Δι)
1501 1148 1560 1191 ιιιι

352 1242 371 1272 ⁴‘
393 1256 469 1302 cum
491 1236 719 1304 melioratione
740 1256 857 1313 cauaae,
888 1237 976 1303 sicut
998 1237 1156 1304 convenit
1177 1236 1266 1303 inter
1287 1258 1349 1303 nos
1371 1241 1407 1303 ιι
1453 1209 1510 1255 ¹³⁰⁰
1517 1212 1551 1254 ¹i

354 1345 371 1406 ‘f
393 1338 565 1404 dominum
587 1340 729 1426 priorem
751 1345 910 1418 vestrum,
933 1341 1023 1426 quod
1055 1345 1090 1406 et
1111 1361 1171 1407 vos
1205 1339 1309 1407 latere
1338 1361 1408 1406 non

352 1446 370 1473 “
392 1440 546 1506 aestimo.''
593 1440 667 1522 Quo
699 1441 798 1519 dicto,
829 1439 950 1507 ιιιιιιι1
981 1440 1122 1529 genibus
1155 1463 1231 1508 cum
1263 1441 1467 1508 hramnus
1454 1448 1556 1501 eruor·

351 1541 528 1677 peroravit.
574 1543 789 1630 Respondeas
811 1543 901 1631 prior
923 1543 1028 1609 dixit:
1051 1543 1144 1609 “Res
1175 1544 1309 1630 quidem
1331 1510 1482 1620 istam
1482 1509 1514 1542 ω’

351 1643 532 1723 “domina
565 1651 606 1710 ut
636 1645 791 1723 amaritia
822 1645 920 1712 aliter
957 1666 1058 1730 quam
1090 1644 1208 1711 debuit
1238 1649 1316 1712 acte
1345 1650 1405 1723 est,

352 1755 370 1783 “
390 1749 481 1814 unde
504 1753 539 1814 ιι
560 1770 621 1816 nos
653 1771 697 1817 ex
729 1749 826 1816 corde
859 1748 1017 1816 dolemus.
1063 1748 1131 1815 Sed
1153 1748 1266 1815 sciatis
1291 1749 1406 1817 certis·

350 1859 368 1885 ‘⁴
391 1850 474 1917 sime
495 1850 616 1937 quod'
607 1871 643 1917 ιιι
668 1850 722 1916 his
755 1871 830 1937 quoe
863 1870 968 1936 usque
1001 1850 1045 1916 ad
1080 1871 1224 1936 praesens
1256 1870 1277 1916 a
1308 1848 1405 1915 nobis

351 1959 368 1986 “
390 1973 489 2038 super
510 1951 573 2019 hcc
602 1951 736 2039 negotio
768 1950 935 2017 dicta·vel
957 1950 1046 2017 facta
1076 1957 1164 2029 sunt,
1186 1950 1292 2017 nichil
1312 1950 1405 2037 peni·

350 2061 367 2088 “
390 2059 446 2119 tus
469 2059 585 2121 contra
606 2075 666 2121 vos
688 2053 744 2120 vel
765 2053 924 2120 honorem
946 2054 1042 2119 vobis
1064 2052 1216 2120 debitum
1238 2053 1405 2120 voluimus

350 2161 598 2244 “attemptare
660 2154 814 2223 Ecclesia
851 2160 975 2221 nostrae
1012 2155 1160 2243 dignitas
1199 2156 1405 2223 solummodo

349 2256 456 2324 “‘iuit
477 2259 515 2324 in
536 2278 644 2336 causa,
667 2262 703 2324 ιι
735 2262 844 2324 status
874 2257 1081 2344 abantiquo
1111 2258 1178 2325 huc
1211 2280 1317 2345 usque
1347 2259 1403 2325 de-

350 2367 368 2395 “
391 2359 518 2427 ductus.
564 2361 688 2426 Verum
711 2360 754 2426 ob
776 2359 997 2425 reverentiam
1022 2381 1173 2447 personae
1195 2365 1316 2427 vestrae
1338 2382 1405 2446 qua

349 2470 367 2496 “
388 2482 449 2528 nos
494 2461 580 2529 filios
624 2466 753 2528 vestros
790 2460 970 2527 admodum
1007 2461 1211 2541 laetificastis,
1248 2462 1404 2549 petitioni

348 2571 366 2598 “
388 2567 509 2631 vestrae
553 2567 703 2629 nostrum
748 2563 933 2650 praebemus
979 2584 1158 2631 assensum
1226 2562 1403 2629 Personam
1415 2573 1490 2670 toth11000
1463 2586 1556 2671 conpr
1531 2580 1572 2621 na

350 2673 367 2699 “
388 2664 483 2731 illam
516 2668 685 2751 utcunque
719 2663 857 2731 electam
891 2664 1096 2751 suscipimus,
1119 2669 1273 2753 rogantes
1294 2670 1404 2731 atten-
1415 2676 1473 2721 eren

349 2776 366 2802 “
389 2767 458 2832 tina
480 2765 670 2832 humilitate
693 2787 760 2850 qua
781 2786 964 2852 possumus,
985 2771 1027 2831 ut
1056 2771 1221 2852 quantum
1250 2767 1404 2854 poteritis

344 2878 366 2924 -“
389 2868 653 2935 emendationem
677 2867 868 2954 procuretis,
892 2873 927 2934 ct
948 2868 990 2934 de
1012 2873 1131 2935 caetero
1159 2869 1238 2955 jura
1259 2869 1403 2937 ecclesiae

349 2971 489 3060 “hujus
519 2977 554 3038 ct
584 2992 652 3048 nos,
675 2988 850 3058 personam
881 2990 1013 3057 quoque
1044 2991 1185 3057 parvos
1207 2978 1402 3059 susceptam,

349 3081 366 3108 “
388 3073 425 3138 in
447 3071 590 3160 negotiis
611 3072 680 3137 suis
711 3076 745 3138 et
775 3071 1027 3138 necessitatibus
1059 3078 1229 3160 protegere
1260 3080 1295 3140 ιι
1327 3096 1403 3161 prc-

348 3183 521 3242 “movere
543 3173 683 3240 velitis.”
729 3173 864 3240 Annuit
895 3194 956 3240 rex
989 3181 1025 3239 ιι
1055 3175 1149 3255 abiit,
1172 3181 1207 3240 ιι
1229 3176 1284 3241 die
1317 3196 1402 3243 cras-
1414 3169 1543 3266 ww

348 3277 422 3343 tina
474 3277 680 3344 Londoniam
727 3275 890 3363 persenit.
957 3275 1102 3343 Veniens
1153 3281 1266 3343 autem
1312 3271 1496 3367 prior¹³⁰¹¹⁶⁰
1481 3284 1519 3323 ⁰⁰⁴

348 3378 553 3445 Londoniam
598 3382 718 3445 crmcta
755 3398 830 3463 quae
872 3377 1033 3463 promissa
1085 3383 1165 3443 sunt
1216 3384 1403 3466 praeparata

348 3482 552 3559 existimans,
574 3502 633 3568 spe
654 3480 834 3545 frustratus
859 3500 971 3566 regem
993 3480 1142 3567 repperit
1163 3480 1345 3547 alienatum
1367 3487 1402 3547 ιι

348 3582 521 3648 consilium
558 3586 734 3648 mutatum.
790 3580 884 3645 Prior
904 3584 1033 3646 autem
1070 3601 1182 3667 regem
1228 3583 1463 3669 increparem
1469 3609 1539 3704 μισ

347 3686 479 3752 monuit
500 3688 541 3749 ut
571 3698 611 3750 ea
632 3704 708 3770 quae
739 3682 919 3749 conventui
942 3680 1175 3749 cantuariensi
1207 3660 1567 3805 promiseratamnurrm

347 3809 445 3876 opere
474 3787 659 3875 compleret.
700 3784 886 3871 Respondit
918 3805 987 3862 rex,
1010 3788 1045 3849 et
1076 3784 1166 3850 dixit
1193 3807 1230 3850 se
1263 3807 1304 3852 ea
1333 3807 1481 3854 nonaum
1413 3760 1534 3864 mpii‘

346 3911 441 3979 posse
462 3890 626 3978 perficere,
641 3909 702 3955 nec
725 3887 810 3953 velle
833 3886 1001 3974 episcopos
1022 3908 1098 3953 suos
1121 3888 1172 3954 ita
1193 3888 1400 3969 confimdere

346 3998 388 4059 ut
417 3993 549 4080 quod
540 3992 605 4079 rpei
637 3989 824 4058 fecerant
814 4011 851 4054 ιιι
883 3989 1015 4054 irritum
1052 3990 1186 4076 penitus
1217 3991 1399 4059 duceretur.

347 4094 431 4162 Haec
461 4095 601 4162 audieus
631 4093 722 4180 prior
755 4091 930 4179 expalluit,
963 4104 999 4157 et
1028 4096 1146 4178 stupor
1179 4094 1400 4180 apprehendit

346 4196 524 4263 universos.
570 4194 717 4261 Priorem
739 4198 852 4260 autern
874 4191 1018 4278 amplius
1040 4192 1256 4260 circumdedit
1284 4194 1400 4261 horror

346 4303 383 4364 et
403 4298 525 4365 mentis
546 4297 710 4385 angustia,
732 4301 773 4361 ut
798 4296 1023 4383 jamjamque
1056 4296 1210 4383 spiritum
1244 4296 1400 4363 exhalare

345 4398 522 4466 videretur.
582 4397 794 4464 Diffimditur
832 4396 908 4464 ilico
945 4397 982 4462 in
1019 4398 1211 4465 consistorio
1256 4399 1461 4486 prioremn„
1590 4478 1593 4483 ¹

346 4501 595 4569 cantuariensis
617 4499 761 4567 ecclesia
787 4498 943 4586 spiritum
976 4499 1168 4582 exhalasse3
1199 4507 1234 4567 et
1265 4478 1461 4571 concur-¹²¹¹¹

344 4604 496 4671 rentibus
526 4602 678 4691 plurimis
711 4623 772 4669 rex
804 4602 876 4689 ipse
907 4602 1110 4689 stupefactus
1143 4604 1294 4671 accurrit.
1339 4606 1397 4672 Vi·

747 4822 855 4895 1Ιιειίι]
867 4827 943 4891 ficus,
954 4816 984 4881 (i.

1239 4930 1265 4979 x
1289 4918 1310 4980 ι
