3662 5728
771 887 883 938 orant
905 889 1097 941 meronroa
1391 875 1454 948 175

229 1077 379 1130 liciano.
400 1092 504 1159 usque
533 1073 570 1137 in
600 1094 771 1160 vesperam
797 1097 903 1142 sermo
940 1076 1140 1163 pertinacior
1169 1081 1222 1142 est
1258 1080 1454 1163 protractus.
1485 1087 1609 1163 «tv-‚11⁶³-

228 1143 387 1263 li‘jissffl
400 1171 464 1238 Oui
486 1194 562 1239 oum
584 1174 847 1263 archiepiscopus
870 1177 914 1242 ad
928 1182 1009 1244 vota
1030 1199 1098 1244 non
1120 1177 1342 1263 responderet,
1366 1199 1455 1263 quae·
1467 1152 1610 1247 lltlbbc

229 1292 253 1328 c·
268 1281 309 1327 12.
399 1275 481 1339 sivit
522 1276 565 1341 ab
596 1277 756 1363 episeopis
790 1304 827 1342 an
859 1277 981 1345 vellent
1011 1305 1079 1348 suas
1109 1288 1203 1343 avitas
1233 1253 1612 1355 ancuclcdincslibllllll'

397 1386 562 1442 observare.
608 1378 657 1444 At
678 1378 729 1444 illi
752 1400 828 1446 cum
851 1380 995 1465 primate
1017 1401 1077 1445 suo
1093 1379 1327 1447 Cantuariensi
1350 1356 1613 1448 archi-dffidinc

397 1480 548 1573 episeopo
570 1480 691 1545 exinde
712 1502 858 1546 seorsum
872 1481 1052 1567 loquentes,
1068 1498 1111 1547 ex
1126 1480 1278 1547 oondioto
1301 1488 1455 1560 responde·
1468 1457 1577 1548 &idoli

396 1596 466 1645 runt
482 1591 547 1663 regi
570 1603 605 1648 se
626 1581 711 1647 velle
735 1582 776 1648 de
798 1581 899 1668 plano
921 1583 1008 1670 regia
1035 1587 1070 1649 et
1084 1583 1179 1669 regni
1202 1558 1617 1649 consuetudinesmlffl·

397 1681 577 1762 observare,
610 1692 691 1749 salvo
727 1683 885 1748 nimirum
915 1691 1017 1748 ordine
1047 1710 1100 1749 cuo
1130 1690 1166 1750 et
1195 1685 1273 1770 jure
1304 1684 1455 1750 eccleciae.

396 1783 470 1849 Rex
493 1784 629 1852 adhaec
654 1785 848 1872 indignatus
865 1784 999 1871 juravit
1021 1786 1164 1851 verbum
1187 1785 1280 1865 illud,
1305 1785 1456 1851 “salvo”

396 1886 520 1953 scilieet
535 1887 678 1953 “ordine
693 1885 779 1965 suo‚'’
795 1887 930 1974 penitus
946 1887 1180 1953 amovendum.
1221 1888 1288 1954 Sed
1303 1888 1456 1975 episcopi,

397 1987 532 2074 primati
563 2010 623 2055 suo
655 1988 795 2053 firmiter
817 1987 955 2063 adhucl
989 1988 1206 2068 adhaerentes,
1237 2011 1258 2056 a
1288 1989 1456 2076 proposito

336 2136 339 2139 Δ
398 2089 492 2154 verbi
522 2089 614 2155 illius
650 2089 823 2155 blanditiis
861 2089 915 2154 vel
945 2090 1132 2156 terroribus
1169 2112 1237 2158 non
1274 2096 1456 2178 potuerunt

398 2190 507 2257 avelli.
565 2190 662 2258 Solus
701 2212 779 2257 vero
820 2198 964 2271 Hylarius
995 2197 1187 2257 cicestrensis
1226 2201 1380 2273 episeopus
1414 2192 1455 2257 de
1468 2225 1558 2280 mm,

398 2313 459 2358 sua
472 2293 614 2358 nimium
628 2313 829 2382 praesumens
851 2290 1015 2368 facundia
1033 2300 1200 2358 nconsulto
1222 2292 1455 2381 archiepiscopo
1466 2276 1609 2375 ffiffi„

398 2400 434 2459 et
462 2395 589 2461 eaeoeris
618 2395 776 2461 fratribus
806 2399 847 2459 ut
869 2392 934 2458 sibi
957 2392 1139 2458 videbatur
1161 2399 1279 2481 argute
1309 2396 1455 2462 mutavit
1467 2377 1626 2481 ffifflf‘l

397 2496 545 2574 verbum,
588 2505 689 2563 dicens
720 2523 752 2562 se
789 2496 869 2582 jure
897 2494 991 2582 regni
1022 2499 1057 2559 et
1092 2503 1316 2560 consuetudines
1346 2497 1455 2564 avitas

397 2605 621 2664 observaturum
651 2605 730 2662 bona
759 2606 825 2662 fide.
871 2596 946 2662 Rex
975 2600 1088 2662 autem
1121 2617 1182 2663 nec
1214 2596 1262 2662 sio
1295 2599 1338 2663 ad
1371 2620 1455 2685 prae·

396 2719 471 2765 sens
493 2704 631 2786 pacatus
653 2704 712 2765 est.
757 2697 875 2764 Voluit
890 2698 979 2765 enim
1005 2699 1045 2763 de
1069 2698 1366 2764 consuetudinibus
1389 2701 1456 2766 illis

397 2801 628 2867 conservandis
665 2799 847 2880 certificari,
871 2807 981 2879 absque
1020 2800 1111 2866 omni
1141 2799 1219 2865 fidei
1246 2799 1300 2865 vel
1330 2802 1454 2868 ordinis

439 2901 572 2959 'actione

228 2983 374 3062 ΜΡΝ·
398 2901 523 3074 NJlpsa
556 2986 699 3073 denique
722 2986 776 3053 die
803 2986 840 3052 in
862 2985 1004 3055 confinio
1033 2987 1140 3054 noctis
1166 2987 1272 3053 iratus
1295 2987 1477 3086 discessit„
1494 2992 1624 3087 undu

227 3050 432 3157 hb'm'w'et
465 3097 497 3152 in
514 3097 642 3154 erastino
670 3097 847 3154 munitiones
873 3109 948 3169 quas
981 3089 1245 3177 arehiepisoopus
1280 3104 1452 3171 atempore
1465 3055 1610 3147 monnica.

398 3198 581 3257 cancellarie
615 3188 783 3276 hueusque
811 3189 1012 3268 custodiebat,
1043 3192 1167 3274 repetiit
1189 3197 1224 3258 et
1245 3192 1380 3279 aceepit,
1419 3198 1453 3258 et

227 3298 360 3351 meant.
398 3291 568 3358 insalutatis
599 3292 759 3378 episcopis
792 3292 877 3358 elam
910 3312 932 3356 a
965 3301 1116 3358 londonia
1140 3295 1277 3360 recessit.
1335 3293 1562 3369 Mrdtissnncy

229 3370 312 3495 m,
397 3393 502 3481 igitur
523 3392 631 3458 modis
653 3399 866 3480 procuratum
889 3397 998 3458 estex
1013 3395 1148 3461 oonsilio
1171 3396 1379 3482 quorundam
1394 3398 1452 3483 qui
1464 3366 1556 3511 iffi-e

229 3497 371 3613 {ww-5·
397 3498 580 3584 bolumpnae
604 3495 747 3563 eooleuae
762 3496 973 3574 videbantur,
988 3511 1023 3561 ut
1040 3507 1139 3563 unitas
1157 3508 1288 3565 eeclesia
1307 3507 1451 3564 scindere·
1514 3479 1571 3511 mcc

269 3594 290 3616 ”
396 3614 455 3675 tur,
467 3615 498 3664 et
508 3609 542 3664 in
552 3614 651 3681 partes
659 3610 740 3680 regis
753 3609 883 3682 episcopi
898 3601 1164 3667 transferrentur.
1201 3609 1342 3665 Conversi
1353 3610 1452 3681 itaque

396 3702 546 3766 miniset
560 3701 740 3767 terroribus
756 3701 891 3787 quidam
907 3723 949 3768 ex
965 3703 1012 3768 eis
1028 3711 1080 3782 qui
1092 3709 1260 3781 abantiquo
1275 3700 1452 3782 iramregis

395 3803 611 3880 incurrerent,
634 3802 810 3889 primatem
832 3824 930 3868 suum
953 3802 1207 3890 allegationibus
1228 3801 1331 3866 variis
1353 3823 1374 3867 a
1395 3802 1453 3868 via

394 3905 547 3972 veritatis
568 3910 718 3971 avertere
740 3906 944 3972 nitebantur.
989 3913 1132 3985 Hylai-ius
1147 3909 1260 3969 autern
1283 3903 1339 3969 ille
1355 3911 1452 3970 (lices-
1465 3938 1582 3984 ,dm

394 4018 502 4074 transis
520 4007 692 4094 episeopus
714 4017 871 4089 primatem
895 4008 1074 4073 abeuntem
1106 4006 1300 4072 subsecutus
1331 4011 1402 4083 est„
1417 4010 1452 4071 et
1464 3988 1549 4094 {iffi}

395 4109 458 4174 sub
472 4110 578 4195 speeie
594 4109 742 4190 cantatis
765 4135 867 4190 pacem
890 4109 1033 4176 eeclesiae
1056 4114 1251 4187 commendat,
1265 4109 1354 4174 tanti
1376 4108 1451 4175 bor-

394 4233 501 4277 rorem
534 4211 635 4298 litigii
668 4210 811 4278 eccleciae
846 4212 1023 4278 dbenmen
1048 4221 1123 4275 'esse
1155 4216 1453 4289 commemoratae

396 4313 559 4399 praeoipue
593 4321 710 4377 verbuli
739 4321 827 4376 unius
857 4322 1017 4388 occasione,
1041 4333 1188 4377 asserens
1220 4318 1256 4379 et
1286 4312 1452 4379 affimans

396 4416 467 4480 sine
497 4415 583 4501 regis
614 4413 840 4479 benivolentia
873 4435 986 4499 pacem
1017 4435 1086 4485 non
1116 4434 1211 4500 posse
1242 4415 1340 4480 rebus
1371 4415 1452 4481 dari.

225 4546 356 4600 w.0cnt.
396 4526 500 4582 Monet
521 4515 685 4582 attentius
707 4520 747 4581 ut
769 4515 1023 4582 eonsuetudines
1044 4515 1146 4581 avitae
1161 4515 1217 4581 vel
1232 4516 1333 4582 verbo
1355 4521 1454 4582 tenus

226 4629 249 4666 o.
263 4618 302 4665 14.

805 4788 814 4823 ¹
826 4787 924 4858 adtuc]
938 4804 989 4842 om.
1001 4788 1031 4842 O.
