3572 5744
686 776 797 827 oreas
820 776 1010 829 merenies
1324 765 1366 832 63

331 966 467 1022 'tionem
494 965 531 1022 ad
557 964 656 1023 sedem
685 965 873 1036 apostolicam
904 965 1020 1030 sectam,
1047 967 1078 1020 et
1108 964 1191 1021 bonis
1218 966 1367 1023 memoria
1392 971 1517 1019 tunsa

318 1049 574 1121 “predecessoris
598 1049 690 1105 nostri
706 1049 819 1105 Urbani
839 1048 1074 1122 prohibitionem,
1094 1048 1167 1106 adeo
1187 1050 1265 1106 cirea
1283 1068 1367 1107 nova
1381 1024 1513 1119 niffffi.

314 1132 335 1159 ‘⁶
354 1132 474 1205 capellas
491 1132 736 1188 constructionem
754 1137 785 1188 et
801 1132 860 1187 alia
877 1131 972 1187 multa
987 1149 1092 1189 manus
1109 1138 1176 1191 tues
1193 1133 1225 1189 in
1237 1135 1367 1191 ecclesiae
1380 1124 1483 1171 arment

316 1214 334 1238 ‘⁸
353 1214 410 1270 tibi
428 1217 589 1272 commissae
607 1215 733 1271 fratrum
756 1215 905 1271 molestiae
930 1217 1111 1287 aggravasti,
1136 1222 1172 1273 ut
1194 1218 1238 1274 nil
1262 1218 1306 1274 eis
1330 1176 1433 1274 delii
1442 1177 1524 1288 llilpel

315 1298 334 1322 “
355 1297 531 1371 interpositas
549 1298 755 1371 appellationis
773 1298 903 1354 remedio
915 1299 1081 1367 necessisse,
1095 1306 1183 1373 prout
1197 1296 1277 1367 ratio
1291 1300 1367 1374 juris
1380 1277 1463 1379 2252?ss
1480 1290 1522 1373 3¹12,

315 1383 334 1407 “
354 1382 526 1452 expostulat,
553 1382 726 1449 sestimetnr,
752 1399 808 1437 nec
833 1388 866 1438 tn
892 1382 997 1438 honori
1014 1389 1203 1440 sacrosanctae
1228 1383 1367 1440 Romane
1380 1378 1516 1439 meneleus

315 1466 334 1491 '⁴
354 1465 482 1521 ecclesias
499 1458 602 1522 matris
618 1470 678 1521 tuse
695 1464 824 1521 videaris
846 1470 934 1537 prout
952 1466 1083 1538 oportuit
1099 1465 1247 1524 detulisse.
1284 1466 1369 1524 Licet
1379 1427 1529 1517 'wama'

314 1550 335 1577 ‘⁴
353 1554 452 1606 autem
476 1549 657 1622 propositum
681 1548 765 1604 nobis
790 1548 829 1605 sit
847 1547 1028 1605 fraternitati
1052 1552 1113 1606 tum
1131 1555 1275 1622 quantum
1299 1568 1366 1607 cum

316 1635 335 1660 “
354 1633 417 1689 Deo
433 1651 587 1706 possumus
605 1632 766 1699 deferendi,
781 1638 811 1688 et
829 1648 985 1705 personam
1002 1639 1085 1689 tuam
1103 1634 1135 1690 in
1153 1634 1368 1706 omnibusque

315 1717 334 1744 ⁸⁸
354 1734 390 1771 er
401 1716 494 1773 officio
511 1716 596 1773 uobis
613 1716 787 1774 incumbunt
802 1716 992 1795 statuerimus
1010 1716 1163 1785 honorare,
1181 1719 1252 1791 quie
1268 1724 1369 1775 minen

316 1799 512 1856 “eorundem
534 1800 832 1872 fratrnmpressuras
857 1799 968 1871 pariter
988 1805 1020 1856 et
1039 1801 1182 1858 clamores
1201 1819 1269 1858 cum
1292 1802 1369 1858 bona

316 1885 334 1909 '⁴
354 1882 532 1939 couscientia
548 1883 702 1956 preterire
719 1882 827 1939 clausis
845 1881 939 1938 oeulis
958 1900 1014 1939 nec
1038 1900 1192 1955 possumus
1209 1902 1264 1942 nec
1282 1885 1369 1942 debe·

315 1969 334 1992 ‘⁸
354 1983 428 2031 mus,
456 1966 635 2041 fraternitati
661 1970 720 2022 tuae
751 1965 788 2021 de
818 1965 938 2020 consilio
968 1965 1094 2022 tremum
1120 1971 1288 2024 nostrornm
1316 1986 1369 2041 per

315 2052 335 2076 “
354 2049 514 2121 apostoliea
531 2050 640 2122 scripta
664 2048 838 2105 mandamus
863 2053 893 2103 et
917 2046 1051 2105 districte
1074 2050 1274 2122 praecipimus,
1300 2069 1369 2124 qua·

316 2135 334 2159 “
353 2133 443 2200 tinus,
464 2133 544 2189 omui
562 2131 790 2189 contradictione
809 2136 839 2187 et
855 2130 1006 2187 occasione
1023 2133 1192 2203 postposita,
1219 2151 1254 2190 eo
1278 2135 1368 2192 etiam
1382 2138 1507 2201 asemon

316 2220 335 2245 ‘⁶
354 2233 413 2272 non
431 2217 565 2273 obstante
582 2217 608 2272 si
625 2220 655 2272 te
673 2216 775 2271 abesse
788 2213 945 2291 contigerit
966 2214 1138 2271 abecclcsia
1154 2189 1538 2291 tua,quioquidl¹11¹¹¹iifft¹i1⁰g⁰

316 2302 335 2328 “
354 2305 422 2371 post
439 2300 664 2373 appellationem
682 2298 720 2354 ad
746 2297 845 2354 sedem
869 2298 1059 2369 apostolicam
1083 2299 1203 2368 factam,
1222 2301 1269 2355 vel
1293 2319 1367 2375 prte-
1381 2291 1508 2385 mmm

316 2386 335 2412 ‘¹
355 2384 514 2441 decessoris
531 2384 621 2440 nostri
640 2382 878 2457 prohibitionem,
898 2382 928 2436 in
951 2399 1037 2455 opere
1056 2383 1177 2456 capella
1202 2389 1300 2441 actum
1324 2393 1369 2443 est
1451 2373 1457 2392 ’

316 2460 335 2494 ‘⁸
354 2485 413 2524 non
430 2467 546 2523 differas
564 2466 711 2531 demoliri,
729 2482 869 2521 revocans
887 2470 917 2520 et
938 2464 1084 2521 deducens
1103 2483 1224 2538 prorsus
1247 2468 1278 2523 in
1302 2467 1368 2524 irri-

315 2554 335 2580 “
354 2557 419 2609 tum
438 2549 579 2624 quioquid
594 2539 632 2605 de
650 2548 838 2605 instituendis
856 2548 1004 2604 canonicis
1030 2554 1060 2603 et
1081 2549 1148 2605 aliis
1171 2549 1250 2605 circa
1273 2552 1368 2623 capel·
1438 2621 1441 2625 ἵ

315 2638 335 2663 “
355 2636 415 2691 lam
427 2636 536 2691 facturn
554 2638 601 2690 est
618 2637 649 2687 et
666 2649 821 2705 perperam
840 2631 1020 2687 innovatum.
1059 2631 1217 2687 Boeotiam
1236 2633 1286 2705 qui
1301 2639 1367 2705 post

314 2718 558 2775 “inhibitionem
583 2715 734 2788 sepedicti
759 2713 978 2787 predecessoris
1006 2715 1100 2771 nostri
1118 2714 1150 2769 iu
1167 2716 1280 2788 capella
1303 2717 1515 2789 ipsatomacend

314 2806 334 2829 ‘⁸
353 2803 453 2859 divina
481 2801 575 2858 officia
605 2799 752 2857 celebrare
781 2803 1039 2871 presumpserunt,
1068 2797 1159 2854 donec
1189 2798 1365 2870 condignam
1377 2776 1536 2879 {litffflffl

313 2890 332 2915 '‘
351 2887 436 2944 uobis
452 2885 681 2943 satisfactionem
700 2882 865 2951 exhibeant,
885 2883 921 2939 ab
939 2883 1032 2939 officio
1050 2889 1080 2939 et
1097 2882 1237 2939 beneficio
1258 2883 1365 2941 habeas
1377 2878 1504 2971 {Qdmiffif

314 2976 334 2999 ‘⁸
352 2971 531 3027 interdictos.
576 2967 725 3024 Ministros
752 2972 914 3023 conventus
941 2985 1014 3039 quos
1044 2973 1110 3039 post
1139 2967 1364 3039 appellationem
1380 2980 1518 3022 emund

314 3058 333 3083 ‘¹
353 3054 554 3128 interpositam
572 3051 723 3118 amovisti,
736 3068 807 3123 qnos
823 3056 854 3106 et
865 3049 944 3106 idem
958 3049 1154 3123 predecessor
1169 3056 1269 3107 noster
1283 3053 1368 3108 resti·
1381 3029 1537 3075 ‘¹¹⁰⁰⁰¹¹'‘¹¹⁸'

314 3142 333 3166 “
352 3138 420 3205 tuit,
433 3137 540 3193 habeas
557 3136 719 3199 restitutos,
732 3139 763 3190 et
780 3151 829 3190 eos
847 3151 919 3206 quos
936 3133 1046 3206 pariter
1063 3138 1129 3206 post
1140 3134 1366 3206 appellationem

314 3225 333 3248 ‘⁸
352 3221 555 3294 interpositam
572 3217 822 3275 excommunicare
846 3216 893 3273 vel
918 3216 1093 3289 suspendere
1110 3217 1240 3286 voluisti,
1259 3219 1367 3276 habeas

313 3308 334 3335 ⁴⁴
353 3305 542 3362 nihilomiuus
560 3303 725 3367 absolutos;
745 3307 775 3357 et
796 3300 934 3358 universa
958 3318 1023 3372 quse
1049 3306 1116 3373 post
1141 3303 1367 3375 appellationem

314 3391 447 3462 “ipsam
473 3389 505 3444 in
531 3405 631 3444 eorum
659 3402 819 3458 gravamen
846 3390 1021 3458 attemptata
1048 3391 1127 3452 snut,
1157 3386 1188 3441 in
1218 3388 1366 3445 invasione

314 3476 333 3500 “
353 3472 489 3530 videlicet
500 3472 635 3529 villarum
651 3475 682 3526 et
697 3469 913 3542 possessionum
922 3487 1056 3536 suarum,
1069 3468 1239 3526 reddituum
1251 3488 1366 3546 quoqne

314 3559 333 3583 “
353 3560 384 3612 et
408 3555 532 3612 aliorum
558 3571 624 3627 qum
648 3557 718 3610 ante
738 3552 965 3626 appellationem
982 3551 1155 3620 habuerant,
1175 3559 1206 3609 et
1222 3554 1366 3612 ablatione

314 3637 487 3694 “similiter
512 3637 636 3693 aliarum
662 3653 775 3701 rerum,
792 3635 825 3691 in
846 3639 956 3692 statum
980 3634 1147 3707 pristinum,
1171 3637 1366 3709 appellatione

313 3724 333 3749 ‘⁶
353 3727 384 3777 et
401 3718 629 3777 conmadietione
641 3721 784 3784 cessante,
799 3716 931 3774 reducas.
967 3716 1016 3773 Ad
1033 3717 1106 3785 haec,
1120 3718 1190 3790 quia
1207 3719 1366 3777 secundum
1381 3745 1480 3792 nm„

314 3807 333 3832 ‘⁶
353 3805 476 3860 formem
498 3802 576 3876 juris
599 3804 666 3875 post
688 3801 913 3874 appellationem
933 3800 976 3857 nil
994 3807 1040 3857 est
1058 3802 1266 3871 innovandum,
1284 3806 1367 3862 vola·
1379 3802 1520 3892 ffiffi'ssm

314 3891 334 3915 ‘⁴
353 3905 419 3943 mus
442 3893 472 3943 et
495 3885 682 3959 precipimus
706 3888 749 3950 ut,
774 3884 920 3958 pendente
937 3884 1058 3958 judicio,
1077 3885 1109 3941 in
1127 3885 1285 3943 eorundem
1309 3889 1367 3944 fra·
1379 3899 1493 3952 channen

313 3975 334 3999 “
353 3977 432 4027 num
459 3969 670 4026 detrimentum
695 3966 773 4024 circa
800 3973 908 4024 statum
936 3968 1104 4025 monasterii
1130 3969 1223 4025 nichil
1247 3972 1366 4027 omnino

314 4058 468 4126 “satagas
498 4053 664 4109 immutare.
708 4051 927 4107 Nichilominus
943 4052 1153 4125 ¹preacipiendo
1182 4054 1364 4122 mandantes,

313 4142 333 4167 ‘¹
353 4143 388 4195 nt
411 4138 509 4194 omnia
534 4153 600 4208 quie
624 4134 697 4207 ipsis
720 4134 869 4191 monachis
892 4141 960 4207 post
976 4136 1202 4209 appellationem
1225 4137 1272 4192 vel
1297 4144 1366 4194 ente

314 4223 461 4294 “absque
482 4220 560 4294 juris
586 4217 688 4274 ordine
714 4217 819 4273 illicite
844 4218 1003 4285 abstulisti,
1023 4219 1055 4274 in
1080 4219 1199 4284 exeniis,
1224 4220 1364 4287 ecclesiis,
1378 4242 1503 4290 andere·

314 4309 334 4332 ‘⁶
353 4305 442 4370 villis,
461 4300 701 4375 possessionibus,
725 4299 890 4357 redditibus
914 4317 967 4356 seu
991 4300 1079 4357 rebus
1104 4300 1180 4367 aliis,
1206 4319 1274 4357 oum
1299 4321 1365 4359 con·
1379 4296 1441 4338 ”⁰¹⁰
1449 4297 1520 4391 3¹01

315 4391 334 4414 ‘⁶
353 4404 429 4459 grus
451 4383 719 4456 recompensatione
745 4383 894 4441 fruetuum
911 4388 1011 4457 postea
1028 4384 1131 4440 illicite
1149 4392 1363 4458 perceptorum,
1377 4355 1526 4443 lsslolnielrt

315 4475 334 4501 “
353 4477 385 4527 et
401 4467 588 4524 libertatibus
606 4474 638 4523 et
655 4466 906 4522 administratione
924 4467 1102 4541 competenti
1120 4472 1151 4523 et
1167 4466 1270 4535 libera,
1288 4469 1366 4526 infra
1377 4445 1509 4551 way„

314 4560 335 4585 ⁴¹
355 4551 551 4627 quadraginta
579 4550 640 4606 dies
669 4555 737 4622 post
767 4549 871 4605 harum
900 4550 1097 4623 receptionem
1124 4550 1279 4608 restituere
1305 4571 1365 4611 non

316 4642 335 4667 “
354 4636 484 4693 moreris
521 4634 599 4707 Ipsis
617 4649 733 4705 quoque
751 4632 901 4689 monachis
917 4633 1113 4706 precipiendo
1129 4633 1302 4692 mandamns
1320 4643 1365 4705 ut,

316 4724 335 4750 ‘⁶
356 4721 382 4777 si
400 4719 499 4795 aliqua
517 4721 619 4773 contra
632 4717 687 4799 jus·
700 4721 786 4773 tuum
803 4721 834 4771 et
851 4716 991 4771 honorem
1008 4723 1265 4794 presumpserunt,
1282 4722 1367 4778 meis„
1407 4738 1412 4751 κ
