<?xml version="1.0" encoding="UTF-8"?>
<!DOCTYPE html PUBLIC "-//W3C//DTD XHTML 1.0 Transitional//EN"
    "http://www.w3.org/TR/xhtml1/DTD/xhtml1-transitional.dtd">
<html xmlns="http://www.w3.org/1999/xhtml" xml:lang="en" lang="en">
 <head>
  <title>
</title>
<meta http-equiv="Content-Type" content="text/html;charset=utf-8" />
  <meta name='ocr-system' content='tesseract 3.04.00' />
  <meta name='ocr-capabilities' content='ocr_page ocr_carea ocr_par ocr_line ocrx_word'/>
</head>
<body>
  <div class='ocr_page' id='page_1' title='image "./historicalworks00offigoog_0236.png"; bbox 0 0 3662 5728; ppageno 0'>
   <div class='ocr_carea' id='block_1_1' title="bbox 385 886 1231 958">
    <p class='ocr_par' dir='ltr' id='par_1_1' title="bbox 385 886 1231 958">
     <span class='ocr_line' id='line_1_1' title="bbox 385 886 1231 958; baseline 0.001 -5"><span class='ocrx_word' id='word_1_1' title='bbox 385 886 450 958; x_wconf 79' lang='lat'>172</span> <span class='ocrx_word' id='word_1_2' title='bbox 585 902 748 953; x_wconf 73' lang='lat' dir='ltr'>amusan</span> <span class='ocrx_word' id='word_1_3' title='bbox 771 902 933 954; x_wconf 77' lang='lat' dir='ltr'>nouacm</span> <span class='ocrx_word' id='word_1_4' title='bbox 955 901 1231 957; x_wconf 75' lang='lat' dir='ltr'>carmasmuss</span> 
     </span>
    </p>
   </div>
   <div class='ocr_carea' id='block_1_2' title="bbox 105 1089 1604 2501">
    <p class='ocr_par' dir='ltr' id='par_1_2' title="bbox 105 1089 1604 1482">
     <span class='ocr_line' id='line_1_2' title="bbox 105 1089 1602 1181; baseline 0.004 -34"><span class='ocrx_word' id='word_1_5' title='bbox 105 1140 109 1147; x_wconf 84' lang='grc'>,</span> <span class='ocrx_word' id='word_1_6' title='bbox 231 1103 355 1150; x_wconf 68' lang='lat' dir='ltr'>annua</span> <span class='ocrx_word' id='word_1_7' title='bbox 383 1090 472 1168; x_wconf 89' lang='lat' dir='ltr'>liam,</span> <span class='ocrx_word' id='word_1_8' title='bbox 495 1089 699 1176; x_wconf 71' lang='lat' dir='ltr'>senonisque</span> <span class='ocrx_word' id='word_1_9' title='bbox 722 1110 781 1176; x_wconf 87' lang='lat' dir='ltr'>per</span> <span class='ocrx_word' id='word_1_10' title='bbox 802 1089 930 1176; x_wconf 91' lang='lat' dir='ltr'>aliquot</span> <span class='ocrx_word' id='word_1_11' title='bbox 951 1110 1055 1156; x_wconf 88' lang='lat' dir='ltr'>annos</span> <span class='ocrx_word' id='word_1_12' title='bbox 1089 1090 1218 1156; x_wconf 87' lang='lat' dir='ltr'>resedit</span> <span class='ocrx_word' id='word_1_13' title='bbox 1265 1090 1320 1157; x_wconf 81' lang='lat' dir='ltr'>Ad</span> <span class='ocrx_word' id='word_1_14' title='bbox 1342 1112 1440 1178; x_wconf 91' lang='lat' dir='ltr'>quem</span> <span class='ocrx_word' id='word_1_15' title='bbox 1453 1101 1602 1181; x_wconf 54' lang='lat' dir='ltr'>uesanos.</span> 
     </span>
     <span class='ocr_line' id='line_1_3' title="bbox 214 1167 1604 1280; baseline -0.001 -19"><span class='ocrx_word' id='word_1_16' title='bbox 214 1167 363 1261; x_wconf 53' lang='lat' dir='ltr'>ddddssffait</span> <span class='ocrx_word' id='word_1_17' title='bbox 384 1192 497 1257; x_wconf 88' lang='lat' dir='ltr'>statim</span> <span class='ocrx_word' id='word_1_18' title='bbox 527 1197 603 1280; x_wconf 88' lang='lat' dir='ltr'>post</span> <span class='ocrx_word' id='word_1_19' title='bbox 625 1190 901 1258; x_wconf 88' lang='lat' dir='ltr'>consecrationem</span> <span class='ocrx_word' id='word_1_20' title='bbox 924 1212 1016 1256; x_wconf 85' lang='lat' dir='ltr'>suam</span> <span class='ocrx_word' id='word_1_21' title='bbox 1053 1190 1146 1256; x_wconf 91' lang='lat' dir='ltr'>misit</span> <span class='ocrx_word' id='word_1_22' title='bbox 1179 1191 1440 1280; x_wconf 87' lang='lat' dir='ltr'>archiepiscopus</span> <span class='ocrx_word' id='word_1_23' title='bbox 1452 1167 1496 1221; x_wconf 54' lang='grc' dir='ltr'>Ιώ·</span> <span class='ocrx_word' id='word_1_24' title='bbox 1504 1184 1571 1221; x_wconf 64' lang='lat'><strong>¹⁸¹⁰·</strong></span> <span class='ocrx_word' id='word_1_25' title='bbox 1579 1174 1604 1221; x_wconf 80' lang='lat'>⁴·</span> 
     </span>
     <span class='ocr_line' id='line_1_4' title="bbox 212 1268 1441 1380; baseline 0 -18"><span class='ocrx_word' id='word_1_26' title='bbox 212 1268 350 1371; x_wconf 44' lang='lat' dir='ltr'>{heidelb</span> <span class='ocrx_word' id='word_1_27' title='bbox 383 1293 511 1359; x_wconf 88' lang='lat' dir='ltr'>litteras</span> <span class='ocrx_word' id='word_1_28' title='bbox 534 1298 569 1359; x_wconf 89' lang='lat' dir='ltr'>et</span> <span class='ocrx_word' id='word_1_29' title='bbox 590 1294 734 1370; x_wconf 91' lang='lat' dir='ltr'>nuntios,</span> <span class='ocrx_word' id='word_1_30' title='bbox 757 1314 876 1380; x_wconf 84' lang='lat' dir='ltr'>rogans</span> <span class='ocrx_word' id='word_1_31' title='bbox 899 1298 934 1357; x_wconf 91' lang='lat' dir='ltr'>et</span> <span class='ocrx_word' id='word_1_32' title='bbox 955 1298 1071 1379; x_wconf 84' lang='lat' dir='ltr'>petens</span> <span class='ocrx_word' id='word_1_33' title='bbox 1093 1297 1134 1357; x_wconf 92' lang='lat' dir='ltr'>ut</span> <span class='ocrx_word' id='word_1_34' title='bbox 1155 1293 1220 1358; x_wconf 89' lang='lat' dir='ltr'>sibi</span> <span class='ocrx_word' id='word_1_35' title='bbox 1243 1299 1278 1359; x_wconf 90' lang='lat' dir='ltr'>et</span> <span class='ocrx_word' id='word_1_36' title='bbox 1297 1295 1441 1362; x_wconf 74' lang='lat' dir='ltr'>eeclesia</span> 
     </span>
     <span class='ocr_line' id='line_1_5' title="bbox 214 1370 1379 1482; baseline 0.001 -22"><span class='ocrx_word' id='word_1_37' title='bbox 214 1370 320 1414; x_wconf 71' lang='lat' dir='ltr'>raom-a</span> <span class='ocrx_word' id='word_1_38' title='bbox 384 1394 616 1460; x_wconf 67' lang='lat' dir='ltr'>cantuariensi</span> <span class='ocrx_word' id='word_1_39' title='bbox 638 1395 777 1481; x_wconf 85' lang='lat' dir='ltr'>pallium</span> <span class='ocrx_word' id='word_1_40' title='bbox 800 1393 1051 1471; x_wconf 67' lang='lat' dir='ltr'>transmitteret,</span> <span class='ocrx_word' id='word_1_41' title='bbox 1074 1400 1110 1459; x_wconf 91' lang='lat' dir='ltr'>et</span> <span class='ocrx_word' id='word_1_42' title='bbox 1131 1416 1174 1459; x_wconf 86' lang='lat' dir='ltr'>ex</span> <span class='ocrx_word' id='word_1_43' title='bbox 1196 1395 1335 1482; x_wconf 90' lang='lat' dir='ltr'>antiquo</span> <span class='ocrx_word' id='word_1_44' title='bbox 1365 1396 1379 1482; x_wconf 91' lang='lat' dir='ltr'><strong>j</strong></span> 
     </span>
    </p>

    <p class='ocr_par' dir='ltr' id='par_1_3' title="bbox 284 1495 1442 1889">
     <span class='ocr_line' id='line_1_6' title="bbox 383 1495 1440 1584; baseline 0.004 -23"><span class='ocrx_word' id='word_1_45' title='bbox 383 1495 615 1563; x_wconf 67' lang='lat' dir='ltr'>cantuariensi</span> <span class='ocrx_word' id='word_1_46' title='bbox 638 1497 781 1563; x_wconf 82' lang='lat' dir='ltr'>ecelesiae</span> <span class='ocrx_word' id='word_1_47' title='bbox 804 1497 951 1563; x_wconf 79' lang='lat' dir='ltr'>debitam</span> <span class='ocrx_word' id='word_1_48' title='bbox 986 1502 1021 1562; x_wconf 91' lang='lat' dir='ltr'>et</span> <span class='ocrx_word' id='word_1_49' title='bbox 1054 1500 1245 1563; x_wconf 87' lang='lat' dir='ltr'>consuetam</span> <span class='ocrx_word' id='word_1_50' title='bbox 1278 1502 1440 1584; x_wconf 90' lang='lat' dir='ltr'>metropo-</span> 
     </span>
     <span class='ocr_line' id='line_1_7' title="bbox 383 1596 1440 1684; baseline 0.004 -23"><span class='ocrx_word' id='word_1_51' title='bbox 383 1597 479 1663; x_wconf 87' lang='lat' dir='ltr'>litani</span> <span class='ocrx_word' id='word_1_52' title='bbox 502 1603 712 1664; x_wconf 85' lang='lat' dir='ltr'>conservaret</span> <span class='ocrx_word' id='word_1_53' title='bbox 734 1597 938 1683; x_wconf 83' lang='lat' dir='ltr'>dignitatem</span> <span class='ocrx_word' id='word_1_54' title='bbox 985 1596 1158 1662; x_wconf 89' lang='lat' dir='ltr'>Abeuntes</span> <span class='ocrx_word' id='word_1_55' title='bbox 1180 1598 1295 1684; x_wconf 72' lang='lat' dir='ltr'>itaque</span> <span class='ocrx_word' id='word_1_56' title='bbox 1327 1601 1440 1665; x_wconf 91' lang='lat' dir='ltr'>nuntii</span> 
     </span>
     <span class='ocr_line' id='line_1_8' title="bbox 284 1689 1442 1787; baseline 0.004 -24"><span class='ocrx_word' id='word_1_57' title='bbox 284 1734 289 1739; x_wconf 95' lang='lat'>·</span> <span class='ocrx_word' id='word_1_58' title='bbox 370 1700 553 1765; x_wconf 88' lang='lat' dir='ltr'>dominum</span> <span class='ocrx_word' id='word_1_59' title='bbox 576 1721 698 1787; x_wconf 90' lang='lat' dir='ltr'>papam</span> <span class='ocrx_word' id='word_1_60' title='bbox 724 1700 906 1786; x_wconf 85' lang='lat' dir='ltr'>benignum</span> <span class='ocrx_word' id='word_1_61' title='bbox 926 1689 1122 1785; x_wconf 83' lang='lat' dir='ltr'>reperenmt</span> <span class='ocrx_word' id='word_1_62' title='bbox 1143 1704 1178 1765; x_wconf 91' lang='lat' dir='ltr'>et</span> <span class='ocrx_word' id='word_1_63' title='bbox 1208 1700 1384 1779; x_wconf 86' lang='lat' dir='ltr'>affabilem,</span> <span class='ocrx_word' id='word_1_64' title='bbox 1406 1707 1442 1768; x_wconf 91' lang='lat' dir='ltr'>et</span> 
     </span>
     <span class='ocr_line' id='line_1_9' title="bbox 381 1799 1442 1889; baseline 0.003 -21"><span class='ocrx_word' id='word_1_65' title='bbox 381 1806 515 1887; x_wconf 81' lang='lat' dir='ltr'>accepto</span> <span class='ocrx_word' id='word_1_66' title='bbox 537 1801 647 1889; x_wconf 90' lang='lat' dir='ltr'>pallio,</span> <span class='ocrx_word' id='word_1_67' title='bbox 662 1801 699 1866; x_wconf 91' lang='lat' dir='ltr'>in</span> <span class='ocrx_word' id='word_1_68' title='bbox 715 1801 769 1866; x_wconf 89' lang='lat' dir='ltr'>die</span> <span class='ocrx_word' id='word_1_69' title='bbox 784 1799 899 1868; x_wconf 83' lang='lat' dir='ltr'>Sancti</span> <span class='ocrx_word' id='word_1_70' title='bbox 914 1800 1086 1867; x_wconf 88' lang='lat' dir='ltr'>Laurentii</span> <span class='ocrx_word' id='word_1_71' title='bbox 1102 1799 1340 1869; x_wconf 84' lang='lat' dir='ltr'>Cantuariam¹</span> <span class='ocrx_word' id='word_1_72' title='bbox 1362 1810 1442 1871; x_wconf 88' lang='lat' dir='ltr'>sunt</span> 
     </span>
    </p>

    <p class='ocr_par' dir='ltr' id='par_1_4' title="bbox 164 1924 1439 2501">
     <span class='ocr_line' id='line_1_10' title="bbox 382 1924 514 1969; baseline 0.015 -2"><span class='ocrx_word' id='word_1_73' title='bbox 382 1924 514 1969; x_wconf 77' lang='lat' dir='ltr'>reversa</span> 
     </span>
     <span class='ocr_line' id='line_1_11' title="bbox 213 2002 1439 2092; baseline -0.001 -19"><span class='ocrx_word' id='word_1_74' title='bbox 213 2026 295 2081; x_wconf 75' lang='lat' dir='ltr'>fleury</span> <span class='ocrx_word' id='word_1_75' title='bbox 427 2005 540 2071; x_wconf 87' lang='lat' dir='ltr'>Mense</span> <span class='ocrx_word' id='word_1_76' title='bbox 572 2002 746 2071; x_wconf 86' lang='lat' dir='ltr'>Decembri</span> <span class='ocrx_word' id='word_1_77' title='bbox 783 2025 843 2070; x_wconf 82' lang='lat' dir='ltr'>rex</span> <span class='ocrx_word' id='word_1_78' title='bbox 880 2003 1045 2070; x_wconf 87' lang='lat' dir='ltr'>Henricus</span> <span class='ocrx_word' id='word_1_79' title='bbox 1078 2004 1173 2071; x_wconf 88' lang='lat' dir='ltr'>venit</span> <span class='ocrx_word' id='word_1_80' title='bbox 1206 2004 1243 2070; x_wconf 93' lang='lat' dir='ltr'>in</span> <span class='ocrx_word' id='word_1_81' title='bbox 1274 2005 1439 2092; x_wconf 81' lang='lat' dir='ltr'>Angliam,</span> 
     </span>
     <span class='ocr_line' id='line_1_12' title="bbox 212 2080 1439 2193; baseline 0.001 -21"><span class='ocrx_word' id='word_1_82' title='bbox 212 2080 341 2173; x_wconf 44' lang='lat' dir='ltr'>{cammada</span> <span class='ocrx_word' id='word_1_83' title='bbox 382 2108 435 2175; x_wconf 89' lang='lat' dir='ltr'>oui</span> <span class='ocrx_word' id='word_1_84' title='bbox 458 2106 600 2174; x_wconf 85' lang='lat' dir='ltr'>occurrit</span> <span class='ocrx_word' id='word_1_85' title='bbox 621 2105 763 2172; x_wconf 83' lang='lat' dir='ltr'>Thomas</span> <span class='ocrx_word' id='word_1_86' title='bbox 785 2106 1055 2193; x_wconf 76' lang='lat' dir='ltr'>archiepiscopus,</span> <span class='ocrx_word' id='word_1_87' title='bbox 1080 2112 1115 2172; x_wconf 88' lang='lat' dir='ltr'>et</span> <span class='ocrx_word' id='word_1_88' title='bbox 1147 2107 1185 2172; x_wconf 93' lang='lat' dir='ltr'>in</span> <span class='ocrx_word' id='word_1_89' title='bbox 1218 2108 1272 2173; x_wconf 89' lang='lat' dir='ltr'>die</span> <span class='ocrx_word' id='word_1_90' title='bbox 1307 2107 1439 2174; x_wconf 83' lang='lat' dir='ltr'>Natalis</span> 
     </span>
     <span class='ocr_line' id='line_1_13' title="bbox 164 2181 1438 2300; baseline -0.002 -25"><span class='ocrx_word' id='word_1_91' title='bbox 164 2244 173 2253; x_wconf 89' lang='lat'>-</span> <span class='ocrx_word' id='word_1_92' title='bbox 210 2181 336 2300; x_wconf 44' lang='lat' dir='ltr'>hala?</span> <span class='ocrx_word' id='word_1_93' title='bbox 382 2210 518 2275; x_wconf 69' lang='lat' dir='ltr'>nomini</span> <span class='ocrx_word' id='word_1_94' title='bbox 539 2210 673 2274; x_wconf 73' lang='lat' dir='ltr'>masam</span> <span class='ocrx_word' id='word_1_95' title='bbox 695 2207 875 2274; x_wconf 69' lang='lat' dir='ltr'>alaeam</span> <span class='ocrx_word' id='word_1_96' title='bbox 896 2208 933 2273; x_wconf 73' lang='lat' dir='ltr'>in</span> <span class='ocrx_word' id='word_1_97' title='bbox 947 2207 1082 2276; x_wconf 68' lang='lat' dir='ltr'>amaia</span> <span class='ocrx_word' id='word_1_98' title='bbox 1105 2207 1219 2274; x_wconf 64' lang='lat' dir='ltr'>sace</span> <span class='ocrx_word' id='word_1_99' title='bbox 1234 2207 1331 2274; x_wconf 71' lang='lat' dir='ltr'>ram</span> <span class='ocrx_word' id='word_1_100' title='bbox 1353 2208 1438 2275; x_wconf 78' lang='lat' dir='ltr'>uon.</span> 
     </span>
     <span class='ocr_line' id='line_1_14' title="bbox 211 2279 1438 2397; baseline 0 -22"><span class='ocrx_word' id='word_1_101' title='bbox 211 2279 354 2378; x_wconf 54' lang='lat' dir='ltr'>iti‘d&#39;fi</span> <span class='ocrx_word' id='word_1_102' title='bbox 382 2312 499 2390; x_wconf 87' lang='lat' dir='ltr'>deniae,</span> <span class='ocrx_word' id='word_1_103' title='bbox 522 2311 607 2397; x_wconf 79' lang='lat' dir='ltr'>quia,</span> <span class='ocrx_word' id='word_1_104' title='bbox 631 2316 671 2376; x_wconf 90' lang='lat' dir='ltr'>ut</span> <span class='ocrx_word' id='word_1_105' title='bbox 692 2311 888 2397; x_wconf 82' lang='lat' dir='ltr'>praedictum</span> <span class='ocrx_word' id='word_1_106' title='bbox 917 2317 974 2390; x_wconf 74' lang='lat' dir='ltr'>est,</span> <span class='ocrx_word' id='word_1_107' title='bbox 998 2311 1133 2377; x_wconf 87' lang='lat' dir='ltr'>vacavit</span> <span class='ocrx_word' id='word_1_108' title='bbox 1154 2317 1236 2378; x_wconf 91' lang='lat' dir='ltr'>tunc</span> <span class='ocrx_word' id='word_1_109' title='bbox 1257 2311 1349 2377; x_wconf 89' lang='lat' dir='ltr'>sedes</span> <span class='ocrx_word' id='word_1_110' title='bbox 1371 2310 1438 2391; x_wconf 87' lang='lat' dir='ltr'>illa,</span> 
     </span>
     <span class='ocr_line' id='line_1_15' title="bbox 381 2411 1439 2501; baseline 0.001 -23"><span class='ocrx_word' id='word_1_111' title='bbox 381 2435 443 2479; x_wconf 90' lang='lat' dir='ltr'>nec</span> <span class='ocrx_word' id='word_1_112' title='bbox 464 2413 576 2499; x_wconf 90' lang='lat' dir='ltr'>potuit</span> <span class='ocrx_word' id='word_1_113' title='bbox 597 2411 859 2499; x_wconf 85' lang='lat' dir='ltr'>archiepiscopus</span> <span class='ocrx_word' id='word_1_114' title='bbox 883 2411 1098 2479; x_wconf 82' lang='lat' dir='ltr'>Cantuariam</span> <span class='ocrx_word' id='word_1_115' title='bbox 1120 2414 1227 2480; x_wconf 87' lang='lat' dir='ltr'>redire</span> <span class='ocrx_word' id='word_1_116' title='bbox 1242 2414 1439 2501; x_wconf 88' lang='lat' dir='ltr'>tempestive</span> 
     </span>
    </p>
   </div>
   <div class='ocr_carea' id='block_1_3' title="bbox 383 2514 809 2582">
    <p class='ocr_par' dir='ltr' id='par_1_5' title="bbox 383 2514 809 2582">
     <span class='ocr_line' id='line_1_16' title="bbox 383 2514 809 2582; baseline 0.002 -1"><span class='ocrx_word' id='word_1_117' title='bbox 383 2515 427 2581; x_wconf 90' lang='lat' dir='ltr'>ad</span> <span class='ocrx_word' id='word_1_118' title='bbox 450 2515 538 2581; x_wconf 92' lang='lat' dir='ltr'>diem</span> <span class='ocrx_word' id='word_1_119' title='bbox 560 2515 681 2581; x_wconf 89' lang='lat' dir='ltr'>festum</span> <span class='ocrx_word' id='word_1_120' title='bbox 704 2514 809 2582; x_wconf 85' lang='lat' dir='ltr'>illum</span> 
     </span>
    </p>
   </div>
   <div class='ocr_carea' id='block_1_4' title="bbox 773 2736 1051 2805">
    <p class='ocr_par' dir='ltr' id='par_1_6' title="bbox 773 2736 1051 2805">
     <span class='ocr_line' id='line_1_17' title="bbox 773 2736 1051 2805; baseline 0.004 -2"><span class='ocrx_word' id='word_1_121' title='bbox 773 2736 1051 2805; x_wconf 66' lang='lat' dir='ltr'>Momm-V.</span> 
     </span>
    </p>
   </div>
   <div class='ocr_carea' id='block_1_5' title="bbox 210 2879 1599 4499">
    <p class='ocr_par' dir='ltr' id='par_1_7' title="bbox 210 2879 1599 3273">
     <span class='ocr_line' id='line_1_18' title="bbox 228 2879 1599 2972; baseline 0.003 -33"><span class='ocrx_word' id='word_1_122' title='bbox 228 2895 351 2941; x_wconf 72' lang='lat' dir='ltr'>annm</span> <span class='ocrx_word' id='word_1_123' title='bbox 427 2879 585 2970; x_wconf 79' lang='lat' dir='ltr'>Cogitans</span> <span class='ocrx_word' id='word_1_124' title='bbox 607 2879 870 2969; x_wconf 83' lang='lat' dir='ltr'>archiepiscopus</span> <span class='ocrx_word' id='word_1_125' title='bbox 892 2880 966 2967; x_wconf 89' lang='lat' dir='ltr'>quis</span> <span class='ocrx_word' id='word_1_126' title='bbox 988 2879 1158 2966; x_wconf 87' lang='lat' dir='ltr'>hucusque</span> <span class='ocrx_word' id='word_1_127' title='bbox 1180 2880 1282 2946; x_wconf 87' lang='lat' dir='ltr'>fuerit</span> <span class='ocrx_word' id='word_1_128' title='bbox 1307 2887 1343 2947; x_wconf 91' lang='lat' dir='ltr'>et</span> <span class='ocrx_word' id='word_1_129' title='bbox 1364 2882 1438 2969; x_wconf 88' lang='lat' dir='ltr'>quis</span> <span class='ocrx_word' id='word_1_130' title='bbox 1451 2893 1599 2972; x_wconf 57' lang='lat' dir='ltr'>uesanos</span> 
     </span>
     <span class='ocr_line' id='line_1_19' title="bbox 211 2959 1599 3070; baseline 0.001 -21"><span class='ocrx_word' id='word_1_131' title='bbox 211 2961 342 3066; x_wconf 49' lang='lat' dir='ltr'>{5¹:23⁰ss</span> <span class='ocrx_word' id='word_1_132' title='bbox 381 3006 470 3050; x_wconf 91' lang='lat' dir='ltr'>nunc</span> <span class='ocrx_word' id='word_1_133' title='bbox 491 2983 598 3050; x_wconf 82' lang='lat' dir='ltr'>factus</span> <span class='ocrx_word' id='word_1_134' title='bbox 632 2983 685 3062; x_wconf 90' lang='lat' dir='ltr'>sit,</span> <span class='ocrx_word' id='word_1_135' title='bbox 718 2984 820 3070; x_wconf 88' lang='lat' dir='ltr'>coepit</span> <span class='ocrx_word' id='word_1_136' title='bbox 853 2983 969 3049; x_wconf 87' lang='lat' dir='ltr'>statim</span> <span class='ocrx_word' id='word_1_137' title='bbox 1000 2983 1044 3048; x_wconf 90' lang='lat' dir='ltr'>ab</span> <span class='ocrx_word' id='word_1_138' title='bbox 1076 2983 1174 3049; x_wconf 86' lang='lat' dir='ltr'>initio</span> <span class='ocrx_word' id='word_1_139' title='bbox 1208 2988 1310 3062; x_wconf 86' lang='lat' dir='ltr'>actus,</span> <span class='ocrx_word' id='word_1_140' title='bbox 1333 2959 1599 3050; x_wconf 69' lang='lat' dir='ltr'>mores¹¹b&#39;¹¹¹&#39;⁰&#39;²‘</span> 
     </span>
     <span class='ocr_line' id='line_1_20' title="bbox 211 3075 1438 3175; baseline 0 -23"><span class='ocrx_word' id='word_1_141' title='bbox 211 3075 350 3175; x_wconf 53' lang='lat' dir='ltr'>ffiiffassnof</span> <span class='ocrx_word' id='word_1_142' title='bbox 381 3090 416 3152; x_wconf 88' lang='lat' dir='ltr'>et</span> <span class='ocrx_word' id='word_1_143' title='bbox 437 3085 545 3152; x_wconf 86' lang='lat' dir='ltr'>vitam</span> <span class='ocrx_word' id='word_1_144' title='bbox 567 3106 770 3172; x_wconf 89' lang='lat' dir='ltr'>componere,</span> <span class='ocrx_word' id='word_1_145' title='bbox 793 3106 927 3171; x_wconf 84' lang='lat' dir='ltr'>seseque</span> <span class='ocrx_word' id='word_1_146' title='bbox 954 3085 990 3150; x_wconf 92' lang='lat' dir='ltr'>in</span> <span class='ocrx_word' id='word_1_147' title='bbox 1012 3084 1124 3150; x_wconf 81' lang='lat' dir='ltr'>virum</span> <span class='ocrx_word' id='word_1_148' title='bbox 1155 3083 1297 3150; x_wconf 85' lang='lat' dir='ltr'>alterum</span> <span class='ocrx_word' id='word_1_149' title='bbox 1330 3091 1438 3152; x_wconf 87' lang='lat' dir='ltr'>trans·</span> 
     </span>
     <span class='ocr_line' id='line_1_21' title="bbox 210 3164 1438 3273; baseline 0.002 -21"><span class='ocrx_word' id='word_1_150' title='bbox 210 3164 339 3210; x_wconf 50' lang='lat' dir='ltr'>mmm*</span> <span class='ocrx_word' id='word_1_151' title='bbox 380 3192 518 3265; x_wconf 90' lang='lat' dir='ltr'>mutare,</span> <span class='ocrx_word' id='word_1_152' title='bbox 542 3208 737 3272; x_wconf 87' lang='lat' dir='ltr'>omnemque</span> <span class='ocrx_word' id='word_1_153' title='bbox 768 3185 861 3250; x_wconf 89' lang='lat' dir='ltr'>illam</span> <span class='ocrx_word' id='word_1_154' title='bbox 891 3185 1008 3251; x_wconf 90' lang='lat' dir='ltr'>mundi</span> <span class='ocrx_word' id='word_1_155' title='bbox 1040 3186 1180 3272; x_wconf 82' lang='lat' dir='ltr'>gloriam</span> <span class='ocrx_word' id='word_1_156' title='bbox 1212 3207 1278 3273; x_wconf 91' lang='lat' dir='ltr'>qua</span> <span class='ocrx_word' id='word_1_157' title='bbox 1311 3188 1438 3253; x_wconf 74' lang='lat' dir='ltr'>aoetems</span> 
     </span>
    </p>

    <p class='ocr_par' dir='ltr' id='par_1_8' title="bbox 379 3286 1438 3375">
     <span class='ocr_line' id='line_1_22' title="bbox 379 3286 1438 3375; baseline 0.002 -22"><span class='ocrx_word' id='word_1_158' title='bbox 379 3287 549 3375; x_wconf 86' lang='lat' dir='ltr'>hucusque</span> <span class='ocrx_word' id='word_1_159' title='bbox 579 3287 794 3373; x_wconf 71' lang='lat' dir='ltr'>praefulserat,</span> <span class='ocrx_word' id='word_1_160' title='bbox 824 3287 862 3351; x_wconf 93' lang='lat' dir='ltr'>in</span> <span class='ocrx_word' id='word_1_161' title='bbox 894 3286 1088 3375; x_wconf 78' lang='lat' dir='ltr'>religionem</span> <span class='ocrx_word' id='word_1_162' title='bbox 1126 3287 1254 3373; x_wconf 90' lang='lat' dir='ltr'>Deique</span> <span class='ocrx_word' id='word_1_163' title='bbox 1286 3289 1438 3355; x_wconf 88' lang='lat' dir='ltr'>timorem</span> 
     </span>
    </p>

    <p class='ocr_par' dir='ltr' id='par_1_9' title="bbox 379 3389 1438 3477">
     <span class='ocr_line' id='line_1_23' title="bbox 379 3389 1438 3477; baseline 0.001 -21"><span class='ocrx_word' id='word_1_164' title='bbox 379 3391 505 3477; x_wconf 88' lang='lat' dir='ltr'>pariter</span> <span class='ocrx_word' id='word_1_165' title='bbox 543 3395 577 3455; x_wconf 87' lang='lat' dir='ltr'>et</span> <span class='ocrx_word' id='word_1_166' title='bbox 611 3411 755 3456; x_wconf 84' lang='lat' dir='ltr'>umorem</span> <span class='ocrx_word' id='word_1_167' title='bbox 793 3394 991 3456; x_wconf 87' lang='lat' dir='ltr'>convertere.</span> <span class='ocrx_word' id='word_1_168' title='bbox 1047 3389 1224 3476; x_wconf 89' lang='lat' dir='ltr'>Proposuit</span> <span class='ocrx_word' id='word_1_169' title='bbox 1252 3389 1364 3457; x_wconf 91' lang='lat' dir='ltr'>animo</span> <span class='ocrx_word' id='word_1_170' title='bbox 1401 3392 1438 3457; x_wconf 92' lang='lat' dir='ltr'>in</span> 
     </span>
    </p>

    <p class='ocr_par' dir='ltr' id='par_1_10' title="bbox 379 3491 1437 3580">
     <span class='ocr_line' id='line_1_24' title="bbox 379 3491 1437 3580; baseline 0.001 -22"><span class='ocrx_word' id='word_1_171' title='bbox 379 3498 494 3559; x_wconf 89' lang='lat' dir='ltr'>sancta</span> <span class='ocrx_word' id='word_1_172' title='bbox 538 3493 786 3559; x_wconf 88' lang='lat' dir='ltr'>conversatione</span> <span class='ocrx_word' id='word_1_173' title='bbox 831 3491 1043 3580; x_wconf 79' lang='lat' dir='ltr'>praeoedere²</span> <span class='ocrx_word' id='word_1_174' title='bbox 1079 3494 1166 3559; x_wconf 86' lang='lat' dir='ltr'>sicut</span> <span class='ocrx_word' id='word_1_175' title='bbox 1203 3491 1363 3560; x_wconf 88' lang='lat' dir='ltr'>hactenus</span> <span class='ocrx_word' id='word_1_176' title='bbox 1400 3495 1437 3559; x_wconf 91' lang='lat' dir='ltr'>in</span> 
     </span>
    </p>

    <p class='ocr_par' dir='ltr' id='par_1_11' title="bbox 380 3593 1436 3683">
     <span class='ocr_line' id='line_1_25' title="bbox 380 3593 1436 3683; baseline 0.001 -24"><span class='ocrx_word' id='word_1_177' title='bbox 380 3596 497 3660; x_wconf 89' lang='lat' dir='ltr'>mundi</span> <span class='ocrx_word' id='word_1_178' title='bbox 520 3594 625 3681; x_wconf 87' lang='lat' dir='ltr'>gloria</span> <span class='ocrx_word' id='word_1_179' title='bbox 648 3593 797 3660; x_wconf 75' lang='lat' dir='ltr'>caetens³</span> <span class='ocrx_word' id='word_1_180' title='bbox 818 3594 946 3661; x_wconf 88' lang='lat' dir='ltr'>solebat</span> <span class='ocrx_word' id='word_1_181' title='bbox 976 3594 1178 3681; x_wconf 70' lang='lat' dir='ltr'>praeminere.</span> <span class='ocrx_word' id='word_1_182' title='bbox 1224 3594 1343 3660; x_wconf 87' lang='lat' dir='ltr'>Induit</span> <span class='ocrx_word' id='word_1_183' title='bbox 1374 3596 1436 3683; x_wconf 79' lang='lat' dir='ltr'>igi-</span> 
     </span>
    </p>

    <p class='ocr_par' dir='ltr' id='par_1_12' title="bbox 379 3697 1437 3784">
     <span class='ocr_line' id='line_1_26' title="bbox 379 3697 1437 3784; baseline 0.001 -22"><span class='ocrx_word' id='word_1_184' title='bbox 379 3703 436 3762; x_wconf 92' lang='lat' dir='ltr'>tur</span> <span class='ocrx_word' id='word_1_185' title='bbox 457 3698 501 3762; x_wconf 90' lang='lat' dir='ltr'>ad</span> <span class='ocrx_word' id='word_1_186' title='bbox 523 3718 654 3763; x_wconf 85' lang='lat' dir='ltr'>carnem</span> <span class='ocrx_word' id='word_1_187' title='bbox 677 3697 830 3774; x_wconf 86' lang='lat' dir='ltr'>cilicium,</span> <span class='ocrx_word' id='word_1_188' title='bbox 853 3697 988 3762; x_wconf 84' lang='lat' dir='ltr'>induxit</span> <span class='ocrx_word' id='word_1_189' title='bbox 1010 3698 1150 3784; x_wconf 90' lang='lat' dir='ltr'>desuper</span> <span class='ocrx_word' id='word_1_190' title='bbox 1172 3697 1324 3763; x_wconf 89' lang='lat' dir='ltr'>monachi</span> <span class='ocrx_word' id='word_1_191' title='bbox 1342 3697 1437 3764; x_wconf 90' lang='lat' dir='ltr'>habi·</span> 
     </span>
    </p>

    <p class='ocr_par' dir='ltr' id='par_1_13' title="bbox 378 3798 1437 3887">
     <span class='ocr_line' id='line_1_27' title="bbox 378 3798 1437 3887; baseline 0.003 -24"><span class='ocrx_word' id='word_1_192' title='bbox 378 3804 460 3864; x_wconf 88' lang='lat' dir='ltr'>tum.</span> <span class='ocrx_word' id='word_1_193' title='bbox 506 3798 549 3864; x_wconf 93' lang='lat' dir='ltr'>In</span> <span class='ocrx_word' id='word_1_194' title='bbox 571 3799 789 3864; x_wconf 86' lang='lat' dir='ltr'>exterioribus</span> <span class='ocrx_word' id='word_1_195' title='bbox 812 3799 987 3865; x_wconf 87' lang='lat' dir='ltr'>canonicus</span> <span class='ocrx_word' id='word_1_196' title='bbox 1020 3799 1210 3886; x_wconf 84' lang='lat' dir='ltr'>apparebat,</span> <span class='ocrx_word' id='word_1_197' title='bbox 1232 3799 1367 3887; x_wconf 87' lang='lat' dir='ltr'>cupiens</span> <span class='ocrx_word' id='word_1_198' title='bbox 1400 3801 1437 3866; x_wconf 89' lang='lat' dir='ltr'>in</span> 
     </span>
    </p>

    <p class='ocr_par' dir='ltr' id='par_1_14' title="bbox 378 3901 1436 3989">
     <span class='ocr_line' id='line_1_28' title="bbox 378 3901 1436 3989; baseline 0.002 -23"><span class='ocrx_word' id='word_1_199' title='bbox 378 3901 469 3967; x_wconf 88' lang='lat' dir='ltr'>trina</span> <span class='ocrx_word' id='word_1_200' title='bbox 491 3905 583 3966; x_wconf 84' lang='lat' dir='ltr'>veste</span> <span class='ocrx_word' id='word_1_201' title='bbox 605 3901 709 3967; x_wconf 87' lang='lat' dir='ltr'>trium</span> <span class='ocrx_word' id='word_1_202' title='bbox 732 3907 963 3989; x_wconf 82' lang='lat' dir='ltr'>magnatorum</span> <span class='ocrx_word' id='word_1_203' title='bbox 985 3902 1127 3967; x_wconf 83' lang='lat' dir='ltr'>existere</span> <span class='ocrx_word' id='word_1_204' title='bbox 1157 3901 1291 3967; x_wconf 91' lang='lat' dir='ltr'>sedulus</span> <span class='ocrx_word' id='word_1_205' title='bbox 1324 3901 1436 3968; x_wconf 88' lang='lat' dir='ltr'>imita·</span> 
     </span>
    </p>

    <p class='ocr_par' dir='ltr' id='par_1_15' title="bbox 378 4002 1595 4499">
     <span class='ocr_line' id='line_1_29' title="bbox 378 4002 1595 4092; baseline -0.005 -23"><span class='ocrx_word' id='word_1_206' title='bbox 378 4007 439 4069; x_wconf 87' lang='lat' dir='ltr'>tor.</span> <span class='ocrx_word' id='word_1_207' title='bbox 485 4003 527 4067; x_wconf 92' lang='lat' dir='ltr'>In</span> <span class='ocrx_word' id='word_1_208' title='bbox 550 4002 656 4070; x_wconf 87' lang='lat' dir='ltr'>cilicio</span> <span class='ocrx_word' id='word_1_209' title='bbox 679 4004 796 4069; x_wconf 85' lang='lat' dir='ltr'>extitit</span> <span class='ocrx_word' id='word_1_210' title='bbox 818 4003 966 4069; x_wconf 88' lang='lat' dir='ltr'>imitator</span> <span class='ocrx_word' id='word_1_211' title='bbox 994 4002 1159 4069; x_wconf 87' lang='lat' dir='ltr'>Johannie</span> <span class='ocrx_word' id='word_1_212' title='bbox 1182 4002 1353 4090; x_wconf 74' lang='lat' dir='ltr'>Baptista,</span> <span class='ocrx_word' id='word_1_213' title='bbox 1376 4005 1435 4092; x_wconf 91' lang='lat' dir='ltr'>qui</span> <span class='ocrx_word' id='word_1_214' title='bbox 1448 4011 1595 4090; x_wconf 53' lang='lat' dir='ltr'>decanos</span> 
     </span>
     <span class='ocr_line' id='line_1_30' title="bbox 379 4080 1595 4192; baseline 0.001 -21"><span class='ocrx_word' id='word_1_215' title='bbox 379 4125 446 4171; x_wconf 95' lang='lat' dir='ltr'>non</span> <span class='ocrx_word' id='word_1_216' title='bbox 491 4104 646 4171; x_wconf 88' lang='lat' dir='ltr'>mollibus</span> <span class='ocrx_word' id='word_1_217' title='bbox 691 4106 749 4172; x_wconf 86' lang='lat' dir='ltr'>sed</span> <span class='ocrx_word' id='word_1_218' title='bbox 788 4104 867 4192; x_wconf 88' lang='lat' dir='ltr'>pilis</span> <span class='ocrx_word' id='word_1_219' title='bbox 904 4105 1103 4171; x_wconf 88' lang='lat' dir='ltr'>camelorum</span> <span class='ocrx_word' id='word_1_220' title='bbox 1140 4105 1366 4188; x_wconf 81' lang='lat' dir='ltr'>vestiebatur3</span> <span class='ocrx_word' id='word_1_221' title='bbox 1399 4080 1595 4172; x_wconf 63' lang='lat' dir='ltr'>intensae.</span> 
     </span>
     <span class='ocr_line' id='line_1_31' title="bbox 378 4206 1436 4287; baseline 0.001 -13"><span class='ocrx_word' id='word_1_222' title='bbox 378 4206 507 4274; x_wconf 86' lang='lat' dir='ltr'>cuculla</span> <span class='ocrx_word' id='word_1_223' title='bbox 536 4213 667 4273; x_wconf 87' lang='lat' dir='ltr'>secutus</span> <span class='ocrx_word' id='word_1_224' title='bbox 705 4211 756 4272; x_wconf 88' lang='lat' dir='ltr'>est</span> <span class='ocrx_word' id='word_1_225' title='bbox 793 4206 953 4273; x_wconf 85' lang='lat' dir='ltr'>Sanctum</span> <span class='ocrx_word' id='word_1_226' title='bbox 998 4206 1241 4287; x_wconf 82' lang='lat' dir='ltr'>Benedictum3</span> <span class='ocrx_word' id='word_1_227' title='bbox 1269 4206 1307 4272; x_wconf 92' lang='lat' dir='ltr'>in</span> <span class='ocrx_word' id='word_1_228' title='bbox 1343 4212 1436 4275; x_wconf 85' lang='lat' dir='ltr'>veste</span> 
     </span>
     <span class='ocr_line' id='line_1_32' title="bbox 378 4308 1436 4396; baseline -0.001 -20"><span class='ocrx_word' id='word_1_229' title='bbox 378 4310 536 4377; x_wconf 84' lang='lat' dir='ltr'>canonica</span> <span class='ocrx_word' id='word_1_230' title='bbox 569 4330 727 4396; x_wconf 84' lang='lat' dir='ltr'>magnum</span> <span class='ocrx_word' id='word_1_231' title='bbox 751 4308 986 4394; x_wconf 88' lang='lat' dir='ltr'>Augustinum.</span> <span class='ocrx_word' id='word_1_232' title='bbox 1032 4308 1129 4386; x_wconf 86' lang='lat' dir='ltr'>Actu,</span> <span class='ocrx_word' id='word_1_233' title='bbox 1152 4314 1262 4375; x_wconf 81' lang='lat' dir='ltr'>mente</span> <span class='ocrx_word' id='word_1_234' title='bbox 1285 4310 1339 4376; x_wconf 89' lang='lat' dir='ltr'>vel</span> <span class='ocrx_word' id='word_1_235' title='bbox 1373 4333 1436 4375; x_wconf 87' lang='lat' dir='ltr'>usu</span> 
     </span>
     <span class='ocr_line' id='line_1_33' title="bbox 378 4410 1436 4499; baseline 0.001 -22"><span class='ocrx_word' id='word_1_236' title='bbox 378 4412 509 4499; x_wconf 79' lang='lat' dir='ltr'>perdita</span> <span class='ocrx_word' id='word_1_237' title='bbox 542 4410 736 4487; x_wconf 86' lang='lat' dir='ltr'>elemosinis,</span> <span class='ocrx_word' id='word_1_238' title='bbox 768 4410 911 4477; x_wconf 87' lang='lat' dir='ltr'>lacrimis</span> <span class='ocrx_word' id='word_1_239' title='bbox 948 4415 983 4475; x_wconf 88' lang='lat' dir='ltr'>et</span> <span class='ocrx_word' id='word_1_240' title='bbox 1014 4410 1219 4476; x_wconf 87' lang='lat' dir='ltr'>orationibus</span> <span class='ocrx_word' id='word_1_241' title='bbox 1251 4416 1436 4478; x_wconf 88' lang='lat' dir='ltr'>restaurare</span> 
     </span>
    </p>
   </div>
   <div class='ocr_carea' id='block_1_6' title="bbox 380 4511 1435 4601">
    <p class='ocr_par' dir='ltr' id='par_1_16' title="bbox 380 4511 1435 4601">
     <span class='ocr_line' id='line_1_34' title="bbox 380 4511 1435 4601; baseline -0.001 -21"><span class='ocrx_word' id='word_1_242' title='bbox 380 4515 540 4601; x_wconf 86' lang='lat' dir='ltr'>cupiebat.</span> <span class='ocrx_word' id='word_1_243' title='bbox 599 4512 665 4578; x_wconf 84' lang='lat' dir='ltr'>Sed</span> <span class='ocrx_word' id='word_1_244' title='bbox 703 4532 771 4577; x_wconf 92' lang='lat' dir='ltr'>non</span> <span class='ocrx_word' id='word_1_245' title='bbox 808 4516 859 4577; x_wconf 89' lang='lat' dir='ltr'>cst</span> <span class='ocrx_word' id='word_1_246' title='bbox 896 4511 1013 4577; x_wconf 85' lang='lat' dir='ltr'>horum</span> <span class='ocrx_word' id='word_1_247' title='bbox 1052 4512 1194 4578; x_wconf 85' lang='lat' dir='ltr'>intentio</span> <span class='ocrx_word' id='word_1_248' title='bbox 1232 4513 1435 4580; x_wconf 87' lang='lat' dir='ltr'>cronicorum</span> 
     </span>
    </p>
   </div>
   <div class='ocr_carea' id='block_1_7' title="bbox 411 4739 1205 4887">
    <p class='ocr_par' dir='ltr' id='par_1_17' title="bbox 411 4739 1205 4887">
     <span class='ocr_line' id='line_1_35' title="bbox 414 4739 1205 4807; baseline 0.001 -16"><span class='ocrx_word' id='word_1_249' title='bbox 414 4740 421 4774; x_wconf 89' lang='lat'><strong>¹</strong></span> <span class='ocrx_word' id='word_1_250' title='bbox 437 4741 619 4807; x_wconf 77' lang='lat' dir='ltr'>Centaurion]</span> <span class='ocrx_word' id='word_1_251' title='bbox 634 4755 686 4791; x_wconf 89' lang='lat' dir='ltr'>om.</span> <span class='ocrx_word' id='word_1_252' title='bbox 698 4740 732 4789; x_wconf 84' lang='grc' dir='ltr'>Α.</span> <span class='ocrx_word' id='word_1_253' title='bbox 743 4739 775 4789; x_wconf 91' lang='lat' dir='ltr'>B.</span> <span class='ocrx_word' id='word_1_254' title='bbox 962 4741 973 4774; x_wconf 81' lang='lat'>⁸</span> <span class='ocrx_word' id='word_1_255' title='bbox 986 4740 1096 4807; x_wconf 73' lang='lat' dir='ltr'>catoris]</span> <span class='ocrx_word' id='word_1_256' title='bbox 1111 4756 1163 4792; x_wconf 87' lang='lat' dir='ltr'>om.</span> <span class='ocrx_word' id='word_1_257' title='bbox 1174 4741 1205 4795; x_wconf 85' lang='lat' dir='ltr'>C.</span> 
     </span>
     <span class='ocr_line' id='line_1_36' title="bbox 411 4817 879 4887; baseline -0.002 -16"><span class='ocrx_word' id='word_1_258' title='bbox 411 4820 423 4854; x_wconf 78' lang='lat'>²</span> <span class='ocrx_word' id='word_1_259' title='bbox 428 4818 580 4887; x_wconf 58' lang='lat' dir='ltr'>accedere]</span> <span class='ocrx_word' id='word_1_260' title='bbox 588 4818 686 4872; x_wconf 78' lang='lat' dir='ltr'>euteria</span> <span class='ocrx_word' id='word_1_261' title='bbox 693 4818 844 4883; x_wconf 76' lang='lat' dir='ltr'>praecellere,</span> <span class='ocrx_word' id='word_1_262' title='bbox 850 4817 879 4872; x_wconf 86' lang='lat'>0.</span> 
     </span>
    </p>
   </div>
   <div class='ocr_carea' id='block_1_8' title="bbox 0 0 1836 5728">
    <p class='ocr_par' dir='ltr' id='par_1_18' title="bbox 0 0 1836 5728">
     <span class='ocr_line' id='line_1_37' title="bbox 0 0 1836 5728; baseline 0 2"><span class='ocrx_word' id='word_1_263' title='bbox 0 0 1836 5728; x_wconf 95' lang='lat' dir='ltr'> </span> 
     </span>
    </p>
   </div>
  </div>
 </body>
</html>
