3572 5744
454 798 496 869 54
653 820 813 872 oanvssn
837 806 995 915 nonnoni
1019 818 1291 905 canrosamusrs

286 993 434 1090 Ἥῖξῖι*
453 1019 470 1045 “
494 1010 609 1076 Murus
640 1012 741 1078 etiam
775 1014 875 1079 curiae
906 1020 1028 1079 nostrae
1059 1012 1225 1100 ligonibus
1259 1013 1412 1078 effractus
1443 1020 1502 1089 est,

284 1092 436 1197 elffii&
453 1122 470 1147 ‘¹
493 1112 695 1179 officinarum
717 1136 798 1180 acrae
824 1120 859 1180 et
880 1114 989 1181 hostia
1017 1114 1143 1192 avulsa,
1165 1115 1333 1201 hospitum
1356 1120 1390 1180 et
1413 1115 1504 1179 infir-

286 1218 423 1290 msffiu.
453 1225 621 1282 “morum
659 1217 825 1294 victualia,
858 1223 899 1283 ιιι
936 1218 976 1282 de
1013 1218 1108 1283 nobis
1145 1223 1303 1295 taceatur,
1337 1223 1505 1304 asportata

283 1297 436 1393 ἔξῗέξᾱηῗι
453 1328 470 1353 “
492 1325 579 1385 sunt.
626 1320 815 1387 Servientca
837 1321 942 1387 nostri
965 1327 1000 1386 ct
1014 1321 1120 1387 clerici
1144 1343 1211 1388 nou
1233 1321 1338 1386 solum
1363 1322 1398 1386 in
1413 1322 1505 1388 cuma

453 1431 470 1455 “
492 1423 549 1488 sed
573 1427 608 1488 et
629 1423 665 1488 in
686 1423 772 1490 atrio
798 1423 941 1490 ccclesiae
970 1424 1118 1510 graviter
1140 1424 1305 1490 verberati
1335 1429 1370 1489 et
1399 1424 1503 1491 incar-

452 1532 469 1558 “
491 1524 593 1590 cerati
622 1531 708 1591 sunt.
762 1524 976 1592 Armatorum
1007 1526 1221 1591 multitudino
1259 1526 1312 1591 dic
1345 1531 1379 1590 et
1409 1530 1504 1592 nocte

452 1635 469 1661 “
492 1627 611 1693 misera
641 1627 889 1694 cantuariensis
912 1627 1047 1694 ecclesia
1069 1628 1194 1693 vallata
1215 1634 1274 1705 est,
1300 1628 1389 1695 acsi
1419 1635 1505 1693 esset

451 1736 468 1763 “
491 1734 634 1796 castrum
652 1730 723 1817 jam
748 1730 884 1817 jamque
913 1731 1046 1817 penitus
1072 1729 1338 1796 subvertendum.
1385 1730 1504 1795 Tribus

451 1840 468 1865 ⁴‘
492 1832 607 1898 dicbus
637 1839 672 1898 et
701 1833 839 1900 totidem
869 1834 1021 1900 noctibus
1047 1833 1153 1920 janua
1176 1832 1329 1899 cimiterii
1352 1833 1503 1899 obserata

450 1943 467 1968 “
491 1940 550 2012 est,
574 1957 616 2000 ne
649 1936 860 2002 moerentium
892 1936 1125 2002 monachorum
1155 1934 1364 2021 aliquatenus
1396 1936 1503 2002 exiret

451 2045 468 2070 “
491 2037 630 2115 miseria,
646 2037 757 2104 velud
784 2061 838 2104 eos
851 2037 966 2125 aliqua
981 2038 1134 2104 introiret
1148 2038 1376 2104 misericordia
1423 2037 1501 2104 Fra·

450 2147 467 2172 “
490 2146 557 2233 tres
595 2141 699 2207 nostri
736 2141 780 2206 ad
806 2141 1085 2229 archiepiscopum
1115 2139 1205 2227 pacis
1235 2139 1363 2205 intuitu
1401 2140 1502 2217 missi,

337 2253 350 2285 ¹
450 2249 467 2275 “
490 2240 526 2306 in
563 2242 654 2308 curia
690 2242 793 2328 ipsius
827 2249 862 2308 et
898 2244 970 2330 ipso
1000 2242 1218 2329 praecipiente,
1248 2242 1341 2328 equis
1371 2241 1503 2328 spoliati

489 2349 569 2408 sunt
597 2350 633 2409 et
663 2345 938 2412 excommunicati
976 2345 1103 2431 pedites
1136 2344 1313 2410 rediemnt.
1371 2343 1502 2411 Famuli

448 2455 466 2481 “
487 2446 591 2512 nostri
621 2447 812 2533 juramento
843 2447 1011 2514 constricti
1045 2451 1125 2512 sunt
1153 2469 1196 2513 nc
1230 2468 1428 2534 quemquam
1460 2469 1502 2513 ex

447 2557 464 2582 “
487 2549 582 2615 nobis
619 2550 710 2616 exire
747 2550 986 2637 permitterent,
1023 2550 1077 2616 vel
1109 2555 1267 2617 exeuntes
1311 2550 1500 2616 retinerent.

446 2659 464 2686 “
487 2651 605 2718 Portus
638 2653 738 2720 maris
769 2652 865 2719 nobis
887 2660 922 2718 ct
944 2652 1065 2718 nostris
1087 2651 1247 2739 prohibiti
1270 2657 1356 2730 sunt,
1380 2652 1445 2719 vioe
1467 2658 1502 2718 et

446 2764 463 2789 “
486 2756 612 2821 semitae
649 2756 754 2821 artius
791 2755 972 2832 custoditae,
1007 2776 1067 2820 neo
1104 2754 1238 2820 inclusis
1275 2753 1395 2820 nostris
1434 2754 1502 2821 ulla

401 2916 424 2948 m
486 2857 628 2923 dabatur
660 2858 796 2944 requies.
843 2855 1026 2943 Subprior¹
1060 2862 1171 2922 noster
1204 2860 1239 2921 et
1271 2856 1302 2921 ei
1337 2857 1372 2921 in
1385 2926 1389 2934 ,
1403 2878 1501 2923 causa

410 2986 417 2999 ·
446 2969 462 2995 “
485 2959 726 3026 consentientes
747 2981 770 3025 a
799 2957 1011 3045 presbiteris²
1040 2957 1280 3045 parochialibus
1314 2979 1499 3025 excommu-

444 3071 462 3097 “
483 3062 586 3130 niceti
609 3065 696 3139 sunt,
719 3061 800 3129 acsi
823 3061 946 3127 crimen
968 3068 1053 3126 esset
1076 3059 1165 3146 quod
1177 3059 1256 3146 jura
1278 3082 1346 3126 suae
1369 3066 1498 3126 tueren-

445 3174 462 3199 “
484 3170 541 3230 tur
562 3163 714 3240 ecclesia,
736 3170 771 3229 et
803 3184 861 3250 pro
883 3168 974 3228 statu
997 3185 1056 3229 suo
1079 3168 1194 3230 contra
1227 3168 1279 3228 tot
1307 3164 1501 3250 gravamina

444 3277 461 3303 “
483 3267 593 3333 sedem
615 3266 828 3353 apostolicam
851 3265 1078 3353 appellassent.
1125 3265 1249 3331 Nostra
1270 3265 1365 3332 nobis
1380 3267 1498 3345 omnia

442 3378 460 3405 ‘⁴
482 3378 522 3435 ut
555 3368 704 3447 audistis,
735 3368 847 3435 ablata
878 3373 965 3445 sunt
998 3371 1033 3433 et
1065 3367 1175 3433 aliona
1212 3368 1398 3435 mendicare
1431 3390 1498 3435 non

443 3481 459 3506 “
482 3493 662 3559 possumus.
709 3470 759 3537 Ea
787 3471 888 3537 etiam
911 3491 1016 3557 panca
1038 3491 1112 3556 quae
1134 3469 1291 3536 fratribus
1325 3470 1445 3536 nostris
1476 3466 1499 3537 'a

442 3583 460 3609 “
482 3575 611 3641 civibus
648 3572 838 3640 Cantuariae
876 3572 978 3639 allata
1011 3577 1091 3637 sunt
1120 3593 1143 3637 a
1170 3572 1372 3658 janitoribus
1406 3571 1498 3638 suis³

443 3676 657 3745 “crudeliter
687 3676 800 3743 ablata
832 3681 867 3741 et
900 3680 1031 3741 retenta
1063 3679 1152 3752 sunt,
1183 3680 1223 3739 ut
1260 3674 1377 3741 saltem
1411 3676 1496 3742 fame

441 3789 457 3815 “
480 3801 541 3846 nos
563 3779 795 3866 compellerent
815 3776 1030 3864 appellationi
1052 3777 1250 3844 renuntiare.
1296 3776 1379 3844 Hoec
1394 3777 1497 3855 nobis,

441 3892 456 3917 “
479 3881 656 3949 reverende
678 3886 781 3968 pater,
804 3881 840 3945 in
862 3881 937 3945 sinu
953 3887 1063 3947 vestro
1084 3881 1279 3967 gravamina
1301 3879 1395 3946 illata
1409 3885 1495 3957 sunt,

269 3975 411 4077 3,ξῇᾮῇ
441 3995 458 4021 “
481 3987 528 4053 sic
549 3984 702 4050 visitavit
723 4005 783 4050 nos
805 3989 899 4071 pater
921 3988 956 4049 et
978 3989 1090 4071 pastor
1111 3989 1222 4049 noster
1248 3983 1285 4048 in
1307 3984 1406 4050 sacris
1428 3983 1496 4048 die·

270 4080 411 4180 ?Jffl‘ghe
442 4098 458 4122 “
481 4088 542 4153 bus
565 4087 748 4167 Dominicae
770 4085 978 4152 Natiuitatis.
1023 4084 1173 4150 Placuit⁴
1196 4090 1309 4151 autem
1328 4084 1496 4150 sanctitati

270 4179 384 4277 {iffiffl
442 4201 458 4225 ‘¹
481 4196 600 4255 vestrm
624 4212 667 4255 ex
689 4188 823 4256 consilio
846 4188 995 4267 fratrum,
1017 4193 1057 4252 ut
1091 4188 1122 4253 ei
1154 4188 1334 4254 secundum
1358 4188 1497 4253 formam

439 4291 664 4357 “litterarum
698 4291 826 4356 Urbani
858 4312 953 4378 papae
990 4290 1175 4357 scriberetis
1209 4290 1249 4355 de
1287 4289 1497 4355 restitutione

433 4400 456 4431 ·“
478 4393 672 4472 ablatorum,
695 4394 736 4459 de
759 4393 979 4461 destructione
1013 4392 1103 4459 illius
1135 4392 1319 4459 maledictio
1354 4398 1389 4459 el
1421 4414 1495 4479 ΡΝ·

440 4576 504 4586 ..-

471 4683 479 4716 ¹
495 4682 632 4750 Subpn‘or]
649 4682 775 4750 Superior,
787 4681 818 4733 B.
1022 4679 1113 4748 ἐπεὶ]
1128 4679 1229 4742 nostris,
1241 4682 1272 4733 C.

469 4764 480 4799 ²
487 4764 645 4832 partiare]
660 4762 822 4831 presbiteria,
833 4763 864 4816 c.
1023 4761 1034 4793 ⁴
1048 4760 1162 4830 Placen]
1177 4761 1288 4825 Placeat,
1300 4755 1331 4816 C.
