3544 5724
389 872 432 937 14
588 883 749 935 chavren
772 881 932 933 uoracm
955 879 1226 930 carruanransrs

235 1068 362 1172 {2223
387 1068 433 1135 sic
448 1074 535 1135 erat:
560 1091 581 1135 a
603 1069 763 1155 martyrio
788 1067 901 1135 Sancti
921 1067 1064 1145 Thomae,
1079 1067 1114 1131 id
1129 1070 1180 1131 est
1194 1086 1215 1130 a
1229 1084 1323 1131 cruce
1338 1061 1433 1129 ham·

238 1172 354 1266 3?th
386 1171 498 1250 franci,
514 1194 646 1238 sumens
666 1172 798 1237 initium
814 1193 929 1237 versus
951 1170 1110 1235 orientem
1125 1167 1286 1255 usquead
1306 1187 1434 1233 crucem

217 1272 369 1377 0⁸2¹&th-
386 1275 584 1361 superiorem
610 1276 754 1342 directus
779 1281 846 1342 tres
876 1279 1007 1349 tantum
1038 1273 1074 1337 in
1103 1294 1139 1338 se
1168 1271 1329 1337 fenestras
1359 1291 1434 1335 oon·

217 1394 373 1469 Thoffim
386 1377 522 1443 tinebat
583 1377 703 1443 Pilario
733 1399 811 1443 vero
833 1376 951 1463 quinto
972 1375 1061 1442 chori
1084 1374 1252 1462 oppositus
1275 1379 1310 1439 et
1331 1373 1374 1438 ab
1396 1394 1434 1438 eo

217 1478 341 1571 mg}
385 1502 496 1546 arcum
515 1480 705 1568 suscipiens
735 1486 769 1546 et
798 1480 841 1546 ad
881 1479 1137 1566 septentrionem
1170 1499 1252 1564 opus
1282 1476 1433 1564 dirigens,

217 1588 290 1629 ΨΜ
385 1603 512 1649 crucem
534 1582 691 1649 formavit
717 1581 1024 1670 septemtrionalem.
1070 1580 1211 1646 Pilarins
1242 1580 1378 1666 quintus
1400 1584 1434 1649 et

384 1686 543 1772 septimus
566 1685 778 1751 latitudinem
793 1685 897 1751 crucis
923 1684 1118 1749 obtinebant
1127 1707 1135 1763 ;
1156 1705 1178 1749 a
1192 1682 1331 1770 septimo
1346 1681 1433 1747 enim

384 1787 510 1873 pilario,
526 1787 619 1853 ‘sicut
643 1794 677 1853 et
699 1808 721 1854 a
747 1788 872 1873 quinto,
893 1808 1007 1851 murus
1028 1787 1204 1872 procedens
1226 1785 1269 1851 ad
1293 1789 1433 1872 septem·

385 1890 524 1955 trionem
548 1890 630 1956 duas
652 1890 796 1977 porticus
819 1889 941 1956 faciens
960 1910 1088 1957 crucem
1110 1887 1269 1953 formavit
1291 1888 1327 1952 in
1341 1892 1433 1973 parte

385 1992 545 2057 orientali.
603 1992 644 2057 In
667 1993 760 2079 cujus
782 1992 910 2079 portion
933 1991 1069 2058 australi
1099 1991 1203 2056 altare
1225 1989 1294 2055 fuit
1320 1989 1433 2056 Sancti

217 2093 350 2198 fflpg‘en
387 2093 556 2180 Stephani,
572 2094 633 2159 sub
656 2116 721 2180 quo
743 2094 779 2159 in
802 2095 909 2181 cripta
929 2095 1033 2160 altare
1056 2099 1127 2159 erat
1142 2092 1256 2158 Sancti
1272 2091 1432 2158 Nioholai.

216 2194 322 2297 fflm
387 2196 428 2260 In
450 2197 580 2284 porticu
613 2197 792 2284 aquilonali
825 2197 929 2263 altare
964 2203 1034 2262 erat
1057 2196 1171 2262 Sancti
1203 2195 1349 2271 Martini,
1372 2194 1433 2259 sub

386 2320 450 2384 quo
480 2299 517 2363 in
547 2298 653 2386 cripta
689 2300 792 2365 altare
816 2298 946 2366 Sanctae
975 2299 1090 2365 Mariae
1122 2297 1333 2385 Magdalenae.
1379 2296 1433 2360 Ad

216 2401 489 2510 Qffiipmaltare
522 2400 635 2467 Sancti
668 2401 805 2468 Martini
835 2402 991 2488 jacebant
1022 2402 1088 2466 duo
1117 2399 1361 2487 archiepiscopi,
1390 2399 1433 2465 ad

218 2504 347 2557 namen.
384 2503 555 2569 dexteram
579 2502 754 2582 Wlfredus,
776 2504 820 2570 ad
843 2504 1010 2569 sinistram
1038 2503 1207 2589 Livingus.
1253 2501 1307 2566 Ad
1329 2503 1433 2568 altaro

385 2604 499 2672 Sancti
523 2605 684 2692 Stephani
707 2606 859 2676 similiter
874 2606 949 2697 dno?
971 2604 1014 2672 ad
1037 2605 1206 2671 sinistram
1222 2603 1431 2681 Athelardus

217 2746 333 2790 pomos
384 2707 428 2773 ad
450 2707 620 2775 dexteram
642 2708 839 2774 venerabilis
863 2706 1073 2774 Cnthbertns.
1120 2707 1186 2773 Hic
1207 2727 1328 2793 magna
1350 2729 1432 2793 prm-

215 2796 329 2900 {ffih
385 2809 475 2874 ditus
490 2810 652 2897 sapientia
674 2810 810 2876 liberam
825 2809 967 2876 senene
983 2809 1108 2876 Christi
1130 2808 1312 2894 adquisivit
1326 2808 1432 2895 sepul-

384 2918 502 2978 turam.
560 2912 719 2979 Solebant
741 2912 829 2978 enim
852 2934 987 2999 corpora
1010 2934 1076 2978 non
1099 2911 1302 2977 solummodo
1327 2912 1432 2978 arehi-

309 3080 316 3093 ,
384 3015 609 3101 episcoporum
640 3016 696 3080 sed
721 3020 755 3080 et
777 3015 924 3079 omnium
947 3016 983 3079 in
1007 3014 1145 3081 civitate
1179 3013 1434 3080 morientinma

385 3123 529 3202 ternpore
566 3116 679 3183 Sancti
717 3116 897 3203 Augustini
930 3117 973 3183 ad
1011 3116 1179 3182 ecclesiam
1212 3117 1432 3203 apostolorum

216 3232 352 3326 iiiffiiox·
385 3218 474 3283 Petri
505 3224 539 3283 et
569 3217 664 3284 Pauli
687 3224 784 3284 extra
805 3218 975 3285 civitatem
997 3219 1095 3284 sitam
1117 3218 1303 3304 antiquitus
1325 3218 1433 3284 efferri

216 3335 343 3378 tra-murat·
384 3327 419 3386 et
440 3321 579 3407 sepeliri.
637 3320 816 3388 Dicebatur
846 3320 934 3386 enim
955 3321 992 3385 in
1014 3320 1071 3386 illo
1093 3326 1240 3407 tempore
1262 3321 1432 3387 civitatem

384 3445 452 3491 non
466 3445 535 3489 esse
557 3428 761 3489 mortuorum
784 3423 842 3489 sed
863 3423 1024 3488 vivorum.
1080 3423 1203 3489 Beatus
1225 3444 1304 3488 vero
1327 3422 1432 3490 Cuth-

385 3527 497 3592 bertus
532 3525 645 3592 dolens
679 3548 713 3591 se
751 3533 827 3612 post
860 3525 988 3592 obitum
1022 3526 1065 3592 ab
1099 3525 1235 3593 ecclesia
1265 3547 1326 3591 sua
1356 3533 1433 3592 eta

217 3613 365 3709 ξξξῗὲζξω
384 3628 527 3694 filiorum
559 3628 714 3694 societate
745 3629 861 3693 debere
884 3627 1026 3715 separari
1049 3649 1130 3713 quos
1152 3627 1188 3691 in
1211 3628 1283 3693 vita
1305 3649 1432 3694 summo

216 3715 336 3810 {³533ss3
385 3730 542 3797 karitatis
563 3730 675 3796 studio
697 3730 823 3808 dilexit
840 3730 979 3796 Romam
1002 3730 1101 3816 petiit
1116 3735 1151 3795 et
1172 3750 1194 3795 a
1208 3751 1337 3795 summo
1351 3753 1432 3817 pon-
1491 3750 1494 3751 ’

216 3815 321 3867 ⁰¹¹¹¹¹⁰¹¹³
384 3833 473 3899 tifioe
503 3832 639 3898 liberam
669 3832 812 3898 ecolesiae
843 3831 968 3899 Christi
999 3831 1200 3917 sepulturam
1231 3832 1431 3919 impetravit.

216 3967 351 4030 mmm„
385 3933 452 3999 Iste
475 3934 602 4021 primus
623 3933 796 4000 voluntate
819 3934 891 4010 Dei,
913 3939 953 3999 ut
975 3929 1156 4012 credimus,¹
1180 3935 1300 3998 summi
1323 3936 1432 4020 ponti·

216 4017 453 4122 {ffissbfflfiois
477 4037 672 4102 auctoritate
696 4042 730 4101 et
752 4036 837 4122 regis
852 4036 982 4122 Angliae
1008 4035 1218 4121 permissione
1242 4035 1279 4099 in
1299 4037 1433 4102 ecclesia

216 4099 334 4165 mim
385 4136 510 4203 Christi
533 4138 681 4224 sepultus
703 4143 761 4215 est,
788 4142 823 4203 et
845 4158 956 4202 omnes
979 4136 1212 4224 archiepiscopi
1235 4159 1433 4204 successores

383 4240 454 4324 ejus
477 4245 598 4326 praeter
621 4261 725 4305 unum
748 4239 854 4305 solum
876 4239 1010 4304 nomine
1032 4238 1249 4305 lambertum.
1296 4240 1349 4304 Ex
1370 4241 1432 4307 hac

383 4342 512 4429 porticu
529 4342 643 4408 Sancti
668 4341 829 4429 Stephani
856 4342 1033 4428 praedictus
1058 4342 1235 4427 procedens
1261 4365 1374 4409 murus
1389 4345 1432 4409 ad

383 4445 551 4521 orientem,
581 4445 758 4511 fenestram
789 4443 933 4510 habebat
972 4465 1092 4530 magno
1131 4444 1227 4510 altari
1258 4467 1301 4510 ex
1329 4446 1432 4513 latere

384 4548 574 4633 oppositam.
636 4546 764 4613 Deinde
801 4546 902 4611 turris
932 4551 1003 4612 erat
1041 4546 1169 4613 excelsa
1206 4549 1299 4634 quasi
1336 4555 1432 4615 extra

783 4826 936 4910 ¹credimar]
952 4828 1031 4891 ains.
1043 4829 1074 4888 C.
