3544 5724
684 856 797 907 orum
819 856 1011 908 meremor.
1114 850 1117 859 ’
1327 843 1368 907 lt

312 1048 330 1077 “
353 1040 490 1107 nomina
520 1041 756 1108 monachorum
789 1042 887 1108 istius
919 1043 1062 1109 ecelesiae
1093 1042 1192 1107 simul
1215 1064 1290 1109 oum
1312 1065 1370 1109 no·
1399 1068 1528 1114 mouum-

307 1154 324 1178 “
351 1144 496 1209 minibus
521 1145 713 1210 clerieorum
736 1145 833 1210 istius
856 1146 1005 1212 civitatis
1028 1145 1242 1212 familiarium
1270 1147 1367 1212 istius
1401 1122 1517 1265 iiiiii

307 1256 325 1281 ‘⁴
348 1246 493 1313 eeclesias
516 1248 640 1333 scripta
665 1254 745 1313 sunt
769 1249 805 1313 in
829 1248 913 1314 libro
928 1248 1036 1314 vitae.''
1083 1247 1229 1314 Clericus
1253 1255 1366 1315 autem
1405 1222 1516 1321 tuitii?

306 1349 348 1414 <a
362 1371 397 1415 sa
418 1349 580 1416 muretus
596 1351 646 1415 ut
665 1356 786 1428 aneu,
811 1360 827 1385 1‘
837 1349 986 1428 nomine,
1003 1351 1084 1437 quid
1106 1351 1188 1415 uss
1204 1352 1245 1416 se
1260 1373 1312 1416 me
1327 1352 1366 1417 ν’
1385 1323 1537 1407 ΟΨ·

306 1452 355 1517 At
369 1458 514 1529 sanetus,
539 1453 720 1529 subridens,
737 1457 838 1538 eaput
861 1452 971 1519 cleriei
992 1453 1147 1518 manibus
1162 1456 1365 1533 attrectavit,

303 1560 341 1619 et
366 1555 490 1620 vertioe
515 1555 619 1641 ipsius
645 1555 841 1632 deosculato
868 1555 963 1632 dixit,
981 1564 997 1589 “
1007 1555 1082 1632 Fili,
1098 1554 1175 1621 fili.”
1220 1554 1266 1620 Et
1292 1562 1367 1641 post

305 1656 552 1742 aliquantulum
575 1657 721 1744 spatium
746 1678 934 1743 exsurgens,
956 1663 1089 1722 sanetus
1104 1655 1214 1721 albam
1235 1656 1365 1723 oloseri-

304 1779 378 1824 cam
393 1760 497 1837 exuit
513 1759 659 1845 ejusdem
682 1764 811 1846 partem
832 1759 1019 1824 inferiorem
1037 1759 1081 1823 ad
1101 1758 1363 1845 eomplioandum

302 1860 422 1927 elerico
446 1860 595 1939 tradidit,
610 1867 704 1948 parte
731 1862 899 1949 superiora
924 1861 988 1926 sibi
1012 1865 1150 1949 retenta.
1196 1861 1254 1927 Sis
1277 1861 1366 1927 inter

303 1964 392 2049 ipsus
408 1964 491 2029 duos
506 1963 583 2041 alba
597 1962 801 2050 complicata,
814 1969 947 2030 sanetus
962 1962 1025 2028 Dei
1041 1963 1085 2027 ad
1100 1962 1253 2029 clericum
1269 1965 1366 2053 quasi

303 2087 364 2152 pro
385 2067 524 2132 servitio
548 2072 650 2153 eaput
674 2066 859 2144 inelinavit,
883 2066 985 2132 etad
1009 2065 1118 2132 losum
1142 2066 1268 2152 requiei
1295 2089 1364 2132 suae

303 2169 445 2234 recessit.
492 2167 578 2234 Cum
593 2191 659 2255 quo
673 2169 716 2235 ad
731 2169 882 2234 tumbam
909 2169 1012 2255 ipsius
1037 2174 1071 2233 et
1093 2167 1136 2234 ad
1159 2169 1363 2255 propositum

302 2276 456 2336 nostrum
479 2272 651 2337 redeamus
674 2278 709 2337 et
730 2293 800 2337 nos.

350 2372 516 2455 Quoniam
539 2374 642 2459 igitur
664 2374 839 2459 descriptio
860 2373 1003 2439 eoeles'ioe
1027 2374 1098 2459 jam
1121 2374 1257 2460 jamque
1272 2373 1361 2439 dim·
1375 2379 1514 2483 &5²33ssin

301 2476 399 2541 endae
421 2498 481 2563 pro
503 2497 596 2562 posse
620 2497 691 2541 meo
713 2475 906 2542 abbreviata
929 2498 1032 2562 usque
1048 2476 1091 2542 ad
1107 2476 1260 2541 tumbam
1276 2498 1362 2542 mar-
1515 2459 1521 2473 ⁹

301 2579 399 2664 tyris,
414 2600 490 2663 quse
505 2579 541 2642 in
555 2577 620 2643 fine
635 2579 739 2664 ipsius
754 2577 897 2644 eeclesiae
912 2579 1021 2664 posita
1036 2584 1094 2655 est,
1106 2579 1267 2663 pervenit,
1283 2600 1359 2643 eum

301 2680 377 2767 ipso
391 2680 456 2745 fine
472 2679 616 2745 eeclesiae
638 2679 814 2766 descriptio
829 2681 930 2745 etiam
945 2679 1044 2745 finem
1059 2680 1227 2745 sortiatur.
1251 2690 1254 2695 '
1275 2679 1359 2759 Ques

302 2783 368 2848 etsi
389 2781 490 2869 paulo
511 2781 654 2868 amplius
669 2804 769 2868 quam
784 2782 1009 2869 proposuerim
1024 2787 1161 2847 extensa
1176 2786 1236 2858 est,
1255 2781 1362 2847 multo

301 2891 417 2951 tamen
440 2884 647 2950 utbreviter
669 2885 833 2951 diceretur
855 2906 898 2949 ex
922 2883 1090 2949 industria
1117 2883 1253 2949 dimissa
1274 2890 1361 2950 sunt.

304 2987 389 3068 Quis
403 2988 492 3052 enim
508 2992 612 3052 tantm
628 2993 746 3052 ettam
770 3008 899 3073 magnae
922 2985 1064 3052 eeclesiae
1085 2992 1138 3052 tot
1156 2986 1361 3064 diverticula,

302 3095 356 3155 tot
376 3089 551 3165 discursus
568 3094 602 3155 et
624 3093 676 3154 tot
696 3089 863 3155 anfractus
878 3089 1018 3154 seribere
1038 3087 1092 3153 vel
1113 3088 1230 3154 saltem
1252 3088 1360 3156 dicere

302 3192 441 3257 valeat?

350 3294 451 3360 Nune
465 3294 569 3380 igitur
584 3294 712 3359 omissis
727 3293 779 3358 his
795 3315 869 3379 quse
884 3292 979 3358 nobis
994 3293 1175 3359 neeessaria
1190 3314 1257 3358 non
1271 3298 1359 3372 sunt,
1372 3308 1421 3352 ‘rue
1430 3309 1482 3353 sne

301 3397 347 3463 ad
369 3402 484 3462 vetera
506 3396 706 3464 destruenda
727 3402 762 3460 et
792 3417 880 3460 nova
897 3395 1008 3459 omnia
1031 3394 1226 3460 mirabiliter
1256 3395 1358 3460 aedifi-
1372 3366 1502 3471 iiiiaffiit

302 3498 409 3564 sanda
439 3498 580 3563 fidenter
608 3498 825 3584 aecingemur,
852 3502 887 3563 et
925 3497 1006 3583 quid
1036 3497 1169 3562 iuterim
1204 3498 1360 3583 magister
1372 3465 1466 3505 “mm

301 3606 417 3665 noster
431 3599 616 3665 Willelmus
631 3600 746 3666 feeerit
761 3600 940 3666 videamus
980 3596 1100 3686 Coepit,
1117 3605 1156 3664 ut
1170 3598 1266 3685 longe
1282 3604 1359 3664 ente
1372 3613 1492 3658 ruovora

225 3722 238 3746 ·
303 3703 453 3789 praedixi,
469 3724 557 3768 novo
572 3703 663 3789 operi
684 3703 866 3768 necessaris
887 3723 1071 3789 praeparare
1094 3708 1128 3767 et
1150 3694 1264 3767 ¹vetera
1287 3702 1358 3767 des·
1372 3665 1455 3757 Q

302 3813 421 3871 truere.
469 3806 510 3869 In
532 3806 606 3870 istis
629 3805 755 3890 primus
775 3826 883 3870 annus
898 3803 1080 3891 completus
1095 3809 1152 3868 est.
1200 3803 1358 3889 Sequenti
1389 3825 1511 3871 annus.

301 3929 400 3985 anno,
416 3908 450 3972 id
477 3913 536 3984 est,
563 3913 638 3993 post
663 3906 785 3972 festum
812 3906 927 3973 Sancti
951 3906 1088 3984 Bertini,
1112 3911 1190 3971 ante
1217 3905 1358 3970 hiemem
1373 3890 1521 4005 ῐοξξῖᾗζη

302 4016 448 4096 quatuor
477 4009 610 4096 pilerios
635 4010 749 4085 erexit,
775 4010 893 4089 idest,
920 4009 1076 4095 utrinque
1103 4009 1206 4088 duos;
1228 4004 1469 4095 peracwm‘rd·

301 4111 412 4177 hieme
436 4111 517 4176 duos
539 4113 702 4199 apposuit,
717 4119 757 4178 ut
779 4112 857 4178 hino
879 4118 914 4177 et
936 4112 1013 4178 inde
1035 4095 1104 4177 ires
1126 4116 1236 4176 essent
1257 4111 1293 4175 in
1309 4134 1359 4177 or-

303 4215 402 4279 dine:
424 4236 524 4301 super
541 4235 622 4299 quos
638 4220 673 4279 et
689 4237 819 4280 murum
844 4214 1039 4280 exteriorem
1054 4213 1190 4291 alarum,
1205 4234 1300 4278 arens
1325 4220 1360 4279 et
1388 4224 1445 4269 w·
1454 4226 1511 4270 ¹1⁷tt

302 4316 462 4382 forniosm
478 4316 631 4381 decenter
644 4317 837 4402 eomposuit,
852 4317 887 4381 id
903 4321 962 4393 est,
977 4321 1044 4380 tres
1060 4316 1168 4381 claves
1183 4315 1358 4400 utrimque.
1371 4291 1497 4336 rwomore

303 4419 442 4484 Clavem
467 4440 527 4504 pro
549 4424 621 4484 toto
642 4438 730 4504 pono
745 4418 875 4495 ciborio,
892 4439 930 4482 eo
952 4418 1040 4503 quod
1063 4417 1166 4483 clavis
1189 4417 1226 4481 in
1249 4416 1358 4482 medio

301 4520 412 4606 posita
434 4525 545 4605 partes
568 4520 786 4605 undecunque
810 4519 981 4585 venientes
1005 4518 1155 4585 claudere
1182 4525 1217 4584 et
1243 4518 1359 4584 oonfir·

301 4642 393 4686 mare
418 4621 559 4687 videtur.
606 4622 648 4689 In
670 4623 743 4688 istis
773 4643 880 4688 annus
904 4621 1066 4688 secundus
1096 4621 1278 4707 eompletus
1300 4627 1357 4687 est.
1389 4588 1511 4704 iiiiii-i

301 4725 403 4789 Anno
413 4725 511 4789 tertio
523 4724 606 4790 duos
616 4724 784 4811 utrimque
799 4723 933 4810 pilarios
947 4724 1110 4810 apposuit,
1122 4745 1261 4809 quorum
1277 4723 1359 4787 duos
1406 4707 1496 4806 siim

301 4832 471 4896 extremos
495 4826 532 4894 in
555 4827 695 4894 circuitu
720 4826 904 4912 columpnis
926 4824 1115 4891 marmoreis
1133 4824 1309 4900 decoravit,
1326 4830 1361 4888 et
1371 4819 1497 4921 ffffiffi

1159 4944 1181 4991 s
1204 4930 1224 4991 2
