3628 5728
722 875 833 925 orem
856 871 1047 923 msronrcr.
1340 856 1406 931 447

355 1065 464 1128 tueret
485 1058 638 1140 sororem,
659 1044 755 1148 quae¹
780 1066 858 1128 ante
888 1081 992 1126 annos
1015 1059 1106 1137 xxii,
1130 1063 1277 1145 tempore
1300 1057 1405 1123 Lodo-
1435 1092 1559 1137 mm,

353 1164 437 1242 wisi,
460 1165 573 1231 comiti
607 1165 748 1232 Ricardo
782 1164 862 1231 data
895 1163 961 1228 fuit
994 1162 1030 1226 in
1065 1183 1213 1238 uxorem,
1239 1181 1339 1246 quarn
1369 1161 1405 1224 in
1418 1142 1543 1251 off}

352 1266 475 1353 Anglia
496 1288 555 1331 rex
578 1266 743 1331 Henricus
764 1270 947 1351 atempore
968 1263 1027 1329 illo
1048 1262 1111 1327 sub
1133 1261 1299 1327 artissima
1313 1267 1404 1327 tene-
1418 1256 1551 1352 fimoffl

320 1370 411 1452 Jbat
432 1369 588 1435 custodia
636 1367 752 1435 (lomes
784 1369 884 1435 etiam
907 1367 1069 1434 Ricardus
1091 1366 1163 1453 lege
1186 1364 1406 1431 ecclesiastica

350 1491 444 1536 suam
481 1471 545 1535 sibi
581 1472 805 1558 supradictam
842 1469 974 1535 restitui
1010 1468 1147 1555 petebat
1184 1488 1332 1544 uxorem,
1371 1471 1406 1532 et

350 1572 483 1659 Anglici
516 1574 610 1661 regni
643 1573 707 1638 sibi
739 1578 780 1638 ut
808 1571 933 1638 haeredi
955 1571 1028 1636 fieri
1050 1570 1273 1646 securitatem,
1303 1574 1338 1633 et
1367 1574 1407 1633 ut

350 1673 451 1740 frater
472 1696 551 1740 suus
569 1675 684 1760 junior
705 1673 882 1751 lohannes,
906 1694 1003 1759 quem
1035 1677 1075 1737 ut
1096 1671 1266 1736 ferebatur
1296 1675 1406 1734 amoto

349 1776 491 1842 Ricardo
528 1782 623 1863 peter
659 1777 696 1841 in
733 1797 870 1864 mgnum
905 1774 1060 1861 cupiebat
1094 1793 1299 1859 promovere,
1332 1771 1405 1836 vice

350 1879 462 1964 patris,
485 1900 583 1964 quem
606 1884 688 1945 aetas
721 1877 821 1943 simul
855 1882 890 1943 et
923 1876 1100 1941 infirmitas
1123 1896 1144 1941 a
1166 1879 1263 1939 tanto
1294 1872 1405 1938 labore

351 1979 575 2057 excusabant?
596 2002 703 2046 eomes
733 1979 927 2045 individuus
949 1978 1013 2043 sibi
1035 1977 1130 2042 fieret
1152 1977 1188 2041 in
1211 1974 1403 2042 Jerusalem.

352 2081 437 2147 Cum
459 2084 563 2169 igitur
584 2083 649 2148 hiis
672 2083 825 2148 omnibus
847 2104 905 2148 rex
921 2080 1052 2167 Angliae
1075 2100 1143 2145 non
1165 2080 1236 2144 sine
1258 2078 1405 2144 convitio
1417 2099 1505 2194 pm
1513 2151 1539 2193 ω

351 2185 595 2262 contradiceret,
612 2191 647 2251 et
668 2185 715 2252 sic
738 2206 851 2250 omnes
873 2184 917 2251 ab
939 2182 1100 2248 alterutro
1123 2180 1223 2246 divisi
1247 2180 1290 2245 ad
1312 2200 1492 2253 armam.

352 2273 571 2362 convolarent,
595 2286 682 2352 infre
711 2287 847 2351 tertium
879 2286 966 2350 diem
998 2284 1117 2349 civitas
1149 2282 1405 2349 Cenomanensis
1419 2302 1556 2349 lau-mn

352 2407 426 2450 cum
450 2387 646 2453 suburbanis
669 2389 747 2466 suis,
762 2409 801 2453 eo
824 2387 913 2473 quod
936 2382 1007 2452 ea‘m
1031 2407 1091 2451 rex
1115 2385 1201 2450 tueri
1224 2404 1291 2448 non
1313 2387 1404 2469 pote-
1418 2355 1522 2448 iiiiir.

352 2493 413 2564 rat,
437 2487 607 2555 combusto
629 2494 663 2554 et
686 2495 783 2576 capta
806 2495 865 2566 est,
889 2494 929 2553 ut
951 2489 1021 2574 ipse
1044 2508 1103 2552 rex
1138 2490 1173 2551 et
1203 2506 1317 2551 omnes
1348 2484 1405 2570 qui

353 2589 384 2653 ei
406 2588 566 2654 favebant
594 2589 677 2655 alies
707 2592 872 2656 divertere
903 2594 1104 2676 cogerentur.
1151 2587 1233 2653 Inde
1257 2585 1405 2651 Randul-
1419 2606 1535 2701 ffirno

353 2690 406 2754 fus
440 2691 480 2756 de
515 2690 684 2757 Glenvilla
717 2695 753 2758 in
786 2692 944 2779 Angliam
967 2712 1118 2756 reversus
1141 2695 1201 2765 est,
1224 2694 1263 2753 ut
1293 2709 1505 2801 omnesaBenrto

354 2791 484 2878 Angliae
500 2791 622 2858 milites
643 2794 720 2859 licet
742 2800 938 2861 extenuatos
960 2800 995 2859 et
1017 2813 1176 2879 pauperes
1199 2788 1407 2876 compelleret
1418 2757 1560 2902 polffim

355 2893 575 2959 transfretare.
622 2894 688 2975 Qui
718 2917 792 2961 cum
816 2895 1032 2961 Centusriam
1056 2899 1209 2960 oraturus
1231 2870 1442 2968 secederet,o
1492 2888 1498 2900 ’

355 2995 507 3080 supprior
529 3016 604 3060 eum
626 2996 805 3061 (laufridus
827 2997 864 3061 in
885 2995 975 3061 hunc
997 2995 1131 3060 modum
1155 2993 1317 3059 allocutus
1340 2997 1408 3057 est:

357 3105 372 3130 “
398 3095 505 3176 Quam
535 3102 638 3183 grata
662 3098 802 3175 domine,
825 3104 860 3163 et
889 3118 989 3183 quam
1020 3097 1202 3162 necessaria
1232 3095 1327 3160 nobis
1358 3100 1409 3159 est

355 3206 372 3231 “
396 3198 624 3275 misericordia,
652 3205 763 3264 vestra
786 3204 896 3286 potest
922 3199 963 3264 de
990 3199 1081 3264 facili
1105 3198 1305 3284 perpendere
1329 3218 1407 3283 pru-

356 3307 373 3332 “
398 3298 539 3364 dentia.‘’
594 3302 641 3364 At
675 3301 749 3366 ille:
788 3310 803 3336 “
816 3301 911 3379 Vos,''
948 3301 1068 3387 inquit,
1108 3312 1124 3335 “
1137 3300 1264 3367 nullam
1303 3299 1407 3365 vultis
1420 3321 1565 3367 nuwem-

356 3409 374 3433 “
397 3399 517 3465 habere
544 3401 807 3479 misericordiam,
835 3403 892 3488 qui
919 3409 1054 3489 propter
1080 3403 1204 3467 curiam
1225 3401 1407 3466 Romanam
1419 3373 1565 3475 &⁰023er

356 3510 374 3534 “
396 3521 456 3566 nec
480 3501 605 3565 domini
633 3503 717 3586 regis
744 3523 804 3567 nec
827 3501 963 3568 alteriue
983 3504 1086 3568 vultis
1109 3504 1317 3589 adquiescere
1332 3523 1406 3567 con·
1419 3472 1533 3576 :iiiiii

357 3612 372 3636 ‘¹
396 3602 477 3679 silio,
505 3623 565 3667 neo
595 3623 654 3688 pro
684 3601 925 3688 archiepiscopo
957 3609 1067 3668 vestro
1098 3605 1273 3689 quicquam
1305 3603 1408 3667 vultis

356 3713 373 3737 “
396 3703 512 3780 fecere,
555 3725 615 3769 nee
656 3704 700 3768 ab
739 3724 777 3767 eo
818 3703 1057 3789 supplicatione
1099 3705 1239 3791 parvula
1278 3705 1407 3769 veniam

357 3816 373 3840 “
397 3805 590 3891 postulare.”
637 3804 700 3871 Cui
728 3805 881 3890 supprior
906 3807 973 3870 ait:
1002 3806 1092 3870 “Pro
1117 3806 1250 3871 domino
1265 3812 1300 3872 et
1315 3812 1409 3892 petre

357 3912 509 3971 “nostro
538 3906 782 3992 archiepiscopo
808 3905 966 3990 quicquid
990 3907 1147 3972 debemus
1170 3907 1278 3973 facere
1304 3906 1408 3972 liben-

357 4010 449 4071 “ter
478 4007 617 4071 facimus
647 4013 681 4070 et
703 4006 880 4083 faciemus3
910 4005 1035 4070 domini
1073 4010 1158 4093 regis
1196 4008 1409 4093 omniumque

358 4116 373 4140 “
396 4108 554 4171 bonomm
582 4109 728 4171 virorum
753 4108 889 4173 consilio
919 4108 1027 4193 parati
1052 4130 1165 4173 sumus
1191 4109 1409 4194 adquiescere,

358 4217 375 4242 “
397 4206 489 4273 salvo
519 4214 609 4273 statu
640 4215 752 4274 nostro
790 4216 825 4274 et
861 4210 938 4294 jure
969 4209 1120 4275 ecclesiae.
1183 4210 1409 4277 Veruntamen

359 4310 439 4374 “de
470 4309 604 4374 consilio
634 4311 721 4396 regis
751 4310 912 4376 credendo
947 4310 1044 4375 valde
1082 4311 1240 4375 nimirum
1279 4311 1410 4398 repellit

360 4420 376 4446 ‘⁴
399 4431 468 4486 nos,
495 4409 592 4494 quod,
614 4432 689 4475 cum
720 4412 890 4475 sinotum
918 4411 963 4475 sit
992 4432 1052 4476 nos
1077 4412 1230 4477 omnibus
1254 4413 1350 4478 rebus
1376 4419 1411 4478 et

360 4510 584 4576 “redditibus
610 4511 681 4596 jam
712 4532 771 4597 per
800 4512 883 4576 duos
912 4512 979 4577 fere
1013 4534 1118 4578 annos
1155 4535 1224 4579 esse
1253 4514 1410 4601 spoliatos

395 4763 404 4796 ¹
416 4762 486 4828 quc]
500 4776 584 4827 quem,
595 4761 625 4812 C.
886 4761 892 4821 1
946 4761 1135 4833 'armatam
1151 4768 1296 4827 excusabas
1307 4768 1341 4819 Δ.
1355 4769 1386 4820 Β.
