3572 5744
687 962 799 1013 ornan
821 962 1011 1011 msroarca
1321 946 1364 1011 43

315 1151 334 1178 “
357 1146 441 1232 regis
475 1143 633 1210 Willelmi
667 1144 913 1212 cantuariensis
947 1145 1089 1212 ecclesiae
1122 1144 1200 1231 jura
1237 1144 1367 1231 perdita
1385 1176 1534 1222 rmmuson

315 1256 333 1282 “
355 1270 514 1327 revocare,
539 1248 771 1315 ecclesiasticas
798 1249 1022 1335 possessiones,
1048 1270 1128 1334 quas
1158 1248 1270 1334 praedo
1292 1227 1535 1339 abs-⁰¹²¹”11i'2ll'¹⁰

315 1357 334 1383 “
356 1350 485 1428 tulerat,
523 1351 704 1427 restituere,
736 1351 947 1437 ordinemque
985 1350 1147 1417 violatum
1184 1350 1367 1426 reformare,
1434 1329 1513 1441 Ψ

316 1452 467 1538 “Ipsam
498 1474 627 1537 quoque
662 1452 843 1519 Salvatoris
875 1452 1043 1518 ecclesiam
1075 1457 1110 1517 et
1147 1473 1258 1517 omnes
1296 1451 1367 1536 ejus
1380 1428 1516 1526 ffisslffi

315 1562 333 1587 “
357 1552 530 1632 officinas).
556 1555 717 1641 palatium
751 1554 931 1641 episcopale
966 1576 1040 1620 curn
1075 1554 1147 1639 ipso
1182 1553 1368 1619 construxit
1380 1531 1426 1575 Ψ
1435 1532 1526 1585 ΡΨ

316 1656 484 1722 “ambitu
506 1658 678 1744 utriusque
700 1658 807 1735 euriae,
828 1679 895 1722 non
918 1662 1030 1722 autem
1052 1655 1141 1734 alibi,
1157 1656 1215 1725 sed
1238 1657 1274 1721 in
1297 1657 1368 1742 ipsa

316 1766 334 1793 “
356 1759 492 1825 civitate
508 1758 738 1824 Oantuariensi
756 1758 814 1823 ubi
835 1759 945 1824 sedem
961 1780 1054 1824 suam
1077 1759 1184 1844 primo
1204 1758 1370 1824 locaverat

316 1869 333 1894 “
358 1860 497 1928 Sanctus
520 1861 727 1948 Augustinus
750 1861 932 1947 anglorum
955 1859 1129 1946 apostolus.
1177 1859 1299 1925 Verum
1330 1865 1370 1924 ut

317 1971 334 1996 “
357 1963 446 2050 pacis
469 1969 503 2028 et
524 1964 704 2030 concordiae
726 1962 897 2029 vinculum
919 1962 1023 2049 partis
1047 1962 1228 2048 utriusque,
1252 1963 1369 2048 capitis
1383 1989 1495 2034 mamas

317 2075 334 2100 “
357 2066 511 2132 videlicet
533 2072 568 2131 et
589 2066 739 2153 corporis,
763 2066 886 2130 futuris
907 2065 1110 2151 temporibus
1133 2064 1370 2130 inuiolabiliter
1382 2039 1533 2136 ffiiffiliiii

317 2176 334 2201 “
357 2175 551 2244 servaretur,
574 2167 741 2234 monachis
770 2168 839 2233 suis
869 2168 904 2231 in
935 2188 1054 2232 novam
1085 2167 1208 2232 ordinis
1231 2167 1369 2232 formam
1382 2141 1519 2236 waiet

318 2278 335 2304 u
471 2271 478 2283 .
570 2271 577 2285 .
619 2271 626 2285 .
889 2270 896 2283 .
1290 2269 1297 2283 .
1383 2241 1505 2286 thetrown

357 2269 505 2348 redactis,
529 2292 629 2358 prrorr
661 2276 696 2335 et
721 2274 899 2335 conventur
921 2291 1031 2334 rerum
1053 2291 1187 2334 suarum
1211 2292 1369 2335 ommmo·
1382 2295 1498 2347 property.

318 2380 335 2406 ‘⁴
359 2373 435 2438 dam
453 2373 612 2439 concessit
633 2372 960 2438 administrationem.
999 2372 1122 2438 Rerum
1140 2395 1273 2438 suarum
1289 2373 1370 2449 dico,

319 2482 336 2508 ‘¹
358 2496 425 2540 non
459 2476 537 2560 quia
570 2474 671 2540 velim
703 2475 869 2540 insinuare
901 2473 1050 2540 redditus
1084 2480 1119 2540 et
1152 2476 1263 2540 omnia
1296 2497 1370 2561 quae

320 2585 335 2609 ‘⁵
358 2575 483 2642 habent
504 2576 737 2662 archiepiscopi
761 2574 1007 2653 Cantuariensis
1030 2575 1173 2642 ecclesiae
1196 2576 1282 2641 bona
1304 2598 1371 2642 non
1615 2654 1618 2661 ⁴

320 2687 336 2712 ‘¹
359 2701 436 2756 esse,
459 2701 534 2744 cum
566 2679 596 2744 ei
629 2678 748 2745 collata
778 2679 848 2743 sint
879 2678 990 2743 omnia
1020 2684 1055 2743 et
1085 2700 1151 2744 non
1172 2678 1291 2744 alteri:
1313 2677 1371 2743 sed
1384 2707 1531 2771 phem.

320 2782 439 2867 “quia
473 2781 517 2846 ab
554 2780 700 2866 antiquis
739 2779 941 2865 temporibus
978 2781 1231 2866 assignaverunt
1264 2760 1533 2863 nescioffi‘ghss‘sslffl

1385 2861 1479 2906 dirided
1487 2861 1528 2904 tha

322 2884 417 2969 “qui
443 2883 678 2969 archiepiscopi
707 2881 805 2947 villas
835 2886 870 2946 et
898 2882 1047 2947 redditus
1078 2883 1254 2948 conventui
1284 2882 1371 2947 suffi-
1386 2913 1529 2965 „emmor

321 2994 338 3019 r
362 2985 492 3062 arenas,
515 2985 642 3050 aens
663 2984 728 3049 sibi
759 2984 891 3072 pacifice
914 2985 1058 3049 retentis.
1103 2984 1177 3049 sar
1200 2985 1300 3049 eram
1323 2963 1534 3059 re-ttfmtlzt‘

322 3096 339 3122 “
361 3094 577 3153 servaverrmt
614 3087 757 3163 comiter,
796 3086 942 3163 barones,
973 3092 1007 3151 et
1040 3086 1172 3165 milites,
1207 3086 1374 3153 monachis
1385 3077 1437 3161 212}
1443 3076 1501 3160 [ἒξ.

322 3199 340 3224 “
362 3212 440 3256 vero
469 3189 723 3277 assignaverunt
752 3189 891 3255 rusticos
919 3195 954 3254 et
983 3187 1204 3275 agricultores.
1249 3190 1376 3255 Dicunt
1387 3168 1452 3211 Ψ
1461 3163 1502 3209 ‘¹¹⁶
1510 3175 1542 3208 ’θ’

323 3302 339 3327 “
362 3298 474 3359 autem
512 3293 646 3379 quidam
689 3291 919 3358 Lamfrancum
950 3291 985 3355 id
1022 3291 1144 3357 fecisse.
1190 3292 1273 3358 Haec
1302 3293 1376 3357 ideo

324 3403 341 3429 “
363 3395 551 3460 factasunt
573 3416 641 3459 non
663 3400 703 3459 ut
725 3394 836 3459 unitas
859 3393 1061 3463 scinderetur
1084 3394 1235 3472 ecclesiae,
1257 3395 1315 3461 sed
1337 3401 1377 3459 ut

324 3507 340 3532 “
363 3504 521 3584 perpetuo
544 3497 718 3583 utrobique
741 3503 989 3563 conservaretur
1009 3496 1145 3575 utilitas,
1167 3497 1246 3561 dum
1267 3519 1376 3563 rerum

324 3608 497 3665 “suarum
535 3599 667 3685 plenam
704 3598 838 3684 utrique
882 3597 1043 3663 haberent
1082 3598 1277 3665 libertatem.
1339 3599 1377 3665 Si

324 3710 341 3736 “
366 3724 441 3767 vero
463 3701 576 3787 aliqua
598 3701 826 3765 emendatione
853 3700 954 3786 digna
980 3701 1190 3787 emergebant
1218 3701 1256 3765 in
1278 3700 1375 3767 eccle·

250 3872 254 3879 .
325 3811 341 3838 “
364 3803 421 3881 sia,
453 3825 520 3868 non
553 3802 692 3889 alicujus
727 3803 982 3888 praesumptione
1020 3801 1073 3867 vel
1112 3801 1289 3888 tyrannide
1320 3802 1377 3867 sed

325 3913 343 3940 ‘¹
365 3905 605 3973 communicato
641 3904 778 3971 oonsilio
807 3905 932 3969 fiebant
967 3904 1078 3970 omnia
1115 3905 1158 3969 ad
1196 3905 1377 3970 utilitatem

325 4017 343 4043 “
365 4009 515 4075 ecclesiae.
562 4007 657 4074 Obiit
686 4012 798 4073 autem
828 4007 923 4073 bonae
951 4007 1116 4073 memoriae
1146 4014 1240 4093 pater
1266 4028 1378 4073 mona·
1391 4042 1506 4087 me

326 4120 343 4146 “
365 4111 501 4177 chorum
516 4109 731 4176 Lamtrancus
746 4130 833 4175 anno
852 4109 1092 4196 patriarchatus
1114 4111 1168 4175 sui
1189 4123 1262 4174 xx0.
1300 4110 1380 4175 Post
1390 4093 1512 4189 ffiffl·

326 4222 343 4248 ‘⁴
365 4215 460 4300 cujus
483 4212 611 4279 obitum
634 4234 692 4299 per
722 4212 986 4298 quinquennium
1009 4213 1184 4279 confiscata
1205 4217 1285 4277 sunt
1311 4213 1379 4299 epi·

326 4326 343 4352 “
365 4314 509 4402 seopulis
531 4314 594 4380 sub
614 4335 702 4405 novo
724 4336 800 4400 rege
823 4314 988 4380 Willelmo
1005 4314 1156 4380 secundo.
1188 4314 1380 4380 Conventus

327 4426 344 4453 “
366 4424 478 4483 autem
501 4417 600 4482 solita
614 4416 713 4482 simul
735 4422 770 4482 et
792 4416 905 4481 debita
919 4437 1053 4481 suorum
1067 4414 1255 4504 gaudebat²
1278 4415 1381 4482 libera

328 4519 589 4607 “dispositione
635 4518 828 4584 Lamfranco
850 4523 962 4583 autem
986 4517 1141 4586 successit
1171 4518 1288 4584 beatus
1310 4520 1379 4582 Ana

328 4631 345 4658 ‘⁸
367 4620 496 4688 selmus.
544 4621 611 4702 Qui
649 4621 828 4688 conventui
865 4641 925 4717 suo
962 4626 1152 4687 consuetam
1192 4621 1380 4687 libertatem

554 4754 568 4758 -
575 4753 677 4760 ---
690 4753 729 4759 ψ-
740 4751 861 4760 0—————
867 4752 1366 4761 ffl--n-mmm

364 4818 631 4885 ¹qfficiaaa1nortras,
650 4816 697 4867 ina
718 4815 766 4875 (λς
784 4815 837 4867 also
903 4814 1063 4883 'quudabuq
1078 4816 1207 4883 gaudebit,
1219 4818 1248 4870 C.

330 4896 366 4950 Δ.
374 4898 479 4950 marked
491 4897 532 4949 ior
543 4911 653 4947 erasme.
