3662 5728
765 877 877 929 ornan
898 876 1090 928 mammen
1382 863 1445 926 185

226 1059 381 1122 Alta-‚ufi-
395 1066 414 1094 “
433 1066 517 1122 nem¹
537 1070 567 1123 et
591 1065 774 1122 voluntatem
799 1067 931 1138 oportere
955 1062 1093 1135 relinqui,
1113 1066 1217 1118 oontm
1240 1059 1447 1118 conscientiam
1477 1071 1599 1116 anum

394 1150 415 1178 “
434 1167 529 1206 meam
546 1154 576 1205 et
593 1149 624 1204 in
638 1149 742 1221 capitis
759 1148 817 1204 mai
830 1148 1120 1221 condempnationem
1137 1147 1273 1217 loquetur
1285 1163 1317 1201 oa
1328 1163 1445 1202 meum:
1460 1122 1610 1226 wrm*

394 1235 414 1261 “
434 1233 460 1290 si
479 1250 613 1290 censeam
631 1234 696 1305 regi
713 1231 919 1297 resistendum,
938 1248 1006 1288 ecce
1024 1232 1076 1302 qui
1094 1231 1141 1286 sui
1154 1236 1224 1287 suut
1242 1231 1376 1296 audiunt,
1394 1247 1448 1303 per
1460 1232 1575 1326 {botuu-

395 1318 415 1345 “
434 1332 506 1388 quoe
523 1314 555 1370 id
572 1314 670 1388 ipsum
687 1315 850 1371 innotescet
876 1314 952 1385 regi,
970 1314 1129 1387 statimque
1156 1312 1247 1368 eiciar
1264 1318 1347 1369 extra
1364 1330 1448 1384 syna·
1480 1294 1518 1326 οη

395 1401 415 1428 “
434 1416 552 1472 gogam,
570 1399 675 1455 eterit
693 1416 756 1454 sors
775 1416 842 1455 mea
859 1398 896 1454 de
914 1405 1022 1453 cetero
1041 1414 1109 1453 oum
1127 1396 1252 1468 publicis
1270 1395 1401 1452 hostibus
1419 1400 1450 1451 et

394 1485 416 1512 ‘⁸
433 1481 671 1555 condempnatis;
690 1482 797 1538 iccirco
814 1494 869 1538 uec
886 1483 942 1538 hoc
961 1481 1036 1546 dico,
1055 1497 1109 1537 neo
1127 1480 1204 1536 illud
1221 1480 1369 1536 consulo.’'

227 1569 313 1633 Alan,
323 1586 345 1622 c.
358 1573 382 1622 7.
429 1566 487 1622 His
498 1566 542 1624 ita
558 1564 660 1637 gestia,
679 1564 820 1622 sederunt
838 1563 1021 1637 aliquamdiu
1039 1565 1094 1620 sub
1112 1563 1239 1629 silentio,
1251 1581 1305 1619 nec
1319 1568 1382 1619 erat
1399 1562 1451 1634 qui
1463 1563 1600 1608 Atmnooot

393 1644 521 1717 amplius
539 1644 587 1700 his
604 1643 718 1716 aliquid
735 1643 871 1710 adderet3
891 1650 922 1701 et
941 1633 1037 1721 jum2
1054 1649 1116 1699 arte
1134 1642 1258 1715 quaesita
1278 1653 1313 1699 ut
1337 1648 1452 1714 pateret
1463 1613 1580 1717 Q&

393 1733 436 1789 eis
453 1732 560 1798 exitus,
571 1729 680 1787 inclusi
697 1729 777 1786 enim
788 1736 880 1788 erant
918 1724 1072 1813 Nigellus
1087 1722 1241 1809 Elyensis
1256 1719 1452 1809 episcopua⁸

395 1824 434 1891 ca'
459 1827 658 1911 tempestate
680 1827 791 1890 tactus
813 1829 865 1890 est
886 1825 1031 1913 paralisi,
1053 1846 1115 1891 uec
1135 1825 1179 1890 ad
1201 1824 1326 1891 curiam
1349 1824 1452 1890 venit.

395 1925 583 1991 Willelmus
618 1924 841 1993 Norwicensis
875 1929 1049 1995 excusavit
1078 1949 1123 2005 se,
1153 1931 1277 1993 secreto
1307 1947 1453 1992 reserens

396 2027 573 2113 Elyeueem
588 2025 731 2092 feliciter
753 2047 775 2092 a
796 2026 868 2094 Dec
891 2028 1072 2107 defensum,
1090 2032 1125 2093 et
1148 2027 1237 2113 quod
1259 2027 1330 2114 ipse
1351 2027 1454 2094 vellet

396 2129 497 2196 simili
511 2127 611 2216 plaga
625 2125 766 2215 percelli.
812 2129 994 2218 Acceperat
1016 2130 1105 2196 enim
1128 2150 1149 2193 a
1172 2128 1332 2195 Gaufrido
1355 2129 1453 2195 Ridel

397 2231 478 2319 quid
492 2251 552 2296 rex
567 2235 760 2315 conceperat
774 2236 890 2298 contra
901 2230 1181 2299 Oantuariensem.
1211 2241 1229 2267 “
1238 2224 1345 2305 Volo,'’
1358 2237 1454 2310 inquit
1466 2242 1589 2304 meamu-

397 2332 533 2389 dominue
546 2330 776 2399 cantuariensis,
796 2333 905 2405 “loqui
924 2352 992 2391 cum
1012 2334 1125 2390 duobus
1144 2332 1300 2388 comitibus
1319 2331 1453 2404 quicum
1465 2294 1607 2398 liffeim

399 2427 418 2454 “
436 2441 506 2496 rege
529 2426 608 2489 sunt,
631 2413 777 2482 Roberto
799 2417 925 2484 scilicet
947 2415 1191 2506 Legeoestreusi
1213 2421 1248 2481 et
1269 2413 1454 2504 Reginaldo
1466 2392 1611 2491 ἓιῗῗξξέἰὼ

398 2513 416 2540 “
438 2502 683 2571 Cornubienei.''
716 2505 853 2586 Quibus,
867 2508 956 2574 illico
969 2508 1079 2590 apertis
1091 2514 1183 2583 ostiis
1191 2513 1355 2577 astantibus
1366 2503 1455 2569 dixit
1466 2496 1533 2540 ⁰⁸¹¹*

398 2604 637 2664 Oantuariensis:
659 2605 785 2680 “Super
809 2608 856 2665 his
874 2609 912 2665 de
930 2609 1037 2683 quibus
1054 2625 1108 2664 noe
1127 2606 1264 2662 dominus
1281 2623 1334 2660 rex
1352 2621 1455 2661 conve·
1467 2625 1568 2671 amr.

399 2692 420 2720 ‘⁴
438 2690 485 2745 uit
500 2688 696 2757 contulimua3
716 2700 746 2746 et
764 2690 908 2763 quianon
925 2693 1065 2749 habemus
1083 2690 1121 2749 ad
1138 2707 1265 2762 proesena
1282 2705 1331 2745 eos
1350 2688 1455 2759 quibus
1467 2678 1601 2782 ffilyfflffl

400 2776 418 2802 “
436 2790 485 2828 res
510 2773 575 2843 ipsa
599 2771 696 2844 magis
723 2773 861 2838 innotuit,
879 2776 945 2833 ideo
971 2793 1063 2849 usque
1088 2775 1120 2829 in
1147 2772 1309 2830 crastinum
1326 2772 1456 2846 petimus
1514 2758 1521 2773 ⁶

400 2858 420 2886 ‘⁶
440 2854 581 2919 inducias,
598 2860 671 2909 tunc
688 2859 856 2930 responsuri
873 2860 950 2917 siout
967 2861 1047 2915 Deus
1064 2858 1150 2913 nobis
1168 2855 1390 2930 inspiraverit.”

232 2961 389 3017 flamm}
444 2939 542 3005 Datis
565 2937 670 3025 igitur
690 2944 870 3028 utcumque
891 2944 1007 3031 petitis
1030 2942 1180 3021 induciis,
1199 2965 1234 3004 ca
1250 2947 1298 3005 dia
1315 2947 1526 3017 discesso-1301,
1548 2970 1611 3017 ,mm

233 3031 387 3085 libdiiedb·
399 3043 470 3094 runt
487 3036 524 3093 ab
537 3035 675 3092 invicem.
713 3036 847 3096 Crastino
865 3047 973 3109 autem,
986 3041 1033 3098 die
1051 3036 1163 3097 scilicet
1174 3038 1339 3106 Dominica,
1350 3051 1456 3116 usquc
1467 3023 1576 3119 ἓξξη]

400 3119 437 3184 iu
458 3114 636 3183 secundam
665 3116 784 3185 feriam
814 3120 956 3187 dilatum
982 3128 1033 3188 est
1058 3119 1237 3207 negotium.
1283 3120 1455 3208 Archiepi-

400 3240 518 3307 scopus
547 3222 659 3283 autem
682 3242 721 3287 eu
742 3226 839 3287 nocte
856 3228 944 3288 iliaca
962 3230 1099 3306 passione
1130 3220 1293 3288 dirissime
1327 3227 1456 3287 vexatus

201 3326 204 3330 ’
233 3342 276 3392 w,
289 3343 365 3396 cm,
401 3318 479 3374 lecto
513 3305 671 3374 decubuit
706 3312 870 3377 anxiatus.
918 3320 1005 3377 Mane
1027 3314 1139 3377 auum
1164 3321 1250 3386 facto,
1280 3320 1318 3376 ad
1343 3320 1455 3377 curiam

232 3410 251 3460 i.
262 3415 303 3463 22.
393 3405 570 3475 ,accersitum
597 3400 631 3460 et
656 3406 688 3462 in
715 3407 864 3465 absentem
892 3407 1019 3465 seritur.
1056 3398 1181 3465 Verum
1207 3408 1278 3480 quia
1301 3400 1583 3496 putabantfflffiffif

403 3484 503 3551 aulici
540 3484 629 3571 quod
662 3487 877 3567 egritudinem
907 3493 1049 3573 fingeret,
1078 3499 1164 3555 missi
1193 3504 1263 3554 sunt
1297 3490 1340 3555 ad
1378 3502 1558 3556 cumrunor·

404 3581 526 3639 comites
543 3581 601 3637 duo
619 3594 701 3661 quos
723 3596 823 3663 supra
845 3576 1100 3658 nominavimus,
1123 3581 1180 3667 qui
1203 3580 1281 3647 licet
1305 3578 1457 3646 viderent
1493 3599 1495 3603 ’

404 3683 480 3729 eum
495 3662 725 3742 excusabilem,
743 3672 914 3730 mandatnm
931 3670 1044 3733 tamen
1067 3678 1156 3736 curie
1173 3668 1349 3757 aegrotanti
1367 3675 1457 3736 retu-

404 3752 523 3818 lerunt
569 3751 646 3839 Ipse
667 3759 781 3819 autem
798 3780 891 3834 usque
914 3779 1000 3818 mane
1020 3767 1171 3838 sequentis
1189 3767 1249 3822 diei
1267 3763 1383 3845 patena
1405 3757 1456 3822 in·

404 3841 525 3919 ducias,
557 3841 683 3907 fatetur
712 3863 748 3909 se
779 3848 959 3908 venturum
983 3850 1016 3907 in
1042 3847 1157 3909 cunam
1183 3853 1274 3910 etiam
1300 3853 1459 3923 eulaeum

402 3943 480 3994 esset
509 3930 712 3997 deferendus.
759 3930 1043 3998 Renuntiantibus
1072 3932 1139 3999 illis
1169 3933 1206 3998 in
1228 3933 1353 4019 palatio
1383 3955 1459 4018 quae

403 4032 579 4099 audierant
600 4038 636 4099 et
657 4033 819 4112 viderant,
842 4038 968 4101 secreto
997 4034 1191 4102 intimatum
1221 4040 1272 4102 est
1296 4034 1458 4123 archiepi-

403 4142 509 4210 scopc,
533 4129 613 4202 quod
636 4130 662 4187 si
686 4131 719 4187 in
745 4131 858 4188 curiam
883 4122 1022 4202 veniret,
1047 4133 1096 4189 vel
1121 4131 1327 4200 trucidaretur,
1354 4131 1401 4188 vel
1426 4133 1459 4188 iu

403 4234 550 4276 carcerem
567 4214 750 4276 truderetur.

236 4340 391 4394 Homo..
439 4306 576 4364 Orestino
600 4324 714 4363 summo
731 4324 819 4364 mane
836 4304 989 4365 venerunt
1013 4307 1051 4364 ad
1076 4314 1144 4366 eum
1170 4299 1314 4387 episcopi
1347 4298 1458 4388 plures
1496 4314 1609 4411 ffl‘dffl‘

235 4408 324 4460 tuac.
402 4398 578 4464 suadentes
601 4398 641 4476 ei,
666 4401 706 4463 ut
727 4398 771 4463 ad
792 4419 907 4486 pacem
930 4400 1073 4468 eeclesiae
1096 4407 1131 4471 et
1153 4403 1348 4469 evitandum
1370 4403 1458 4467 tanti
1470 4369 1622 4491 mai-aa

403 4500 540 4587 periculi
570 4500 761 4567 scandalum
797 4502 939 4588 rigorem
977 4504 1082 4570 animi
1112 4499 1289 4592 mitigaret,
1321 4511 1357 4571 et
1378 4514 1457 4586 regis
1469 4481 1605 4586 mrim

437 4698 446 4734 ¹
457 4698 680 4768 comminationem]
694 4701 908 4766 communionem,
988 4705 1000 4739 ²
1005 4704 1075 4774 joar]
1089 4720 1140 4757 cm.
1152 4705 1182 4759 C.

405 4780 436 4832 0.
989 4783 1156 4853 lpum]
1170 4785 1263 4841 cmc.
