3646 5720
659 850 771 899 ornas
794 850 985 899 mercarer.
1281 835 1346 897 303

291 1035 365 1097 tum
402 1031 644 1118 quodammodo
690 1030 861 1115 surripere,
900 1050 976 1096 cum
1015 1028 1240 1114 jurisdictioni
1278 1048 1347 1093 suae
1376 1046 1498 1096 annes.

291 1133 476 1199 sacerdotes
498 1154 574 1198 suos
597 1136 632 1196 et
662 1130 804 1208 clericos,
833 1130 893 1196 sed
914 1152 976 1197 nec
1004 1130 1113 1210 laicos
1140 1131 1348 1218 permitteret

291 1234 468 1321 subjacere.
530 1232 750 1299 Prohibuerat
780 1233 883 1298 etiam
916 1253 958 1297 ne
996 1233 1072 1318 quis
1109 1254 1152 1298 ex
1185 1232 1254 1297 suis
1287 1252 1347 1317 pre

290 1334 534 1421 archiepiscopo
557 1334 613 1399 vel
635 1333 704 1398 suis
727 1331 922 1399 officialibus
951 1333 1128 1419 quicquam
1150 1332 1280 1408 faceret,
1303 1331 1346 1396 ad

290 1436 444 1501 sinodum
467 1436 522 1501 vel
544 1435 692 1521 capitula
713 1454 781 1499 non
803 1434 942 1512 veniret,
972 1434 1211 1520 prohibitiones
1234 1454 1347 1499 eornm

290 1537 345 1601 vel
367 1534 555 1623 praecepta¹
577 1556 645 1601 non
668 1535 865 1611 observaret,
889 1555 950 1600 nec
981 1556 1040 1620 pro
1071 1536 1220 1621 qualibet
1250 1534 1347 1620 culpa

290 1638 344 1703 vel
368 1638 504 1704 crimine
527 1637 728 1703 sententiam
758 1636 1109 1703 excommunicationis
1131 1636 1186 1702 vel
1209 1636 1347 1702 anathe-

291 1741 390 1806 matis
412 1737 627 1806 formidaret!
672 1739 762 1803 Dum
777 1737 882 1825 igitur
896 1737 1074 1823 predictus
1089 1739 1192 1804 abbas
1207 1744 1347 1804 matrem

292 1863 386 1908 suam
421 1842 695 1908 cantuariensem
728 1839 897 1906 ecclesiam
930 1839 1058 1906 collatis
1080 1841 1243 1918 cornibus,
1263 1841 1348 1926 justi

287 1944 410 2030 judicis
432 1945 496 2010 Dei
526 1966 593 2009 non
616 1943 797 2011 formidans
819 1943 1028 2020 sententiam,
1050 1944 1237 2022 ventilaret,
1253 1948 1289 2008 et
1310 1943 1346 2007 in

292 2047 396 2133 ipsius
434 2046 601 2114 domicilio
638 2048 762 2134 primos
795 2052 971 2113 conaretur
1007 2052 1171 2133 temptare
1205 2046 1346 2122 volatus,

291 2147 561 2235 archiepiscopus,
584 2153 624 2213 ut
645 2147 870 2234 praediximus,
892 2168 914 2213 a
942 2169 1019 2234 rege
1049 2154 1199 2214 retentus
1229 2152 1289 2225 est,
1312 2152 1346 2211 et

291 2249 393 2316 abbas
415 2250 472 2316 ille
494 2256 586 2316 trans
608 2272 698 2316 mare
713 2255 858 2316 vocatus
905 2250 1022 2315 Voluit
1044 2251 1132 2315 enim
1155 2274 1224 2329 rex,
1245 2271 1266 2316 a
1288 2250 1345 2315 do-
1358 2281 1471 2338 mun,

292 2353 385 2418 mino
407 2373 495 2438 papa
517 2352 624 2439 petita
646 2357 681 2417 et
702 2356 837 2438 accepta
858 2351 1079 2438 permissione,
1104 2354 1192 2417 inter
1221 2351 1345 2419 archie-
1357 2332 1508 2437 Q‘ssw

292 2454 462 2540 piscopum
478 2459 512 2519 et
526 2453 681 2521 abbatem
698 2475 813 2541 pacem
827 2454 1010 2520 reformare.
1057 2454 1198 2520 Romani
1214 2455 1345 2531 etenim,

292 2574 410 2619 aurum
433 2560 468 2619 et
488 2559 664 2641 argentum
686 2556 792 2641 magis
815 2575 914 2640 quam
931 2555 1100 2640 justitiam
1122 2555 1281 2633 sitientes,
1296 2577 1344 2621 se-

293 2655 435 2721 ditiones
457 2656 545 2722 intcr
567 2678 621 2723 eos
644 2662 679 2723 et
701 2657 812 2743 litigia
833 2657 1090 2724 commovebant.

612 2994 617 3004 ·
640 2954 1001 3022 Meamne-vr.

339 3104 430 3168 Dum
460 3124 522 3168 rex
552 3101 736 3189 Anglorum
771 3102 893 3188 aliique
926 3103 1047 3167 summi
1080 3104 1146 3169 viri
1179 3106 1346 3191 praedictae
1375 3129 1498 3175 curres.

295 3207 369 3292 paci
391 3204 550 3271 faciendae
572 3202 795 3281 intenderent,
817 3209 857 3268 ut
878 3204 995 3270 saltem
1017 3204 1129 3291 aliqua
1154 3209 1347 3294 compositio
1358 3195 1463 3292 3322?ss

296 3306 381 3373 inita
413 3327 527 3393 pacem
566 3305 655 3370 inter
693 3326 747 3370 cos
785 3303 962 3370 firmiorem
998 3328 1151 3391 processu
1188 3311 1346 3396 temporis
1358 3297 1515 3393 mm·
1620 3356 1627 3365 .

298 3408 471 3485 enutriret,
494 3428 566 3473 ecce
598 3406 712 3471 subito
744 3409 863 3470 exorta
896 3410 947 3470 est
979 3406 1110 3472 hostilis
1141 3411 1347 3494 perturbatio

296 3510 384 3575 inter
406 3508 577 3575 dominum
599 3530 709 3594 regem
733 3511 768 3571 et
788 3506 873 3571 filios
896 3506 975 3593 ejus.
1022 3507 1107 3573 Oum
1134 3511 1222 3575 enim
1245 3512 1348 3576 subli-

295 3612 413 3677 miores
436 3609 628 3696 Aquitaniae
650 3608 717 3681 viri
739 3607 910 3673 dominum
932 3629 1030 3672 suum
1059 3611 1213 3677 comitem
1235 3612 1348 3678 Ricar-

296 3714 376 3778 dum
397 3718 533 3801 propter
555 3712 695 3775 nimiam
717 3709 789 3796 ejus
812 3709 1041 3775 crudelitatem
1072 3712 1148 3777 odio
1177 3712 1348 3792 haberent,

296 3837 435 3902 cumque
458 3814 499 3880 dc
522 3813 647 3880 ducatu
663 3811 855 3897 Aquitaniae
877 3816 912 3876 et
934 3811 1092 3877 comitatu
1109 3812 1266 3880 Pictaviae
1288 3837 1348 3902 pro

295 3937 390 4002 posse
410 3936 469 3980 suo
492 3915 676 4001 cogitarent
698 3911 886 3999 propellere,
908 3911 952 3976 ad
973 3933 1083 3999 regem
1102 3913 1268 3999 juniorem
1290 3916 1347 3981 bo·

294 4015 400 4083 num³
421 4022 456 4083 et
482 4017 664 4103 benignum
695 4015 918 4102 principatum
948 4015 1125 4082 transferre
1154 4018 1346 4103 gestierunt.

296 4119 345 4186 At
359 4118 521 4185 Ricardus
543 4140 611 4184 suae
633 4118 800 4185 confidens
822 4116 993 4196 tirannidi,
1008 4138 1069 4184 nec
1090 4140 1149 4206 pro
1172 4121 1244 4205 ipso
1261 4120 1347 4207 jure,
1360 4137 1500 4234 smper

296 4242 358 4287 nec
378 4240 439 4308 pro
461 4220 566 4307 patris
588 4240 683 4306 prece
713 4219 767 4285 vel
799 4225 974 4306 praecepto,
996 4220 1067 4306 regi
1094 4220 1220 4307 juniori
1252 4221 1347 4287 fratri
1360 4189 1508 4334 {1135ng

296 4345 356 4390 suo
377 4322 569 4410 homagium
590 4322 697 4388 facere
731 4320 846 4388 voluit.
892 4321 1036 4388 Vocatus
1067 4326 1179 4388 autem
1209 4345 1231 4389 a
1263 4302 1496 4437 regerffiff

332 4572 392 4624 ¹rcl
399 4572 537 4639 proeccpta]
553 4571 649 4622 emh
661 4571 692 4621 B.
847 4576 943 4634 vatent,
966 4570 1138 4636 formidarent,
1150 4573 1197 4636 c.;
1222 4579 1350 4630 eorrccoed

331 4652 342 4686 ²
346 4654 460 4718 sumet,
471 4652 573 4713 veniret,
585 4647 735 4708 emeruerat,
738 4648 799 4713 fcr-
848 4647 876 4699 in
887 4649 921 4699 A.

298 4731 416 4797 sidant]
435 4730 559 4791 iacerent,
574 4727 697 4789 venirent,
715 4728 801 4779 obscr-
884 4725 1005 4795 mom]
1019 4745 1070 4781 orn
1081 4731 1113 4782 B.
