3646 5720
689 870 802 919 oruur
823 869 1014 919 meremor
1317 852 1384 921 287

330 1055 351 1082 ‘⁴
368 1054 450 1111 tione
474 1053 513 1110 ed
536 1054 707 1111 relevandus
732 1071 902 1111 communes
927 1054 1123 1119 uecesntetes,
1141 1053 1212 1110 ubi¹
1238 1053 1385 1109 lucrorum
1417 1066 1542 1114 murt

330 1138 350 1164 “
367 1153 430 1192 non
447 1144 607 1211 suppetunt
633 1137 798 1202 fsoultetes,
825 1136 955 1194 subsidio
977 1153 1033 1209 per
1054 1136 1190 1193 ecclesius
1217 1136 1386 1192 existiment
1430 1117 1520 1162 ω

329 1221 349 1247 “
368 1219 552 1276 conferendo.
591 1218 625 1275 Si
648 1225 745 1276 entem
763 1220 896 1276 consules
912 1224 965 1275 eut
982 1219 1034 1275 ulii
1050 1218 1088 1276 de
1104 1224 1211 1276 certem
1234 1219 1291 1275 istu
1307 1236 1385 1273 coru·

330 1303 351 1330 “
367 1302 513 1368 miserint,
532 1308 563 1358 ct
588 1301 758 1357 commoniti
782 1301 921 1358 desistere
944 1301 1105 1367 noluerint,
1123 1308 1187 1358 tum
1213 1301 1270 1374 ipsi
1294 1318 1385 1372 quem

331 1386 352 1413 “
370 1386 499 1443 iuutorer
533 1402 634 1441 eorum
668 1384 961 1441 excommunicationi
996 1402 1027 1441 sc
1056 1384 1192 1441 noverint
1226 1384 1385 1457 subjecere.

155 1630 255 1711 pm
368 1591 746 1704 uxtsLl²1uuterenquie
769 1631 935 1688 intentum
958 1633 1139 1705 quorundum
1161 1633 1550 1745 lsieommmffl

155 1713 176 1747 ι.
191 1702 250 1747 236.
333 1720 352 1747 u
371 1718 460 1774 mit
476 1717 607 1784 gum,
624 1722 659 1773 nt
682 1717 884 1789 episcopcrum
909 1716 1082 1774 auctoritate
1108 1717 1242 1789 neglecte
1265 1711 1473 1795 clericosg'nh⁰

331 1803 350 1829 ‘¹
368 1800 526 1857 instituunt
536 1800 569 1855 in
585 1799 716 1856 cocleriis
726 1806 758 1856 et
767 1803 935 1855 removeeut
945 1816 1014 1855 corn
1025 1799 1181 1867 voluerint,
1192 1801 1385 1872 possessiones
1395 1801 1538 1903 m

331 1886 351 1913 ⁸⁸
370 1900 495 1956 quoqne,
522 1888 611 1955 utque
636 1882 695 1938 sliu
724 1881 920 1939 menarum
944 1882 1031 1949 boun,
1053 1901 1107 1955 pro
1136 1902 1190 1940 sue
1212 1885 1514 1958 plerumquemeecus

331 1969 351 1995 ‘⁴
371 1967 524 2024 voluntate
550 1966 745 2032 distribmt3
774 1972 806 2021 et
821 1965 866 2021 ite
888 1972 951 2021 tum
968 1966 1106 2023 ecclesius
1131 1968 1209 2039 ipess
1227 1985 1316 2040 qusm
1332 1951 1516 2052 ho-ffim

331 2048 955 2106 “miueeeerumtelliisetexectiouibus
973 2067 1097 2121 grovero
1119 2057 1317 2124 prunum
1336 2051 1530 2109 eosfflffl

332 2136 352 2162 ‘¹
371 2133 425 2205 qui
449 2131 555 2188 smodo
580 2132 639 2188 iste
669 2131 872 2188 commiserint
899 2133 1085 2189 enethemete
1110 2133 1294 2193 decernimus
1322 2102 1482 2198 essem

332 2219 351 2246 ‘⁸
370 2216 527 2272 feriendos.
561 2215 718 2286 Presbyter
743 2221 842 2270 sutem
868 2214 930 2272 eive
947 2215 1070 2272 clericus
1095 2216 1147 2288 qui
1164 2217 1315 2274 ecclesium
1332 2237 1386 2289 per

332 2302 351 2329 “
370 2300 460 2356 luioos
473 2300 540 2355 sine
556 2299 669 2372 proprii
686 2297 816 2370 episcopi
832 2298 1006 2365 auctoritete
1022 2300 1167 2371 receperit
1183 2301 1387 2359 commuuione

332 2382 522 2456 “privetur3
550 2388 591 2450 et,
609 2381 637 2438 si
659 2380 832 2454 perstiterit,
851 2380 1049 2439 eministcrio
1069 2383 1265 2441 wclesiurtico
1288 2391 1320 2441 et
1342 2402 1388 2441 or-

331 2468 350 2495 “
370 2466 440 2523 dine
457 2466 627 2538 deponetur.
663 2464 741 2521 Seue
765 2464 835 2536 quis
858 2464 928 2521 lsioi
953 2465 1073 2537 quidum
1096 2466 1306 2524 ecclesiastices
1323 2486 1387 2542 per

331 2552 351 2578 ‘¹
370 2567 465 2617 eones,
477 2556 510 2606 et
526 2549 606 2621 ipsos
623 2549 713 2605 etium
730 2548 881 2622 episcopos
894 2547 1009 2620 judicio
1026 2566 1078 2605 eno
1090 2549 1187 2606 εἴωθ’
1198 2552 1386 2622 compellunt,

250 2666 253 2670 ι
332 2637 353 2663 “
371 2650 423 2690 eos
439 2633 492 2706 qui
508 2632 546 2689 de
563 2638 669 2688 cetero
686 2631 718 2687 id
733 2631 976 2703 prresumpwrint
992 2648 1011 2686 e
1030 2633 1235 2689 commuuione
1252 2634 1386 2690 fidelium

331 2720 352 2746 ‘⁴
371 2717 558 2774 deceruimus
581 2713 785 2787 segregandos.
822 2714 1015 2770 Prohibemur
1032 2713 1152 2786 insuper
1168 2732 1207 2772 ne
1223 2716 1294 2772 isici
1310 2717 1387 2773 deoi-

331 2804 350 2829 “
367 2818 432 2857 mne
461 2818 528 2857 curn
558 2798 721 2855 mimorum
750 2814 869 2854 suerum
896 2797 1026 2870 periculo
1053 2798 1228 2867 detinentes,
1255 2800 1288 2856 iu
1311 2801 1386 2856 elice

332 2886 352 2914 ‘⁸
370 2884 460 2941 laicos
475 2882 589 2956 possint
606 2881 808 2954 aliquomodo
825 2881 991 2937 trunsferre.
1022 2880 1056 2937 si
1073 2882 1139 2954 quir
1156 2900 1224 2938 vero
1234 2885 1385 2956 receperit,

331 2971 352 2997 “
371 2974 402 3026 et
419 2968 549 3024 ecclesim
565 2984 626 3022 non
641 2965 810 3030 reddiderit,
829 2963 996 3021 Christiane
1012 2965 1164 3039 sepulture
1179 2967 1319 3038 privetur.

157 3060 257 3111 Bencd.
368 3052 387 3080 '⁶
406 3049 508 3105 XVII.
527 3047 636 3105 Olerioi
659 3047 692 3102 in
715 3047 925 3103 rubdieconetu
946 3047 995 3104 et’
1013 3065 1103 3120 supr-e
1119 3055 1151 3105 et
1167 3050 1198 3105 in
1222 3049 1530 3115 minoriburclemuot

157 3127 176 3177 ἱ·
189 3131 249 3177 2³⁶·
332 3135 350 3163 ‘⁸
370 3150 488 3207 quoque
517 3130 679 3196 ordinibus,
706 3130 732 3185 ei
756 3130 909 3203 stipendiis
939 3130 1142 3188 ecolesisetiois
1172 3139 1381 3200 sustententur,
1395 3114 1531 3209 {im
1598 3154 1604 3161 ·

331 3222 351 3250 ‘¹
371 3236 471 3276 corum
495 3215 621 3273 secuturi
640 3214 741 3287 judice
766 3214 900 3270 edvoceti
924 3214 957 3269 in
981 3215 1110 3285 negotiis
1135 3216 1199 3272 fieri
1224 3234 1284 3273 non
1308 3219 1480 3291 prm-m

332 3304 353 3333 ‘⁸
372 3304 499 3358 sument.
536 3298 570 3355 si
595 3297 661 3369 quis
686 3302 784 3353 eutem
808 3296 946 3353 adversus
973 3295 1029 3353 hoo
1053 3298 1155 3354 venire
1182 3302 1382 3372 temptaverit,

332 3390 352 3420 ‘⁶
369 3387 440 3460 quic
455 3390 558 3442 contre
574 3381 737 3438 doctrinam
755 3381 878 3454 apostoli
894 3380 1030 3448 dicentis,
1049 3382 1161 3438 ‘Nemo
1179 3384 1311 3440 militene
1322 3384 1385 3442 Deo

157 3481 303 3530 retrudis.
333 3475 353 3504 ‘⁴
374 3473 513 3543 ‘ingeret
529 3485 561 3525 se
578 3466 757 3525 recnlsrssins
781 3465 928 3538 negotiis:
954 3466 1124 3523 seculariter
1147 3467 1221 3539 ogit,
1239 3468 1276 3525 eb
1294 3470 1385 3526 eccle·

333 3557 354 3586 ‘⁶
373 3554 491 3611 sinstioo
508 3551 561 3606 fiet
585 3549 748 3606 ministerio
774 3549 894 3614 elienus,
912 3565 966 3622 pro
982 3566 1018 3604 eo
1042 3549 1129 3622 quod,
1148 3549 1241 3605 officio
1258 3551 1387 3608 clericali

334 3640 353 3666 “
370 3635 515 3708 neglecto,
542 3632 678 3688 fluetibus
704 3630 795 3687 eeouli
823 3635 859 3686 ut
885 3631 1071 3703 potentibus⁴
1097 3631 1188 3688 seculi
1215 3634 1330 3704 pleoeut
1353 3652 1385 3690 se

334 3721 354 3750 ‘⁶
371 3716 535 3789 immergit.
582 3713 755 3770 Dienictins
791 3718 890 3769 eutem
925 3712 1107 3770 decernimus
1136 3714 1328 3786 puniendum,
1358 3717 1385 3773 si

334 3806 353 3833 ⁸³
370 3799 579 3874 religiosorum
609 3797 764 3870 quicqum
799 3795 912 3869 eliquid
945 3797 1152 3869 predictorum
1180 3816 1269 3856 ausus
1295 3800 1386 3857 fuerit

333 3889 355 3917 u
374 3891 558 3959 attempta-0·

266 4136 271 4141 '
334 4139 354 4168 ‘¹
372 4154 441 4193 rum
467 4141 499 4192 et
523 4133 668 4205 ligumiur
693 4131 828 4187 deferent
853 4130 1016 4202 guleerum,
1042 4136 1074 4187 et
1100 4149 1186 4204 perer
1212 4138 1266 4188 eut
1294 4134 1385 4190 etism
1396 4128 1533 4174 'stim

333 4223 354 4250 ‘⁸
373 4219 540 4293 superior-ee
557 4216 590 4273 in
606 4214 722 4272 melitio
735 4213 811 4270 fient
827 4213 896 4280 illis,
915 4214 986 4270 dum
1004 4213 1042 4269 ed
1058 4214 1272 4287 impugnandos
1285 4217 1384 4275 Chris.

333 4305 353 4333 ‘⁶
371 4304 470 4361 tienos
495 4318 578 4358 crure
601 4299 696 4355 ciret
722 4296 888 4353 necessarie
911 4296 1146 4355 subministrent.
1191 4299 1269 4357 Sunt
1293 4301 1384 4357 etium

333 4389 354 4416 ‘⁴
374 4385 425 4460 qui
442 4383 514 4459 pro⁸
531 4401 585 4440 sue
602 4380 766 4453 cupiditete
783 4379 816 4435 in
834 4379 928 4451 guleie
952 4379 1166 4437 Saracenorum
1190 4384 1315 4440 neribus
1337 4402 1384 4441 re·

333 4472 354 4501 “
373 4471 476 4543 gimerr
501 4473 532 4524 et
556 4482 658 4523 curem
681 4461 905 4536 gubernationis
929 4468 1075 4520 exercent.
1110 4463 1197 4521 'Peles
1215 4464 1330 4537 igitur·
1346 4468 1385 4524 eb
1490 4516 1494 4523 .

365 4634 447 4701 luto]
461 4632 564 4697 niric.
914 4624 926 4657 ⁴
932 4625 1088 4693 potentibus]
1102 4627 1284 4693 percuntibus,
1295 4630 1326 4682 Β.

366 4712 469 4778 ⁸an
482 4707 693 4772 commedit.
706 4705 736 4760 C.
913 4704 925 4737 ⁸
933 4705 994 4771 pro]
1007 4722 1058 4756 om.
1069 4706 1100 4759 c.

366 4794 428 4860 ἐι]
442 4791 585 4844 omitit
914 4783 1029 4851 ἤμων]
1043 4784 1122 4850 enirn,
1132 4786 1169 4838 Δ.
1180 4788 1213 4838 Β.
