<?xml version="1.0" encoding="UTF-8"?>
<!DOCTYPE html PUBLIC "-//W3C//DTD XHTML 1.0 Transitional//EN"
    "http://www.w3.org/TR/xhtml1/DTD/xhtml1-transitional.dtd">
<html xmlns="http://www.w3.org/1999/xhtml" xml:lang="en" lang="en">
 <head>
  <title>
</title>
<meta http-equiv="Content-Type" content="text/html;charset=utf-8" />
  <meta name='ocr-system' content='tesseract 3.04.00' />
  <meta name='ocr-capabilities' content='ocr_page ocr_carea ocr_par ocr_line ocrx_word'/>
</head>
<body>
  <div class='ocr_page' id='page_1' title='image "./historicalworks00offigoog_0327.png"; bbox 0 0 3646 5720; ppageno 0'>
   <div class='ocr_carea' id='block_1_1' title="bbox 744 891 1428 957">
    <p class='ocr_par' dir='ltr' id='par_1_1' title="bbox 744 891 1428 957">
     <span class='ocr_line' id='line_1_1' title="bbox 744 891 1428 957; baseline 0.003 -3"><span class='ocrx_word' id='word_1_1' title='bbox 744 904 857 954; x_wconf 79' lang='lat' dir='ltr'><strong>orsas</strong></span> <span class='ocrx_word' id='word_1_2' title='bbox 878 903 1069 954; x_wconf 80' lang='lat' dir='ltr'><strong>msromcs.</strong></span> <span class='ocrx_word' id='word_1_3' title='bbox 1232 921 1235 927; x_wconf 92' lang='lat'>·</span> <span class='ocrx_word' id='word_1_4' title='bbox 1364 891 1428 957; x_wconf 77' lang='lat'><strong>263</strong></span> 
     </span>
    </p>
   </div>
   <div class='ocr_carea' id='block_1_2' title="bbox 373 1090 1579 1182">
    <p class='ocr_par' dir='ltr' id='par_1_2' title="bbox 373 1090 1579 1182">
     <span class='ocr_line' id='line_1_2' title="bbox 373 1090 1579 1182; baseline -0.004 -20"><span class='ocrx_word' id='word_1_5' title='bbox 373 1093 472 1162; x_wconf 87' lang='lat' dir='ltr'><strong>cessit</strong></span> <span class='ocrx_word' id='word_1_6' title='bbox 502 1094 540 1158; x_wconf 88' lang='lat' dir='ltr'><strong>in</strong></span> <span class='ocrx_word' id='word_1_7' title='bbox 570 1093 754 1182; x_wconf 88' lang='lat' dir='ltr'><strong>prioratum</strong></span> <span class='ocrx_word' id='word_1_8' title='bbox 786 1091 997 1161; x_wconf 87' lang='lat' dir='ltr'><strong>Herlewinus</strong></span> <span class='ocrx_word' id='word_1_9' title='bbox 1027 1091 1153 1161; x_wconf 90' lang='lat' dir='ltr'><strong>domini</strong></span> <span class='ocrx_word' id='word_1_10' title='bbox 1178 1090 1427 1160; x_wconf 77' lang='lat' dir='ltr'><strong>Cantuadensis</strong></span> <span class='ocrx_word' id='word_1_11' title='bbox 1456 1112 1512 1157; x_wconf 78' lang='lat' dir='ltr'><strong>an.</strong></span> <span class='ocrx_word' id='word_1_12' title='bbox 1520 1112 1579 1158; x_wconf 71' lang='lat'><strong>11⁷⁷.</strong></span> 
     </span>
    </p>
   </div>
   <div class='ocr_carea' id='block_1_3' title="bbox 372 1180 1559 1284">
    <p class='ocr_par' dir='ltr' id='par_1_3' title="bbox 372 1180 1559 1284">
     <span class='ocr_line' id='line_1_3' title="bbox 372 1180 1559 1284; baseline -0.003 -21"><span class='ocrx_word' id='word_1_13' title='bbox 372 1196 568 1284; x_wconf 85' lang='lat' dir='ltr'><strong>capellanus.</strong></span> <span class='ocrx_word' id='word_1_14' title='bbox 1438 1180 1559 1277; x_wconf 47' lang='lat' dir='ltr'><strong>{tw</strong></span> 
     </span>
    </p>
   </div>
   <div class='ocr_carea' id='block_1_4' title="bbox 371 1297 1429 1694">
    <p class='ocr_par' dir='ltr' id='par_1_4' title="bbox 371 1297 1429 1694">
     <span class='ocr_line' id='line_1_4' title="bbox 416 1297 1427 1387; baseline 0 -21"><span class='ocrx_word' id='word_1_15' title='bbox 416 1300 598 1366; x_wconf 85' lang='lat' dir='ltr'><strong>Redierant</strong></span> <span class='ocrx_word' id='word_1_16' title='bbox 630 1298 758 1366; x_wconf 84' lang='lat' dir='ltr'><strong>interea</strong></span> <span class='ocrx_word' id='word_1_17' title='bbox 790 1320 812 1365; x_wconf 88' lang='lat' dir='ltr'><strong>a</strong></span> <span class='ocrx_word' id='word_1_18' title='bbox 844 1320 921 1387; x_wconf 82' lang='lat' dir='ltr'><strong>rege</strong></span> <span class='ocrx_word' id='word_1_19' title='bbox 956 1298 1079 1366; x_wconf 81' lang='lat' dir='ltr'><strong>Siciliae</strong></span> <span class='ocrx_word' id='word_1_20' title='bbox 1112 1297 1280 1365; x_wconf 88' lang='lat' dir='ltr'><strong>Willelmo</strong></span> <span class='ocrx_word' id='word_1_21' title='bbox 1314 1299 1427 1366; x_wconf 88' lang='lat' dir='ltr'><strong>nuntii</strong></span> 
     </span>
     <span class='ocr_line' id='line_1_5' title="bbox 371 1391 1429 1489; baseline 0.003 -22"><span class='ocrx_word' id='word_1_22' title='bbox 371 1402 459 1489; x_wconf 82' lang='lat' dir='ltr'><strong>regis</strong></span> <span class='ocrx_word' id='word_1_23' title='bbox 480 1391 613 1489; x_wconf 81' lang='lat' dir='ltr'><strong>Angliae</strong></span> <span class='ocrx_word' id='word_1_24' title='bbox 636 1424 717 1489; x_wconf 90' lang='lat' dir='ltr'><strong>quos</strong></span> <span class='ocrx_word' id='word_1_25' title='bbox 732 1402 875 1469; x_wconf 60' lang='lat' dir='ltr'><strong>‘miserat</strong></span> <span class='ocrx_word' id='word_1_26' title='bbox 896 1424 972 1469; x_wconf 87' lang='lat' dir='ltr'><strong>cum</strong></span> <span class='ocrx_word' id='word_1_27' title='bbox 994 1402 1065 1469; x_wconf 87' lang='lat' dir='ltr'><strong>filia</strong></span> <span class='ocrx_word' id='word_1_28' title='bbox 1085 1401 1259 1482; x_wconf 83' lang='lat' dir='ltr'><strong>Johanna3</strong></span> <span class='ocrx_word' id='word_1_29' title='bbox 1281 1406 1317 1468; x_wconf 93' lang='lat' dir='ltr'><strong>et</strong></span> <span class='ocrx_word' id='word_1_30' title='bbox 1341 1402 1429 1470; x_wconf 91' lang='lat' dir='ltr'><strong>hanc</strong></span> 
     </span>
     <span class='ocr_line' id='line_1_6' title="bbox 372 1496 1426 1592; baseline -0.001 -20"><span class='ocrx_word' id='word_1_31' title='bbox 372 1509 497 1572; x_wconf 83' lang='lat' dir='ltr'><strong>cartam</strong></span> <span class='ocrx_word' id='word_1_32' title='bbox 519 1504 606 1592; x_wconf 84' lang='lat' dir='ltr'><strong>regis</strong></span> <span class='ocrx_word' id='word_1_33' title='bbox 628 1496 797 1582; x_wconf 88' lang='lat' dir='ltr'><strong>Willelmi,</strong></span> <span class='ocrx_word' id='word_1_34' title='bbox 819 1508 945 1571; x_wconf 86' lang='lat' dir='ltr'><strong>cartam</strong></span> <span class='ocrx_word' id='word_1_35' title='bbox 968 1504 1010 1571; x_wconf 92' lang='lat' dir='ltr'><strong>de</strong></span> <span class='ocrx_word' id='word_1_36' title='bbox 1032 1502 1158 1571; x_wconf 83' lang='lat' dir='ltr'><strong>foedere</strong></span> <span class='ocrx_word' id='word_1_37' title='bbox 1181 1503 1327 1572; x_wconf 86' lang='lat' dir='ltr'><strong>dotalitii</strong></span> <span class='ocrx_word' id='word_1_38' title='bbox 1347 1503 1426 1571; x_wconf 84' lang='lat' dir='ltr'><strong>filiae</strong></span> 
     </span>
     <span class='ocr_line' id='line_1_7' title="bbox 373 1606 932 1694; baseline -0.002 -21"><span class='ocrx_word' id='word_1_39' title='bbox 373 1629 449 1685; x_wconf 88' lang='lat' dir='ltr'><strong>suae,</strong></span> <span class='ocrx_word' id='word_1_40' title='bbox 472 1607 542 1694; x_wconf 84' lang='lat' dir='ltr'><strong>regi</strong></span> <span class='ocrx_word' id='word_1_41' title='bbox 565 1606 711 1674; x_wconf 89' lang='lat' dir='ltr'><strong>Henrico</strong></span> <span class='ocrx_word' id='word_1_42' title='bbox 731 1606 932 1673; x_wconf 84' lang='lat' dir='ltr'><strong>obtulerunt.</strong></span> 
     </span>
    </p>
   </div>
   <div class='ocr_carea' id='block_1_5' title="bbox 200 1729 1592 4307">
    <p class='ocr_par' dir='ltr' id='par_1_5' title="bbox 200 1729 1592 4307">
     <span class='ocr_line' id='line_1_8' title="bbox 200 1729 1581 1801; baseline -0.001 -16"><span class='ocrx_word' id='word_1_43' title='bbox 200 1735 298 1788; x_wconf 78' lang='lat' dir='ltr'><strong>Beued</strong></span> <span class='ocrx_word' id='word_1_44' title='bbox 310 1734 327 1788; x_wconf 87' lang='lat' dir='ltr'><strong>i.</strong></span> <span class='ocrx_word' id='word_1_45' title='bbox 408 1731 477 1787; x_wconf 86' lang='lat' dir='ltr'><strong>“In</strong></span> <span class='ocrx_word' id='word_1_46' title='bbox 500 1730 638 1787; x_wconf 89' lang='lat' dir='ltr'><strong>nomine¹</strong></span> <span class='ocrx_word' id='word_1_47' title='bbox 662 1731 719 1788; x_wconf 92' lang='lat' dir='ltr'><strong>Dei</strong></span> <span class='ocrx_word' id='word_1_48' title='bbox 744 1732 846 1788; x_wconf 83' lang='lat' dir='ltr'><strong>aeterni</strong></span> <span class='ocrx_word' id='word_1_49' title='bbox 864 1737 894 1788; x_wconf 92' lang='lat' dir='ltr'><strong>et</strong></span> <span class='ocrx_word' id='word_1_50' title='bbox 917 1730 1076 1788; x_wconf 78' lang='lat' dir='ltr'><strong>Salvatoris</strong></span> <span class='ocrx_word' id='word_1_51' title='bbox 1094 1729 1189 1787; x_wconf 79' lang='lat' dir='ltr'><strong>nostri</strong></span> <span class='ocrx_word' id='word_1_52' title='bbox 1212 1730 1285 1787; x_wconf 87' lang='lat' dir='ltr'><strong>Jesu</strong></span> <span class='ocrx_word' id='word_1_53' title='bbox 1303 1729 1424 1797; x_wconf 77' lang='lat' dir='ltr'><strong>Christi,</strong></span> <span class='ocrx_word' id='word_1_54' title='bbox 1437 1739 1581 1801; x_wconf 28' lang='lat' dir='ltr'><strong>Oouylorshe</strong></span> 
     </span>
     <span class='ocr_line' id='line_1_9' title="bbox 202 1802 1571 1885; baseline 0.001 -15"><span class='ocrx_word' id='word_1_55' title='bbox 202 1805 260 1852; x_wconf 77' lang='lat'><strong>169.</strong></span> <span class='ocrx_word' id='word_1_56' title='bbox 373 1815 392 1841; x_wconf 89' lang='lat'><strong><em>“</em></strong></span> <span class='ocrx_word' id='word_1_57' title='bbox 410 1815 516 1871; x_wconf 82' lang='lat' dir='ltr'><strong>Amen.</strong></span> <span class='ocrx_word' id='word_1_58' title='bbox 552 1814 664 1872; x_wconf 85' lang='lat' dir='ltr'><strong>Rerum</strong></span> <span class='ocrx_word' id='word_1_59' title='bbox 682 1815 778 1872; x_wconf 86' lang='lat' dir='ltr'><strong>foedus</strong></span> <span class='ocrx_word' id='word_1_60' title='bbox 797 1820 827 1871; x_wconf 91' lang='lat' dir='ltr'><strong>et</strong></span> <span class='ocrx_word' id='word_1_61' title='bbox 845 1816 1030 1873; x_wconf 87' lang='lat' dir='ltr'><strong>concordiam</strong></span> <span class='ocrx_word' id='word_1_62' title='bbox 1051 1816 1247 1871; x_wconf 87' lang='lat' dir='ltr'><strong>humanarum</strong></span> <span class='ocrx_word' id='word_1_63' title='bbox 1269 1816 1348 1871; x_wconf 84' lang='lat' dir='ltr'><strong>inter</strong></span> <span class='ocrx_word' id='word_1_64' title='bbox 1371 1802 1571 1885; x_wconf 51' lang='lat' dir='ltr'><strong>ctam,</strong></span> 
     </span>
     <span class='ocr_line' id='line_1_10' title="bbox 373 1892 1592 1993; baseline 0 -38"><span class='ocrx_word' id='word_1_65' title='bbox 373 1898 391 1925; x_wconf 86' lang='grc'><em>“</em></span> <span class='ocrx_word' id='word_1_66' title='bbox 410 1904 474 1955; x_wconf 83' lang='lat' dir='ltr'><strong>tera</strong></span> <span class='ocrx_word' id='word_1_67' title='bbox 497 1899 578 1971; x_wconf 88' lang='lat' dir='ltr'><strong>pacis</strong></span> <span class='ocrx_word' id='word_1_68' title='bbox 602 1900 678 1956; x_wconf 86' lang='lat' dir='ltr'><strong>bona</strong></span> <span class='ocrx_word' id='word_1_69' title='bbox 694 1899 770 1972; x_wconf 82' lang='lat' dir='ltr'><strong>ligat</strong></span> <span class='ocrx_word' id='word_1_70' title='bbox 795 1900 900 1956; x_wconf 81' lang='lat' dir='ltr'><strong>fortius</strong></span> <span class='ocrx_word' id='word_1_71' title='bbox 924 1904 956 1956; x_wconf 89' lang='lat' dir='ltr'><strong>et</strong></span> <span class='ocrx_word' id='word_1_72' title='bbox 979 1896 1135 1972; x_wconf 75' lang='lat' dir='ltr'><strong>astringit²</strong></span> <span class='ocrx_word' id='word_1_73' title='bbox 1154 1899 1306 1955; x_wconf 83' lang='lat' dir='ltr'><strong>vinculum</strong></span> <span class='ocrx_word' id='word_1_74' title='bbox 1323 1892 1592 1993; x_wconf 54' lang='lat' dir='ltr'><strong>⁰⁰11l11·ssf{}¹,⁰31}¹‚¹⁰⁰¹¹</strong></span> 
     </span>
     <span class='ocr_line' id='line_1_11' title="bbox 373 1980 1426 2055; baseline 0.002 -18"><span class='ocrx_word' id='word_1_75' title='bbox 373 1980 393 2007; x_wconf 84' lang='lat'><em>“</em></span> <span class='ocrx_word' id='word_1_76' title='bbox 411 1982 498 2053; x_wconf 80' lang='lat' dir='ltr'><strong>gule3</strong></span> <span class='ocrx_word' id='word_1_77' title='bbox 524 1981 602 2053; x_wconf 90' lang='lat' dir='ltr'><strong>quod</strong></span> <span class='ocrx_word' id='word_1_78' title='bbox 632 1987 663 2037; x_wconf 90' lang='lat' dir='ltr'><strong>et</strong></span> <span class='ocrx_word' id='word_1_79' title='bbox 686 1982 861 2038; x_wconf 86' lang='lat' dir='ltr'><strong>sacramenti</strong></span> <span class='ocrx_word' id='word_1_80' title='bbox 888 1981 1045 2037; x_wconf 74' lang='lat' dir='ltr'><strong>altitudine</strong></span> <span class='ocrx_word' id='word_1_81' title='bbox 1070 1982 1278 2049; x_wconf 81' lang='lat' dir='ltr'><strong>venerandum,</strong></span> <span class='ocrx_word' id='word_1_82' title='bbox 1306 1986 1336 2036; x_wconf 91' lang='lat' dir='ltr'><strong>et</strong></span> <span class='ocrx_word' id='word_1_83' title='bbox 1360 1982 1426 2055; x_wconf 88' lang='lat' dir='ltr'><strong>ipsa</strong></span> 
     </span>
     <span class='ocr_line' id='line_1_12' title="bbox 373 2064 1424 2138; baseline 0.003 -19"><span class='ocrx_word' id='word_1_84' title='bbox 373 2064 392 2091; x_wconf 88' lang='lat'><strong><em>“</em></strong></span> <span class='ocrx_word' id='word_1_85' title='bbox 411 2082 470 2120; x_wconf 78' lang='lat' dir='ltr'><strong>sum</strong></span> <span class='ocrx_word' id='word_1_86' title='bbox 487 2064 683 2122; x_wconf 88' lang='lat' dir='ltr'><strong>institutionis</strong></span> <span class='ocrx_word' id='word_1_87' title='bbox 703 2068 748 2122; x_wconf 89' lang='lat' dir='ltr'><strong>est</strong></span> <span class='ocrx_word' id='word_1_88' title='bbox 771 2064 972 2136; x_wconf 80' lang='lat' dir='ltr'><strong>singularitate</strong></span> <span class='ocrx_word' id='word_1_89' title='bbox 992 2065 1177 2138; x_wconf 74' lang='lat' dir='ltr'><strong>praclarum,</strong></span> <span class='ocrx_word' id='word_1_90' title='bbox 1197 2070 1228 2121; x_wconf 94' lang='lat' dir='ltr'><strong>et</strong></span> <span class='ocrx_word' id='word_1_91' title='bbox 1251 2064 1364 2121; x_wconf 81' lang='lat' dir='ltr'><strong>solenni</strong></span> <span class='ocrx_word' id='word_1_92' title='bbox 1387 2066 1424 2122; x_wconf 88' lang='lat' dir='ltr'><strong>ab</strong></span> 
     </span>
     <span class='ocr_line' id='line_1_13' title="bbox 372 2147 1425 2221; baseline 0.001 -17"><span class='ocrx_word' id='word_1_93' title='bbox 372 2148 496 2204; x_wconf 90' lang='lat' dir='ltr'><strong>“initio</strong></span> <span class='ocrx_word' id='word_1_94' title='bbox 519 2148 624 2204; x_wconf 89' lang='lat' dir='ltr'><strong>mundi</strong></span> <span class='ocrx_word' id='word_1_95' title='bbox 648 2154 678 2206; x_wconf 90' lang='lat' dir='ltr'><strong>et</strong></span> <span class='ocrx_word' id='word_1_96' title='bbox 701 2149 841 2221; x_wconf 88' lang='lat' dir='ltr'><strong>temporis</strong></span> <span class='ocrx_word' id='word_1_97' title='bbox 868 2147 1077 2205; x_wconf 86' lang='lat' dir='ltr'><strong>consuetudine</strong></span> <span class='ocrx_word' id='word_1_98' title='bbox 1105 2149 1293 2204; x_wconf 86' lang='lat' dir='ltr'><strong>celebratum.</strong></span> <span class='ocrx_word' id='word_1_99' title='bbox 1332 2148 1425 2221; x_wconf 81' lang='lat' dir='ltr'><strong>Cujus</strong></span> 
     </span>
     <span class='ocr_line' id='line_1_14' title="bbox 371 2231 1425 2304; baseline 0 -16"><span class='ocrx_word' id='word_1_100' title='bbox 371 2234 391 2259; x_wconf 90' lang='lat'><strong>“</strong></span> <span class='ocrx_word' id='word_1_101' title='bbox 410 2233 507 2304; x_wconf 86' lang='lat' dir='ltr'><strong>itaque</strong></span> <span class='ocrx_word' id='word_1_102' title='bbox 533 2232 627 2289; x_wconf 80' lang='lat' dir='ltr'><strong>virtus</strong></span> <span class='ocrx_word' id='word_1_103' title='bbox 658 2237 689 2288; x_wconf 91' lang='lat' dir='ltr'><strong>et</strong></span> <span class='ocrx_word' id='word_1_104' title='bbox 714 2234 817 2298; x_wconf 82' lang='lat' dir='ltr'><strong>forma,</strong></span> <span class='ocrx_word' id='word_1_105' title='bbox 838 2232 908 2304; x_wconf 83' lang='lat' dir='ltr'><strong>quia</strong></span> <span class='ocrx_word' id='word_1_106' title='bbox 934 2231 970 2288; x_wconf 89' lang='lat' dir='ltr'><strong>da</strong></span> <span class='ocrx_word' id='word_1_107' title='bbox 997 2232 1098 2291; x_wconf 82' lang='lat' dir='ltr'><strong>divina</strong></span> <span class='ocrx_word' id='word_1_108' title='bbox 1122 2232 1307 2288; x_wconf 86' lang='lat' dir='ltr'><strong>institutione</strong></span> <span class='ocrx_word' id='word_1_109' title='bbox 1334 2232 1425 2289; x_wconf 82' lang='lat' dir='ltr'><strong>traxit</strong></span> 
     </span>
     <span class='ocr_line' id='line_1_15' title="bbox 371 2314 1424 2389; baseline 0.002 -18"><span class='ocrx_word' id='word_1_110' title='bbox 371 2317 390 2342; x_wconf 78' lang='lat'><strong>‘¹</strong></span> <span class='ocrx_word' id='word_1_111' title='bbox 408 2316 563 2387; x_wconf 77' lang='lat' dir='ltr'>originem,</span> <span class='ocrx_word' id='word_1_112' title='bbox 582 2332 637 2371; x_wconf 90' lang='lat' dir='ltr'><strong>neo</strong></span> <span class='ocrx_word' id='word_1_113' title='bbox 661 2314 698 2371; x_wconf 91' lang='lat' dir='ltr'><strong>de</strong></span> <span class='ocrx_word' id='word_1_114' title='bbox 723 2320 842 2388; x_wconf 90' lang='lat' dir='ltr'><strong>peccato</strong></span> <span class='ocrx_word' id='word_1_115' title='bbox 865 2314 963 2371; x_wconf 89' lang='lat' dir='ltr'><strong>induit</strong></span> <span class='ocrx_word' id='word_1_116' title='bbox 982 2317 1137 2384; x_wconf 88' lang='lat' dir='ltr'><strong>maculam,</strong></span> <span class='ocrx_word' id='word_1_117' title='bbox 1159 2334 1213 2372; x_wconf 89' lang='lat' dir='ltr'><strong>neo</strong></span> <span class='ocrx_word' id='word_1_118' title='bbox 1236 2315 1273 2373; x_wconf 89' lang='lat' dir='ltr'><strong>de</strong></span> <span class='ocrx_word' id='word_1_119' title='bbox 1296 2315 1424 2389; x_wconf 73' lang='lat' dir='ltr'><strong>longaevi</strong></span> 
     </span>
     <span class='ocr_line' id='line_1_16' title="bbox 370 2396 1425 2471; baseline 0 -17"><span class='ocrx_word' id='word_1_120' title='bbox 370 2400 389 2425; x_wconf 91' lang='lat'><strong>“</strong></span> <span class='ocrx_word' id='word_1_121' title='bbox 408 2399 482 2454; x_wconf 86' lang='lat' dir='ltr'><strong>serie</strong></span> <span class='ocrx_word' id='word_1_122' title='bbox 499 2396 658 2469; x_wconf 79' lang='lat' dir='ltr'><strong>temporis⁸</strong></span> <span class='ocrx_word' id='word_1_123' title='bbox 676 2396 874 2455; x_wconf 78' lang='lat' dir='ltr'><strong>desuetudinis</strong></span> <span class='ocrx_word' id='word_1_124' title='bbox 898 2397 996 2471; x_wconf 89' lang='lat' dir='ltr'><strong>potuit</strong></span> <span class='ocrx_word' id='word_1_125' title='bbox 1019 2399 1128 2455; x_wconf 87' lang='lat' dir='ltr'><strong>sentire</strong></span> <span class='ocrx_word' id='word_1_126' title='bbox 1154 2398 1309 2470; x_wconf 85' lang='lat' dir='ltr'><strong>jacturam.</strong></span> <span class='ocrx_word' id='word_1_127' title='bbox 1347 2398 1425 2469; x_wconf 83' lang='lat' dir='ltr'><strong>Quin</strong></span> 
     </span>
     <span class='ocr_line' id='line_1_17' title="bbox 370 2479 1424 2551; baseline 0.004 -15"><span class='ocrx_word' id='word_1_128' title='bbox 370 2482 388 2509; x_wconf 79' lang='lat'><strong>‘⁸</strong></span> <span class='ocrx_word' id='word_1_129' title='bbox 407 2480 497 2537; x_wconf 89' lang='lat' dir='ltr'><strong>etiam</strong></span> <span class='ocrx_word' id='word_1_130' title='bbox 520 2481 553 2537; x_wconf 92' lang='lat' dir='ltr'><strong>id</strong></span> <span class='ocrx_word' id='word_1_131' title='bbox 573 2479 693 2536; x_wconf 87' lang='lat' dir='ltr'><strong>honoris</strong></span> <span class='ocrx_word' id='word_1_132' title='bbox 717 2482 881 2537; x_wconf 83' lang='lat' dir='ltr'><strong>venerando</strong></span> <span class='ocrx_word' id='word_1_133' title='bbox 905 2482 1027 2539; x_wconf 87' lang='lat' dir='ltr'><strong>accessit</strong></span> <span class='ocrx_word' id='word_1_134' title='bbox 1051 2482 1194 2551; x_wconf 85' lang='lat' dir='ltr'><strong>misterio,</strong></span> <span class='ocrx_word' id='word_1_135' title='bbox 1219 2487 1254 2538; x_wconf 88' lang='lat' dir='ltr'><strong>ut</strong></span> <span class='ocrx_word' id='word_1_136' title='bbox 1277 2481 1369 2538; x_wconf 87' lang='lat' dir='ltr'><strong>maris</strong></span> <span class='ocrx_word' id='word_1_137' title='bbox 1393 2488 1424 2540; x_wconf 91' lang='lat' dir='ltr'><strong>et</strong></span> 
     </span>
     <span class='ocr_line' id='line_1_18' title="bbox 370 2564 1423 2622; baseline 0.002 -3"><span class='ocrx_word' id='word_1_138' title='bbox 370 2565 389 2591; x_wconf 88' lang='lat'><strong><em>“</em></strong></span> <span class='ocrx_word' id='word_1_139' title='bbox 407 2565 523 2621; x_wconf 75' lang='lat' dir='ltr'><strong>feminae</strong></span> <span class='ocrx_word' id='word_1_140' title='bbox 541 2581 698 2621; x_wconf 88' lang='lat' dir='ltr'><strong>consensus</strong></span> <span class='ocrx_word' id='word_1_141' title='bbox 716 2564 747 2619; x_wconf 91' lang='lat' dir='ltr'><strong>in</strong></span> <span class='ocrx_word' id='word_1_142' title='bbox 764 2564 986 2621; x_wconf 74' lang='lat' dir='ltr'><strong>matrimonium</strong></span> <span class='ocrx_word' id='word_1_143' title='bbox 999 2564 1110 2622; x_wconf 77' lang='lat' dir='ltr'><strong>Christi</strong></span> <span class='ocrx_word' id='word_1_144' title='bbox 1126 2571 1158 2622; x_wconf 90' lang='lat' dir='ltr'><strong>et</strong></span> <span class='ocrx_word' id='word_1_145' title='bbox 1175 2565 1305 2621; x_wconf 73' lang='lat' dir='ltr'><strong>ecclesia</strong></span> <span class='ocrx_word' id='word_1_146' title='bbox 1324 2570 1423 2622; x_wconf 88' lang='lat' dir='ltr'><strong>teneat</strong></span> 
     </span>
     <span class='ocr_line' id='line_1_19' title="bbox 369 2648 1420 2720; baseline 0 -16"><span class='ocrx_word' id='word_1_147' title='bbox 369 2648 388 2674; x_wconf 89' lang='lat'><strong><em>“</em></strong></span> <span class='ocrx_word' id='word_1_148' title='bbox 407 2652 630 2704; x_wconf 85' lang='lat' dir='ltr'><strong>sacramentum.</strong></span> <span class='ocrx_word' id='word_1_149' title='bbox 667 2648 755 2704; x_wconf 81' lang='lat' dir='ltr'><strong>Tanti</strong></span> <span class='ocrx_word' id='word_1_150' title='bbox 775 2665 846 2720; x_wconf 84' lang='lat' dir='ltr'><strong>ergo</strong></span> <span class='ocrx_word' id='word_1_151' title='bbox 865 2648 990 2704; x_wconf 88' lang='lat' dir='ltr'><strong>misterii</strong></span> <span class='ocrx_word' id='word_1_152' title='bbox 1007 2648 1122 2704; x_wconf 88' lang='lat' dir='ltr'><strong>ratione</strong></span> <span class='ocrx_word' id='word_1_153' title='bbox 1143 2649 1232 2704; x_wconf 88' lang='lat' dir='ltr'><strong>simul</strong></span> <span class='ocrx_word' id='word_1_154' title='bbox 1252 2652 1283 2704; x_wconf 91' lang='lat' dir='ltr'><strong>et</strong></span> <span class='ocrx_word' id='word_1_155' title='bbox 1302 2664 1420 2705; x_wconf 80' lang='lat' dir='ltr'><strong>venera-</strong></span> 
     </span>
     <span class='ocr_line' id='line_1_20' title="bbox 370 2730 1422 2796; baseline 0.002 -10"><span class='ocrx_word' id='word_1_156' title='bbox 370 2732 389 2759; x_wconf 87' lang='lat'><strong>“</strong></span> <span class='ocrx_word' id='word_1_157' title='bbox 407 2732 489 2787; x_wconf 89' lang='lat' dir='ltr'><strong>tione</strong></span> <span class='ocrx_word' id='word_1_158' title='bbox 512 2731 637 2796; x_wconf 91' lang='lat' dir='ltr'><strong>inducti,</strong></span> <span class='ocrx_word' id='word_1_159' title='bbox 660 2750 712 2787; x_wconf 89' lang='lat' dir='ltr'><strong>uos</strong></span> <span class='ocrx_word' id='word_1_160' title='bbox 731 2730 899 2789; x_wconf 85' lang='lat' dir='ltr'><strong>Willelmas</strong></span> <span class='ocrx_word' id='word_1_161' title='bbox 923 2731 1025 2789; x_wconf 82' lang='lat' dir='ltr'><strong>divina</strong></span> <span class='ocrx_word' id='word_1_162' title='bbox 1049 2732 1164 2787; x_wconf 85' lang='lat' dir='ltr'><strong>favente</strong></span> <span class='ocrx_word' id='word_1_163' title='bbox 1189 2730 1346 2788; x_wconf 90' lang='lat' dir='ltr'><strong>clementia</strong></span> <span class='ocrx_word' id='word_1_164' title='bbox 1369 2749 1422 2788; x_wconf 84' lang='lat' dir='ltr'><strong>rex</strong></span> 
     </span>
     <span class='ocr_line' id='line_1_21' title="bbox 369 2813 1421 2887; baseline -0.001 -16"><span class='ocrx_word' id='word_1_165' title='bbox 369 2816 388 2840; x_wconf 80' lang='lat'><strong>‘⁸</strong></span> <span class='ocrx_word' id='word_1_166' title='bbox 408 2814 528 2882; x_wconf 77' lang='lat' dir='ltr'><strong>Sicilire,</strong></span> <span class='ocrx_word' id='word_1_167' title='bbox 547 2820 578 2871; x_wconf 92' lang='lat' dir='ltr'><strong>et</strong></span> <span class='ocrx_word' id='word_1_168' title='bbox 595 2814 717 2871; x_wconf 84' lang='lat' dir='ltr'><strong>ducatus</strong></span> <span class='ocrx_word' id='word_1_169' title='bbox 733 2814 859 2887; x_wconf 82' lang='lat' dir='ltr'><strong>Apuliae,</strong></span> <span class='ocrx_word' id='word_1_170' title='bbox 878 2819 909 2869; x_wconf 92' lang='lat' dir='ltr'><strong>et</strong></span> <span class='ocrx_word' id='word_1_171' title='bbox 925 2814 1106 2886; x_wconf 73' lang='lat' dir='ltr'><strong>principatus</strong></span> <span class='ocrx_word' id='word_1_172' title='bbox 1122 2814 1240 2887; x_wconf 72' lang='lat' dir='ltr'><strong>(lapus,</strong></span> <span class='ocrx_word' id='word_1_173' title='bbox 1254 2813 1421 2870; x_wconf 85' lang='lat' dir='ltr'><strong>Johannam</strong></span> 
     </span>
     <span class='ocr_line' id='line_1_22' title="bbox 369 2897 1420 2970; baseline 0 -18"><span class='ocrx_word' id='word_1_174' title='bbox 369 2898 538 2970; x_wconf 85' lang='lat' dir='ltr'><strong>“puellam</strong></span> <span class='ocrx_word' id='word_1_175' title='bbox 566 2898 643 2969; x_wconf 83' lang='lat' dir='ltr'><strong>regii</strong></span> <span class='ocrx_word' id='word_1_176' title='bbox 673 2897 847 2954; x_wconf 76' lang='lat' dir='ltr'><strong>excellentia</strong></span> <span class='ocrx_word' id='word_1_177' title='bbox 876 2897 1029 2969; x_wconf 81' lang='lat' dir='ltr'><strong>sanguinis</strong></span> <span class='ocrx_word' id='word_1_178' title='bbox 1057 2897 1295 2966; x_wconf 86' lang='lat' dir='ltr'><strong>illustrissimam,</strong></span> <span class='ocrx_word' id='word_1_179' title='bbox 1326 2897 1420 2953; x_wconf 88' lang='lat' dir='ltr'><strong>filiam</strong></span> 
     </span>
     <span class='ocr_line' id='line_1_23' title="bbox 369 2979 1418 3053; baseline 0.001 -17"><span class='ocrx_word' id='word_1_180' title='bbox 369 2981 389 3007; x_wconf 89' lang='lat'><strong>“</strong></span> <span class='ocrx_word' id='word_1_181' title='bbox 407 2980 528 3036; x_wconf 88' lang='lat' dir='ltr'><strong>Henrioi</strong></span> <span class='ocrx_word' id='word_1_182' title='bbox 553 2979 704 3053; x_wconf 80' lang='lat' dir='ltr'><strong>magnifici</strong></span> <span class='ocrx_word' id='word_1_183' title='bbox 730 2980 809 3052; x_wconf 82' lang='lat' dir='ltr'><strong>regis</strong></span> <span class='ocrx_word' id='word_1_184' title='bbox 829 2979 956 3052; x_wconf 84' lang='lat' dir='ltr'><strong>Angliae,</strong></span> <span class='ocrx_word' id='word_1_185' title='bbox 983 2980 1084 3036; x_wconf 83' lang='lat' dir='ltr'><strong>divino</strong></span> <span class='ocrx_word' id='word_1_186' title='bbox 1108 2986 1184 3037; x_wconf 90' lang='lat' dir='ltr'><strong>nutu</strong></span> <span class='ocrx_word' id='word_1_187' title='bbox 1210 2985 1241 3037; x_wconf 88' lang='lat' dir='ltr'><strong>et</strong></span> <span class='ocrx_word' id='word_1_188' title='bbox 1261 2980 1341 3037; x_wconf 81' lang='lat' dir='ltr'><strong>felici</strong></span> <span class='ocrx_word' id='word_1_189' title='bbox 1368 2999 1418 3037; x_wconf 89' lang='lat' dir='ltr'><strong>au·</strong></span> 
     </span>
     <span class='ocr_line' id='line_1_24' title="bbox 369 3063 1418 3137; baseline 0 -16"><span class='ocrx_word' id='word_1_190' title='bbox 369 3065 388 3091; x_wconf 90' lang='lat'><strong>“</strong></span> <span class='ocrx_word' id='word_1_191' title='bbox 406 3064 498 3136; x_wconf 89' lang='lat' dir='ltr'><strong>spicio</strong></span> <span class='ocrx_word' id='word_1_192' title='bbox 515 3064 609 3121; x_wconf 85' lang='lat' dir='ltr'><strong>sacri⁴</strong></span> <span class='ocrx_word' id='word_1_193' title='bbox 626 3064 693 3135; x_wconf 83' lang='lat' dir='ltr'><strong>lege</strong></span> <span class='ocrx_word' id='word_1_194' title='bbox 711 3064 890 3119; x_wconf 88' lang='lat' dir='ltr'><strong>matrimonii</strong></span> <span class='ocrx_word' id='word_1_195' title='bbox 908 3068 939 3119; x_wconf 86' lang='lat' dir='ltr'><strong>et</strong></span> <span class='ocrx_word' id='word_1_196' title='bbox 955 3063 1085 3120; x_wconf 76' lang='lat' dir='ltr'><strong>maritali</strong></span> <span class='ocrx_word' id='word_1_197' title='bbox 1102 3064 1186 3121; x_wconf 90' lang='lat' dir='ltr'><strong>nobis</strong></span> <span class='ocrx_word' id='word_1_198' title='bbox 1204 3064 1312 3120; x_wconf 86' lang='lat' dir='ltr'><strong>foedere</strong></span> <span class='ocrx_word' id='word_1_199' title='bbox 1331 3081 1418 3137; x_wconf 87' lang='lat' dir='ltr'><strong>oopn·</strong></span> 
     </span>
     <span class='ocr_line' id='line_1_25' title="bbox 369 3146 1417 3218; baseline 0.002 -16"><span class='ocrx_word' id='word_1_200' title='bbox 369 3147 387 3174; x_wconf 85' lang='lat'><strong><em>“</em></strong></span> <span class='ocrx_word' id='word_1_201' title='bbox 405 3148 511 3215; x_wconf 87' lang='lat' dir='ltr'><strong>lamus,</strong></span> <span class='ocrx_word' id='word_1_202' title='bbox 533 3150 569 3202; x_wconf 88' lang='lat' dir='ltr'><strong>nt</strong></span> <span class='ocrx_word' id='word_1_203' title='bbox 589 3147 698 3203; x_wconf 89' lang='lat' dir='ltr'><strong>bonnm</strong></span> <span class='ocrx_word' id='word_1_204' title='bbox 723 3146 853 3218; x_wconf 83' lang='lat' dir='ltr'><strong>conjugii</strong></span> <span class='ocrx_word' id='word_1_205' title='bbox 876 3152 964 3202; x_wconf 76' lang='lat' dir='ltr'><strong>castae</strong></span> <span class='ocrx_word' id='word_1_206' title='bbox 988 3146 1154 3203; x_wconf 82' lang='lat' dir='ltr'><strong>dilectionis</strong></span> <span class='ocrx_word' id='word_1_207' title='bbox 1176 3147 1248 3203; x_wconf 90' lang='lat' dir='ltr'><strong>fides</strong></span> <span class='ocrx_word' id='word_1_208' title='bbox 1272 3148 1417 3215; x_wconf 80' lang='lat' dir='ltr'><strong>exhibeat,</strong></span> 
     </span>
     <span class='ocr_line' id='line_1_26' title="bbox 368 3230 1416 3309; baseline 0.001 -23"><span class='ocrx_word' id='word_1_209' title='bbox 368 3231 387 3259; x_wconf 76' lang='lat'><strong>‘⁴</strong></span> <span class='ocrx_word' id='word_1_210' title='bbox 407 3230 484 3286; x_wconf 89' lang='lat' dir='ltr'><strong>unde</strong></span> <span class='ocrx_word' id='word_1_211' title='bbox 509 3230 594 3286; x_wconf 88' lang='lat' dir='ltr'><strong>nobis</strong></span> <span class='ocrx_word' id='word_1_212' title='bbox 618 3230 651 3284; x_wconf 92' lang='lat' dir='ltr'><strong>in</strong></span> <span class='ocrx_word' id='word_1_213' title='bbox 676 3235 826 3302; x_wconf 87' lang='lat' dir='ltr'><strong>posterum</strong></span> <span class='ocrx_word' id='word_1_214' title='bbox 851 3230 947 3301; x_wconf 89' lang='lat' dir='ltr'><strong>proles</strong></span> <span class='ocrx_word' id='word_1_215' title='bbox 972 3230 1056 3302; x_wconf 81' lang='lat' dir='ltr'><strong>regia</strong></span> <span class='ocrx_word' id='word_1_216' title='bbox 1080 3231 1142 3309; x_wconf 78' lang='lat' dir='ltr'><strong>Deo</strong></span> <span class='ocrx_word' id='word_1_217' title='bbox 1159 3230 1246 3287; x_wconf 91' lang='lat' dir='ltr'><strong>dante</strong></span> <span class='ocrx_word' id='word_1_218' title='bbox 1270 3231 1416 3301; x_wconf 89' lang='lat' dir='ltr'><strong>succedat,</strong></span> 
     </span>
     <span class='ocr_line' id='line_1_27' title="bbox 369 3312 1415 3387; baseline 0.001 -18"><span class='ocrx_word' id='word_1_219' title='bbox 369 3315 388 3341; x_wconf 81' lang='lat'><strong>‘⁴</strong></span> <span class='ocrx_word' id='word_1_220' title='bbox 408 3332 472 3387; x_wconf 86' lang='lat' dir='ltr'><strong>quae</strong></span> <span class='ocrx_word' id='word_1_221' title='bbox 490 3313 586 3371; x_wconf 81' lang='lat' dir='ltr'><strong>divini</strong></span> <span class='ocrx_word' id='word_1_222' title='bbox 603 3315 700 3386; x_wconf 77' lang='lat' dir='ltr'><strong>gratia</strong></span> <span class='ocrx_word' id='word_1_223' title='bbox 717 3312 857 3380; x_wconf 86' lang='lat' dir='ltr'><strong>muneris,</strong></span> <span class='ocrx_word' id='word_1_224' title='bbox 870 3312 1014 3370; x_wconf 71' lang='lat' dir='ltr'><strong>virtutum</strong></span> <span class='ocrx_word' id='word_1_225' title='bbox 1032 3314 1120 3370; x_wconf 89' lang='lat' dir='ltr'><strong>simul</strong></span> <span class='ocrx_word' id='word_1_226' title='bbox 1138 3319 1169 3370; x_wconf 91' lang='lat' dir='ltr'><strong>et</strong></span> <span class='ocrx_word' id='word_1_227' title='bbox 1188 3315 1305 3387; x_wconf 82' lang='lat' dir='ltr'><strong>generis</strong></span> <span class='ocrx_word' id='word_1_228' title='bbox 1317 3315 1415 3383; x_wconf 91' lang='lat' dir='ltr'><strong>titulo,</strong></span> 
     </span>
     <span class='ocr_line' id='line_1_28' title="bbox 368 3396 1419 3471; baseline 0.002 -18"><span class='ocrx_word' id='word_1_229' title='bbox 368 3398 387 3424; x_wconf 83' lang='lat'><strong>‘⁴</strong></span> <span class='ocrx_word' id='word_1_230' title='bbox 405 3397 443 3454; x_wconf 89' lang='lat' dir='ltr'><strong>ad</strong></span> <span class='ocrx_word' id='word_1_231' title='bbox 467 3398 554 3469; x_wconf 74' lang='lat' dir='ltr'><strong>regni</strong></span> <span class='ocrx_word' id='word_1_232' title='bbox 579 3397 672 3471; x_wconf 88' lang='lat' dir='ltr'><strong>possit</strong></span> <span class='ocrx_word' id='word_1_233' title='bbox 696 3403 727 3453; x_wconf 90' lang='lat' dir='ltr'><strong>et</strong></span> <span class='ocrx_word' id='word_1_234' title='bbox 750 3397 853 3452; x_wconf 84' lang='lat' dir='ltr'><strong>debeat</strong></span> <span class='ocrx_word' id='word_1_235' title='bbox 878 3396 1032 3468; x_wconf 79' lang='lat' dir='ltr'><strong>fastigium</strong></span> <span class='ocrx_word' id='word_1_236' title='bbox 1056 3398 1216 3454; x_wconf 87' lang='lat' dir='ltr'><strong>sublimari.</strong></span> <span class='ocrx_word' id='word_1_237' title='bbox 1255 3397 1329 3468; x_wconf 82' lang='lat' dir='ltr'><strong>Quia</strong></span> <span class='ocrx_word' id='word_1_238' title='bbox 1348 3415 1419 3456; x_wconf 82' lang='lat' dir='ltr'><strong>vero</strong></span> 
     </span>
     <span class='ocr_line' id='line_1_29' title="bbox 291 3478 1419 3554; baseline 0.002 -18"><span class='ocrx_word' id='word_1_239' title='bbox 291 3512 295 3519; x_wconf 88' lang='lat'><strong>·</strong></span> <span class='ocrx_word' id='word_1_240' title='bbox 368 3483 386 3509; x_wconf 83' lang='lat'><strong>‘⁶</strong></span> <span class='ocrx_word' id='word_1_241' title='bbox 404 3487 505 3538; x_wconf 89' lang='lat' dir='ltr'><strong>nostra</strong></span> <span class='ocrx_word' id='word_1_242' title='bbox 520 3480 643 3553; x_wconf 82' lang='lat' dir='ltr'><strong>dignum</strong></span> <span class='ocrx_word' id='word_1_243' title='bbox 660 3485 705 3536; x_wconf 91' lang='lat' dir='ltr'><strong>est</strong></span> <span class='ocrx_word' id='word_1_244' title='bbox 721 3478 903 3546; x_wconf 89' lang='lat' dir='ltr'><strong>celsitudine,</strong></span> <span class='ocrx_word' id='word_1_245' title='bbox 920 3485 955 3535; x_wconf 89' lang='lat' dir='ltr'><strong>nt</strong></span> <span class='ocrx_word' id='word_1_246' title='bbox 972 3484 1034 3535; x_wconf 92' lang='lat' dir='ltr'><strong>tam</strong></span> <span class='ocrx_word' id='word_1_247' title='bbox 1051 3480 1149 3536; x_wconf 89' lang='lat' dir='ltr'><strong>nobile</strong></span> <span class='ocrx_word' id='word_1_248' title='bbox 1166 3498 1200 3536; x_wconf 88' lang='lat' dir='ltr'><strong>ao</strong></span> <span class='ocrx_word' id='word_1_249' title='bbox 1217 3480 1335 3554; x_wconf 82' lang='lat' dir='ltr'><strong>insigne</strong></span> <span class='ocrx_word' id='word_1_250' title='bbox 1352 3499 1419 3538; x_wconf 91' lang='lat' dir='ltr'><strong>oon·</strong></span> 
     </span>
     <span class='ocr_line' id='line_1_30' title="bbox 368 3562 1419 3638; baseline 0.002 -18"><span class='ocrx_word' id='word_1_251' title='bbox 368 3567 387 3592; x_wconf 79' lang='lat'><strong>‘⁸</strong></span> <span class='ocrx_word' id='word_1_252' title='bbox 402 3565 523 3638; x_wconf 81' lang='lat' dir='ltr'><strong>jugium</strong></span> <span class='ocrx_word' id='word_1_253' title='bbox 549 3563 667 3621; x_wconf 86' lang='lat' dir='ltr'><strong>decenti</strong></span> <span class='ocrx_word' id='word_1_254' title='bbox 692 3564 807 3620; x_wconf 88' lang='lat' dir='ltr'><strong>dotario</strong></span> <span class='ocrx_word' id='word_1_255' title='bbox 832 3563 937 3619; x_wconf 84' lang='lat' dir='ltr'><strong>debeat</strong></span> <span class='ocrx_word' id='word_1_256' title='bbox 959 3562 1113 3633; x_wconf 89' lang='lat' dir='ltr'><strong>honorari;</strong></span> <span class='ocrx_word' id='word_1_257' title='bbox 1141 3582 1194 3637; x_wconf 88' lang='lat' dir='ltr'><strong>per</strong></span> <span class='ocrx_word' id='word_1_258' title='bbox 1211 3565 1266 3621; x_wconf 92' lang='lat' dir='ltr'><strong>hoo</strong></span> <span class='ocrx_word' id='word_1_259' title='bbox 1290 3582 1419 3638; x_wconf 82' lang='lat' dir='ltr'><strong>praesens</strong></span> 
     </span>
     <span class='ocr_line' id='line_1_31' title="bbox 368 3646 1417 3721; baseline 0 -17"><span class='ocrx_word' id='word_1_260' title='bbox 368 3650 387 3677; x_wconf 86' lang='lat'><strong><em>“</em></strong></span> <span class='ocrx_word' id='word_1_261' title='bbox 406 3651 549 3721; x_wconf 89' lang='lat' dir='ltr'><strong>scriptum</strong></span> <span class='ocrx_word' id='word_1_262' title='bbox 566 3648 669 3704; x_wconf 82' lang='lat' dir='ltr'><strong>demus</strong></span> <span class='ocrx_word' id='word_1_263' title='bbox 686 3648 766 3703; x_wconf 89' lang='lat' dir='ltr'><strong>etin</strong></span> <span class='ocrx_word' id='word_1_264' title='bbox 784 3647 937 3703; x_wconf 87' lang='lat' dir='ltr'><strong>dodarium</strong></span> <span class='ocrx_word' id='word_1_265' title='bbox 955 3646 1141 3703; x_wconf 87' lang='lat' dir='ltr'><strong>concedimus</strong></span> <span class='ocrx_word' id='word_1_266' title='bbox 1158 3648 1288 3721; x_wconf 73' lang='lat' dir='ltr'><strong>praeiatas</strong></span> <span class='ocrx_word' id='word_1_267' title='bbox 1305 3649 1417 3721; x_wconf 75' lang='lat' dir='ltr'><strong>regina</strong></span> 
     </span>
     <span class='ocr_line' id='line_1_32' title="bbox 367 3730 1417 3804; baseline 0 -16"><span class='ocrx_word' id='word_1_268' title='bbox 367 3734 386 3760; x_wconf 88' lang='lat'><strong><em>“</em></strong></span> <span class='ocrx_word' id='word_1_269' title='bbox 404 3732 565 3788; x_wconf 74' lang='lat' dir='ltr'><strong>karissimae</strong></span> <span class='ocrx_word' id='word_1_270' title='bbox 583 3732 666 3789; x_wconf 87' lang='lat' dir='ltr'><strong>uxori</strong></span> <span class='ocrx_word' id='word_1_271' title='bbox 683 3736 790 3787; x_wconf 84' lang='lat' dir='ltr'><strong>nostrae</strong></span> <span class='ocrx_word' id='word_1_272' title='bbox 812 3731 984 3786; x_wconf 88' lang='lat' dir='ltr'><strong>comitatum</strong></span> <span class='ocrx_word' id='word_1_273' title='bbox 1010 3730 1113 3787; x_wconf 83' lang='lat' dir='ltr'><strong>Sancti</strong></span> <span class='ocrx_word' id='word_1_274' title='bbox 1132 3732 1252 3804; x_wconf 85' lang='lat' dir='ltr'><strong>Angeli‚</strong></span> <span class='ocrx_word' id='word_1_275' title='bbox 1272 3732 1350 3788; x_wconf 89' lang='lat' dir='ltr'><strong>sicut</strong></span> <span class='ocrx_word' id='word_1_276' title='bbox 1373 3733 1417 3788; x_wconf 92' lang='lat' dir='ltr'><strong>in·</strong></span> 
     </span>
     <span class='ocr_line' id='line_1_33' title="bbox 368 3814 1417 3881; baseline 0.001 -9"><span class='ocrx_word' id='word_1_277' title='bbox 368 3817 386 3843; x_wconf 79' lang='lat'><strong>‘⁶</strong></span> <span class='ocrx_word' id='word_1_278' title='bbox 406 3818 496 3873; x_wconf 84' lang='lat' dir='ltr'><strong>ferias</strong></span> <span class='ocrx_word' id='word_1_279' title='bbox 517 3821 563 3872; x_wconf 89' lang='lat' dir='ltr'><strong>est</strong></span> <span class='ocrx_word' id='word_1_280' title='bbox 586 3822 768 3881; x_wconf 87' lang='lat' dir='ltr'><strong>annotatum,</strong></span> <span class='ocrx_word' id='word_1_281' title='bbox 788 3814 934 3881; x_wconf 82' lang='lat' dir='ltr'><strong>videlicet,</strong></span> <span class='ocrx_word' id='word_1_282' title='bbox 953 3814 985 3871; x_wconf 92' lang='lat' dir='ltr'><strong>in</strong></span> <span class='ocrx_word' id='word_1_283' title='bbox 1003 3814 1137 3870; x_wconf 89' lang='lat' dir='ltr'><strong>demanio</strong></span> <span class='ocrx_word' id='word_1_284' title='bbox 1161 3815 1291 3872; x_wconf 81' lang='lat' dir='ltr'><strong>civitatis</strong></span> <span class='ocrx_word' id='word_1_285' title='bbox 1308 3818 1417 3873; x_wconf 86' lang='lat' dir='ltr'><strong>montis</strong></span> 
     </span>
     <span class='ocr_line' id='line_1_34' title="bbox 366 3897 1531 3972; baseline 0.002 -17"><span class='ocrx_word' id='word_1_286' title='bbox 366 3901 386 3927; x_wconf 88' lang='lat'>“</span> <span class='ocrx_word' id='word_1_287' title='bbox 405 3899 506 3956; x_wconf 81' lang='lat' dir='ltr'><strong>Sancti</strong></span> <span class='ocrx_word' id='word_1_288' title='bbox 529 3899 648 3971; x_wconf 81' lang='lat' dir='ltr'><strong>Angeli,</strong></span> <span class='ocrx_word' id='word_1_289' title='bbox 671 3899 822 3955; x_wconf 79' lang='lat' dir='ltr'><strong>civitatem</strong></span> <span class='ocrx_word' id='word_1_290' title='bbox 849 3897 972 3970; x_wconf 85' lang='lat' dir='ltr'><strong>Siponti,</strong></span> <span class='ocrx_word' id='word_1_291' title='bbox 994 3903 1025 3954; x_wconf 87' lang='lat' dir='ltr'><strong>et</strong></span> <span class='ocrx_word' id='word_1_292' title='bbox 1049 3898 1198 3955; x_wconf 81' lang='lat' dir='ltr'><strong>civitatem</strong></span> <span class='ocrx_word' id='word_1_293' title='bbox 1218 3899 1328 3968; x_wconf 75' lang='lat' dir='ltr'><strong>Vestra,</strong></span> <span class='ocrx_word' id='word_1_294' title='bbox 1350 3918 1418 3957; x_wconf 87' lang='lat' dir='ltr'><strong>cnm</strong></span> <span class='ocrx_word' id='word_1_295' title='bbox 1529 3968 1531 3972; x_wconf 14' lang='grc' dir='ltr'><em>Α</em></span> 
     </span>
     <span class='ocr_line' id='line_1_35' title="bbox 368 3980 1417 4056; baseline 0.002 -17"><span class='ocrx_word' id='word_1_296' title='bbox 368 3984 541 4040; x_wconf 84' lang='lat' dir='ltr'><strong>“omnibus</strong></span> <span class='ocrx_word' id='word_1_297' title='bbox 561 3983 651 4056; x_wconf 83' lang='lat' dir='ltr'><strong>justis</strong></span> <span class='ocrx_word' id='word_1_298' title='bbox 675 3982 852 4039; x_wconf 87' lang='lat' dir='ltr'><strong>tenementis</strong></span> <span class='ocrx_word' id='word_1_299' title='bbox 876 3980 924 4038; x_wconf 78' lang='lat' dir='ltr'><strong>et⁸</strong></span> <span class='ocrx_word' id='word_1_300' title='bbox 948 3981 1136 4054; x_wconf 89' lang='lat' dir='ltr'><strong>pertinentiis</strong></span> <span class='ocrx_word' id='word_1_301' title='bbox 1160 3999 1278 4052; x_wconf 68' lang='lat' dir='ltr'><strong>aarum</strong></span> <span class='ocrx_word' id='word_1_302' title='bbox 1299 3984 1332 4039; x_wconf 92' lang='lat' dir='ltr'><strong>in</strong></span> <span class='ocrx_word' id='word_1_303' title='bbox 1357 4002 1417 4041; x_wconf 90' lang='lat' dir='ltr'><strong>ser-</strong></span> 
     </span>
     <span class='ocr_line' id='line_1_36' title="bbox 366 4065 1414 4137; baseline 0.002 -13"><span class='ocrx_word' id='word_1_304' title='bbox 366 4070 384 4096; x_wconf 89' lang='lat'><strong>“</strong></span> <span class='ocrx_word' id='word_1_305' title='bbox 403 4068 477 4124; x_wconf 79' lang='lat' dir='ltr'><strong>vitio</strong></span> <span class='ocrx_word' id='word_1_306' title='bbox 502 4073 602 4125; x_wconf 88' lang='lat' dir='ltr'><strong>antem</strong></span> <span class='ocrx_word' id='word_1_307' title='bbox 626 4065 812 4123; x_wconf 86' lang='lat' dir='ltr'><strong>concedimus</strong></span> <span class='ocrx_word' id='word_1_308' title='bbox 836 4065 865 4122; x_wconf 92' lang='lat' dir='ltr'><strong>ei</strong></span> <span class='ocrx_word' id='word_1_309' title='bbox 889 4066 926 4122; x_wconf 92' lang='lat' dir='ltr'><strong>de</strong></span> <span class='ocrx_word' id='word_1_310' title='bbox 946 4066 1123 4123; x_wconf 88' lang='lat' dir='ltr'><strong>tenementis</strong></span> <span class='ocrx_word' id='word_1_311' title='bbox 1141 4066 1256 4126; x_wconf 90' lang='lat' dir='ltr'><strong>comitis</strong></span> <span class='ocrx_word' id='word_1_312' title='bbox 1275 4068 1414 4137; x_wconf 77' lang='lat' dir='ltr'><strong>Goelridi,</strong></span> 
     </span>
     <span class='ocr_line' id='line_1_37' title="bbox 365 4149 1415 4223; baseline 0 -15"><span class='ocrx_word' id='word_1_313' title='bbox 365 4153 384 4179; x_wconf 86' lang='lat'>“</span> <span class='ocrx_word' id='word_1_314' title='bbox 403 4151 533 4219; x_wconf 76' lang='lat' dir='ltr'><strong>Alesiae,</strong></span> <span class='ocrx_word' id='word_1_315' title='bbox 551 4151 734 4217; x_wconf 78' lang='lat' dir='ltr'><strong>Peschizam,</strong></span> <span class='ocrx_word' id='word_1_316' title='bbox 755 4150 871 4215; x_wconf 89' lang='lat' dir='ltr'><strong>Bioum,</strong></span> <span class='ocrx_word' id='word_1_317' title='bbox 891 4149 1018 4223; x_wconf 82' lang='lat' dir='ltr'><strong>Caprile,</strong></span> <span class='ocrx_word' id='word_1_318' title='bbox 1038 4150 1186 4207; x_wconf 82' lang='lat' dir='ltr'><strong>Baranam</strong></span> <span class='ocrx_word' id='word_1_319' title='bbox 1208 4157 1238 4209; x_wconf 91' lang='lat' dir='ltr'><strong>et</strong></span> <span class='ocrx_word' id='word_1_320' title='bbox 1260 4152 1415 4220; x_wconf 57' lang='lat' dir='ltr'><strong>soliturus</strong></span> 
     </span>
     <span class='ocr_line' id='line_1_38' title="bbox 365 4232 1415 4307; baseline 0.002 -15"><span class='ocrx_word' id='word_1_321' title='bbox 365 4237 383 4264; x_wconf 88' lang='lat'><strong><em>“</em></strong></span> <span class='ocrx_word' id='word_1_322' title='bbox 403 4243 434 4292; x_wconf 88' lang='lat' dir='ltr'><strong>et</strong></span> <span class='ocrx_word' id='word_1_323' title='bbox 451 4234 550 4291; x_wconf 89' lang='lat' dir='ltr'><strong>omnia</strong></span> <span class='ocrx_word' id='word_1_324' title='bbox 565 4234 625 4290; x_wconf 86' lang='lat' dir='ltr'><strong>alia</strong></span> <span class='ocrx_word' id='word_1_325' title='bbox 642 4251 707 4307; x_wconf 87' lang='lat' dir='ltr'><strong>quae</strong></span> <span class='ocrx_word' id='word_1_326' title='bbox 724 4232 804 4289; x_wconf 88' lang='lat' dir='ltr'><strong>idem</strong></span> <span class='ocrx_word' id='word_1_327' title='bbox 822 4250 918 4290; x_wconf 87' lang='lat' dir='ltr'><strong>eomes</strong></span> <span class='ocrx_word' id='word_1_328' title='bbox 935 4233 971 4291; x_wconf 89' lang='lat' dir='ltr'><strong>de</strong></span> <span class='ocrx_word' id='word_1_329' title='bbox 987 4233 1096 4290; x_wconf 89' lang='lat' dir='ltr'><strong>honore</strong></span> <span class='ocrx_word' id='word_1_330' title='bbox 1113 4234 1244 4307; x_wconf 88' lang='lat' dir='ltr'><strong>ejusdem</strong></span> <span class='ocrx_word' id='word_1_331' title='bbox 1259 4236 1415 4294; x_wconf 88' lang='lat' dir='ltr'><strong>comitatus</strong></span> 
     </span>
    </p>
   </div>
   <div class='ocr_carea' id='block_1_6' title="bbox 364 4523 1261 4831">
    <p class='ocr_par' dir='ltr' id='par_1_6' title="bbox 364 4523 1261 4831">
     <span class='ocr_line' id='line_1_39' title="bbox 397 4523 1202 4594; baseline 0 -16"><span class='ocrx_word' id='word_1_332' title='bbox 397 4527 453 4578; x_wconf 70' lang='lat'><strong>112·</strong></span> <span class='ocrx_word' id='word_1_333' title='bbox 474 4525 580 4594; x_wconf 69' lang='lat' dir='ltr'><strong>nonnae]</strong></span> <span class='ocrx_word' id='word_1_334' title='bbox 639 4524 704 4577; x_wconf 77' lang='lat' dir='ltr'><strong>This</strong></span> <span class='ocrx_word' id='word_1_335' title='bbox 731 4526 869 4577; x_wconf 86' lang='lat' dir='ltr'><strong>document</strong></span> <span class='ocrx_word' id='word_1_336' title='bbox 943 4523 1093 4594; x_wconf 60' lang='lat' dir='ltr'><strong>’temporifl</strong></span> <span class='ocrx_word' id='word_1_337' title='bbox 1108 4541 1157 4577; x_wconf 87' lang='lat' dir='ltr'><strong>om.</strong></span> <span class='ocrx_word' id='word_1_338' title='bbox 1171 4528 1202 4581; x_wconf 82' lang='grc'><strong>0.</strong></span> 
     </span>
     <span class='ocr_line' id='line_1_40' title="bbox 364 4602 1186 4671; baseline -0.004 -12"><span class='ocrx_word' id='word_1_339' title='bbox 364 4623 452 4659; x_wconf 86' lang='lat' dir='ltr'><strong>occurs</strong></span> <span class='ocrx_word' id='word_1_340' title='bbox 475 4607 530 4658; x_wconf 87' lang='lat' dir='ltr'><strong>also</strong></span> <span class='ocrx_word' id='word_1_341' title='bbox 557 4604 584 4656; x_wconf 88' lang='lat' dir='ltr'><strong>in</strong></span> <span class='ocrx_word' id='word_1_342' title='bbox 610 4604 655 4657; x_wconf 85' lang='lat' dir='ltr'><strong>the</strong></span> <span class='ocrx_word' id='word_1_343' title='bbox 681 4603 818 4657; x_wconf 84' lang='lat' dir='ltr'><strong>Chronicle</strong></span> <span class='ocrx_word' id='word_1_344' title='bbox 839 4604 870 4656; x_wconf 81' lang='lat' dir='ltr'><strong>of</strong></span> <span class='ocrx_word' id='word_1_345' title='bbox 943 4602 1045 4671; x_wconf 55' lang='grc' dir='ltr'><strong>ωσι]</strong></span> <span class='ocrx_word' id='word_1_346' title='bbox 1060 4620 1142 4668; x_wconf 86' lang='lat' dir='ltr'><strong>sacra,</strong></span> <span class='ocrx_word' id='word_1_347' title='bbox 1155 4607 1186 4659; x_wconf 87' lang='lat' dir='ltr'><strong>C.</strong></span> 
     </span>
     <span class='ocr_line' id='line_1_41' title="bbox 364 4681 1112 4750; baseline -0.005 -12"><span class='ocrx_word' id='word_1_348' title='bbox 364 4685 494 4747; x_wconf 74' lang='lat' dir='ltr'><strong>Benedici,</strong></span> <span class='ocrx_word' id='word_1_349' title='bbox 510 4686 561 4736; x_wconf 83' lang='lat' dir='ltr'><strong>rol.</strong></span> <span class='ocrx_word' id='word_1_350' title='bbox 573 4683 589 4734; x_wconf 93' lang='lat' dir='ltr'><strong>i.</strong></span> <span class='ocrx_word' id='word_1_351' title='bbox 601 4700 645 4750; x_wconf 84' lang='lat' dir='ltr'><strong>pp.</strong></span> <span class='ocrx_word' id='word_1_352' title='bbox 664 4686 796 4746; x_wconf 68' lang='lat' dir='ltr'><strong>les-lta,</strong></span> <span class='ocrx_word' id='word_1_353' title='bbox 812 4684 867 4736; x_wconf 91' lang='lat' dir='ltr'><strong>Ho-</strong></span> <span class='ocrx_word' id='word_1_354' title='bbox 943 4681 1003 4750; x_wconf 67' lang='lat' dir='ltr'><strong>⁸ot]</strong></span> <span class='ocrx_word' id='word_1_355' title='bbox 1019 4700 1068 4735; x_wconf 90' lang='lat' dir='ltr'><strong>om.</strong></span> <span class='ocrx_word' id='word_1_356' title='bbox 1082 4685 1112 4737; x_wconf 88' lang='lat' dir='ltr'><strong>C.</strong></span> 
     </span>
     <span class='ocr_line' id='line_1_42' title="bbox 368 4761 1261 4831; baseline 0.001 -15"><span class='ocrx_word' id='word_1_357' title='bbox 368 4767 457 4826; x_wconf 74' lang='lat' dir='ltr'><strong>voden,</strong></span> <span class='ocrx_word' id='word_1_358' title='bbox 467 4763 495 4814; x_wconf 86' lang='lat' dir='ltr'><strong>ii.</strong></span> <span class='ocrx_word' id='word_1_359' title='bbox 507 4766 599 4817; x_wconf 75' lang='grc'><strong>95-97.</strong></span> <span class='ocrx_word' id='word_1_360' title='bbox 944 4762 955 4796; x_wconf 80' lang='lat'>⁸</span> <span class='ocrx_word' id='word_1_361' title='bbox 969 4761 1093 4831; x_wconf 54' lang='lat' dir='ltr'><strong>salbum]</strong></span> <span class='ocrx_word' id='word_1_362' title='bbox 1108 4762 1217 4829; x_wconf 84' lang='lat' dir='ltr'><strong>silitum,</strong></span> <span class='ocrx_word' id='word_1_363' title='bbox 1230 4765 1261 4820; x_wconf 80' lang='lat'><strong>0.</strong></span> 
     </span>
    </p>
   </div>
   <div class='ocr_carea' id='block_1_7' title="bbox 396 4840 739 4910">
    <p class='ocr_par' dir='ltr' id='par_1_7' title="bbox 396 4840 739 4910">
     <span class='ocr_line' id='line_1_43' title="bbox 396 4840 739 4910; baseline -0.006 -15"><span class='ocrx_word' id='word_1_364' title='bbox 396 4845 408 4879; x_wconf 85' lang='lat'>²</span> <span class='ocrx_word' id='word_1_365' title='bbox 419 4843 549 4910; x_wconf 66' lang='grc' dir='ltr'><strong>ωινίπςὶι]</strong></span> <span class='ocrx_word' id='word_1_366' title='bbox 563 4840 695 4910; x_wconf 77' lang='lat' dir='ltr'><strong>astringat,</strong></span> <span class='ocrx_word' id='word_1_367' title='bbox 707 4842 739 4895; x_wconf 80' lang='grc' dir='ltr'><strong>Ο.</strong></span> 
     </span>
    </p>
   </div>
   <div class='ocr_carea' id='block_1_8' title="bbox 0 0 1828 5720">
    <p class='ocr_par' dir='ltr' id='par_1_8' title="bbox 0 0 1828 5720">
     <span class='ocr_line' id='line_1_44' title="bbox 0 0 1828 5720; baseline 0 5"><span class='ocrx_word' id='word_1_368' title='bbox 0 0 1828 5720; x_wconf 95' lang='lat' dir='ltr'><strong> </strong></span> 
     </span>
    </p>
   </div>
  </div>
 </body>
</html>
