3662 5728
208 1681 244 1733 Η.
257 1683 337 1735 Hnnt

207 1749 252 1801 lib.
263 1749 315 1802 viii.

751 875 863 924 ornas
884 875 1075 926 nuromoa
1369 865 1432 929 153

378 1043 512 1130 aliquod
534 1017 665 1133 tempus
698 1046 879 1112 necessaria
908 1045 1102 1112 ministrare.
1158 1044 1308 1132 Triginta
1330 1046 1432 1111 etiam
1444 1055 1584 1168 &ffi-

377 1158 432 1223 vel
453 1181 492 1225 eo
514 1161 656 1246 amplius
678 1160 901 1226 munitissima
930 1161 1065 1227 castella
1086 1182 1162 1228 cum
1194 1160 1431 1246 possessoribus
1443 1174 1582 1219 mlotlai·

377 1261 445 1326 suis
477 1268 512 1327 et
542 1263 751 1349 pertinentiis
784 1284 843 1349 per
874 1263 1046 1331 consilium
1077 1262 1171 1328 ducis
1200 1283 1234 1328 se
1257 1263 1333 1330 duci
1355 1263 1431 1328 sub
1442 1227 1523 1270 Μ

377 1363 540 1431 diderunt
1453 1430 1455 1434 Α

422 1464 517 1532 Obiit
538 1467 600 1534 hoc
621 1488 709 1534 anno
731 1488 818 1554 pepe
840 1469 1015 1555 augemus,
1036 1467 1132 1554 eique
1154 1467 1309 1533 successit
1323 1468 1578 1578 Anas-spumas

377 1566 505 1634 tasiua1

420 1679 488 1735 Dux
501 1676 614 1738 autem
638 1687 815 1754 congregata
832 1680 963 1737 militum
981 1685 1074 1757 copia,
1094 1674 1428 1760 wilingefordensibffi
1441 1709 1585 1805 {ffiiff'

207 1815 312 1869 fam
372 1781 436 1852 jam
453 1782 531 1838 fame
552 1781 587 1840 et
608 1773 721 1860 inopia
744 1771 884 1852 perituris
903 1797 1069 1840 succurrere
1090 1777 1270 1845 festinavit
1308 1785 1551 1861 Obsedilwming·

375 1865 488 1950 itaque
512 1880 640 1930 castrum
664 1873 701 1928 da
726 1871 907 1937 Orsumcrse,
925 1890 989 1928 rem
1016 1875 1138 1932 arduam
1164 1882 1194 1933 et
1221 1876 1427 1934 inaestimatam
1440 1860 1553 1964 {Qu

375 1961 562 2018 laudabiliter
578 1960 733 2033 incipiens,
757 1960 913 2037 cinxitque
932 1961 1084 2018 castellnm
1107 1966 1188 2036 regis
1212 1972 1242 2021 et
1266 1964 1427 2020 exercitum
1440 1961 1592 2008 ummah.

374 2060 460 2115 illum
477 2059 554 2115 vallo
571 2057 710 2123 maximo,
729 2062 762 2113 ut
780 2056 839 2112 suis
856 2062 972 2113 tentum
989 2075 1043 2128 per
1059 2060 1214 2116 castellum
1231 2061 1267 2116 ds
1279 2060 1427 2131 Walinge·

373 2144 439 2201 ford
456 2148 569 2216 pateret
585 2159 728 2214 egressus,
748 2141 875 2197 obsessis
887 2159 956 2196 vero
968 2143 1067 2198 nullus
1085 2144 1181 2200 exitus
1199 2145 1426 2216 permitteretur.

375 2237 437 2306 Quo
455 2232 568 2305 audito
590 2248 651 2291 rex
666 2224 854 2312 Stephanus
870 2247 945 2290 cum
960 2218 1080 2312 m'agno
1095 2228 1243 2294 exercitu
1259 2227 1428 2314 Walinge-

373 2328 514 2396 fordiam
535 2328 735 2416 properavit,
757 2327 902 2393 fautores
925 2327 1017 2392 ducis
1047 2329 1105 2414 qui
1132 2331 1168 2394 in
1194 2331 1308 2397 eodem
1331 2335 1427 2396 erant

373 2432 506 2498 castello
527 2433 635 2498 sarius
658 2412 758 2517 quiam
778 2429 905 2496 solebat
920 2429 1117 2508 obsessurus,
1133 2433 1187 2498 vel
1209 2432 1327 2499 saltem
1349 2453 1425 2497 suos
1438 2461 1541 2515 sapae„

373 2554 454 2619 quos
477 2534 547 2600 dux
571 2533 744 2599 obsederat
768 2532 812 2597 ab
837 2532 1025 2597 imminenti
1051 2533 1195 2619 periculo
1218 2534 1424 2599 liberaturus.
1437 2525 1582 2617 lffi'i'fflr

371 2636 504 2701 Anxius
519 2637 608 2703 enim
622 2657 682 2701 rex
704 2634 828 2721 duplici
852 2655 894 2699 ex
916 2655 1014 2699 causa
1035 2635 1154 2701 anhelo
1176 2636 1296 2722 spiritu
1318 2636 1425 2701 labor-
1437 2614 1547 2709 w&

371 2740 459 2816 abat,
473 2740 599 2813 scilicet
612 2744 653 2803 ut
667 2736 721 2803 vel
736 2757 812 2802 suos
826 2735 991 2811 liberaret,
1007 2735 1061 2801 vel
1077 2737 1280 2803 adversarios
1295 2739 1424 2825 impug-
1540 2758 1544 2767 ’

370 2846 473 2908 naret.
513 2840 646 2907 Sciebat
660 2841 749 2905 enim
764 2838 852 2925 quod
867 2859 1073 2924 quocumque
1088 2862 1123 2905 se
1139 2845 1285 2906 verteret
1306 2841 1423 2906 ducem

369 2946 478 3033 ipsum
492 2945 529 3008 in
544 2941 693 3009 exercitu
707 2962 767 3006 suo
782 2941 870 3005 inter
883 2938 1029 3026 primos²
1040 2940 1177 3006 obvium
1192 2942 1424 3009 incunctanter

369 3048 512 3115 haberet.
571 3046 831 3133 Obpugnaverat
856 3049 969 3108 autem
999 3043 1088 3109 idem
1114 3066 1173 3110 rex
1199 3045 1271 3131 jam
1301 3047 1422 3133 saepius

367 3150 546 3239 praefatum
587 3147 760 3215 castellum
789 3151 937 3232 tempore
967 3166 1032 3231 quo
1066 3145 1132 3211 suit
1161 3147 1356 3234 imperatrix
1385 3150 1422 3214 in

368 3254 491 3341 Anglia
505 3258 540 3319 et
554 3251 752 3338 aliquotiens
766 3252 889 3335 postea,
904 3247 962 3313 sed
982 3269 1050 3313 non
1072 3248 1250 3335 praevaluit
1263 3251 1422 3318 adversus
1539 3332 1543 3339 ν

368 3357 532 3443 quendam
556 3354 754 3441 prudentem
781 3350 829 3415 ibi
854 3350 1025 3415 Britonem
1048 3351 1263 3417 castellanum
1288 3355 1422 3421 nomine

367 3460 556 3525 Briennum.
602 3457 726 3521 Verum
756 3453 835 3539 quia
865 3474 1054 3540 expugnare
1084 3476 1151 3520 non
1180 3457 1580 3544 potuit,si1psr11mpwd,b

366 3567 501 3650 pontem
516 3558 687 3625 Tamensis
709 3556 805 3621 fluvii
828 3559 954 3621 turrem
976 3555 1120 3643 ligneam
1143 3579 1217 3622 cum
1232 3580 1420 3646 propugna,
1432 3534 1582 3629 maan

366 3664 449 3732 culis
472 3667 629 3740 erexerat,
645 3660 689 3726 ad
714 3658 873 3726 arcendos
896 3657 1052 3724 videlicet
1066 3635 1520 3746 walingefordensiumbffi‘*

366 3766 512 3831 militum
527 3784 694 3831 excursus.
739 3760 820 3826 Dux
841 3780 920 3825 vero
943 3781 986 3825 ex
1008 3759 1186 3847 improviso
1208 3783 1284 3827 cum
1306 3765 1419 3849 paucis
1431 3785 1515 3839 nem
1548 3838 1553 3850 ,

365 3869 503 3934 armatis
518 3889 535 3933 e
551 3865 705 3953 praesidio
720 3861 895 3952 prosilivit,
910 3860 1071 3927 fabricam
1086 3861 1240 3928 hostilem
1258 3885 1325 3930 non
1347 3868 1418 3933 sine
1429 3841 1582 3991 ἕῒὲἔζζο

365 3993 499 4038 suorum
514 3968 659 4057 periculo
674 3965 890 4053 expugnavit,
905 3965 1076 4051 regiosque
1092 3964 1250 4032 satellites
1265 3969 1417 4036 manibus
1429 3988 1534 4082 rusios?

364 4073 512 4139 fidelium
537 4092 672 4137 suorum
696 4068 847 4133 deorsum
879 4065 1108 4152 praecipitavit.
1157 4066 1212 4133 Sic
1241 4068 1313 4133 dux
1343 4092 1418 4136 cum
1429 4039 1584 4143 dubl-lm.

363 4176 433 4241 suis
462 4178 663 4240 armatorum
694 4168 797 4255 copiis
827 4166 928 4232 libere
958 4187 1147 4255 progressus
1177 4169 1213 4232 in
1244 4174 1418 4257 campestri

362 4277 502 4366 planitie
517 4278 632 4343 contra
653 4272 739 4358 rogis
754 4269 935 4336 exercitum
958 4274 1065 4335 castra
1085 4275 1230 4336 metatus
1245 4278 1302 4338 est
1349 4275 1418 4341 Vix

362 4381 470 4447 tribus
493 4377 611 4444 stadiis
632 4375 721 4439 inter
744 4394 778 4438 se
802 4371 973 4436 distabant
1002 4378 1110 4436 castra
1138 4373 1225 4460 regis
1251 4379 1286 4439 et
1309 4382 1417 4444 castre

361 4483 462 4550 ducis.
509 4479 594 4547 Ourn
616 4482 728 4542 autem
751 4496 811 4540 rex
826 4474 867 4539 de
890 4472 1083 4539 ordinandis
1104 4475 1235 4541 aciebus
1256 4498 1332 4543 oum
1347 4481 1415 4545 suis

394 4705 863 4780 rpugeniusllldieddulySAHQ
943 4703 1145 4771 Rumpimus]
1182 4705 1411 4773 Iaeltblankinc.

361 4792 513 4846 Anastasius
522 4790 575 4842 1v.
586 4786 724 4839 suosmed
733 4784 799 4851 Jnly
810 4790 834 4835 9.

1443 1535 1558 1590 Ipora
1672 1564 1678 1571 ·
