3628 5728
687 870 799 920 ornus
821 870 1013 921 nrsromca
1307 852 1378 923 497

322 1055 465 1122 nachum
490 1056 761 1124 Oantuariensem
784 1059 883 1124 simul
909 1064 944 1125 et
970 1057 1123 1125 clericum
1154 1056 1215 1124 has
1245 1057 1376 1124 litteras
1406 1081 1530 1126 annor.

323 1159 516 1226 miserunt
507 1184 543 1225 ιιι
565 1162 762 1228 Franciam:
764 1202 809 1212 —

361 1272 559 1329 “willelmus
586 1274 642 1329 Dei
668 1275 765 1347 gratia
790 1274 940 1331 Heliensis
970 1274 1122 1348 episcopus
1149 1277 1180 1328 et
1211 1272 1376 1370 apostolicas
1389 1282 1547 1330 Ieuuorrhc

325 1355 344 1381 “
364 1353 441 1410 sedis
471 1355 595 1426 legatus,
614 1361 644 1412 et
674 1358 774 1414 caeteri
800 1357 959 1431 provincias
990 1355 1210 1413 cantuariensis
1238 1355 1376 1451 episcopi,
1389 1335 1535 1447 {fflffi

324 1439 345 1464 “
364 1438 578 1501 venerabilibus
597 1440 653 1496 ct
645 1459 677 1496 ιιι
695 1441 814 1497 Christo
832 1441 947 1497 dilectis
965 1438 1190 1512 archiepiscopis
1215 1442 1246 1493 et
1269 1439 1377 1511 episco-
1389 1436 1528 1529 *gam

324 1521 344 1548 “
362 1520 418 1593 pis,
440 1521 478 1577 ad
503 1540 574 1594 quos
600 1541 728 1595 praesens
746 1525 887 1596 scriptum
915 1522 1099 1620 pervenerit¹
1117 1522 1268 1579 salutern
1258 1540 1291 1577 ιιι
1307 1540 1378 1579 vero
1389 1489 1517 1581 ‹rr-itm·

325 1604 344 1631 ‘⁴
365 1604 501 1661 Salutari.
544 1605 666 1675 Quantis
683 1608 833 1680 hucusque
858 1607 959 1680 gavisa
975 1608 1014 1663 sit
1032 1605 1259 1662 emunitatibus²
1280 1612 1375 1661 mater
1389 1586 1531 1689 ξ’ξὲὲξξορ

325 1689 464 1743 “nostra
487 1688 704 1747 cantuariensis
727 1692 859 1756 ecclesia,
881 1698 1009 1748 vestram
1032 1689 1179 1746 credimus
1203 1707 1263 1745 non
1285 1690 1378 1747 latere
1390 1687 1512 1739 deprecor

325 1771 345 1797 “
362 1771 506 1827 notitiam.
543 1773 626 1829 Inter
649 1792 720 1846 quas
743 1780 823 1830 retro
847 1775 963 1830 habitas
985 1773 1145 1846 dignitates
1169 1778 1199 1828 et
1223 1772 1379 1844 privilegia
1390 1737 1549 1841 toliirliiiiiil

326 1855 345 1880 ‘⁴
363 1870 397 1908 eo
415 1854 556 1911 hactenus
573 1857 675 1912 functa
692 1862 746 1923 est,
764 1876 801 1913 ne
827 1858 1038 1913 Eboracensem
1057 1857 1128 1912 alias
1147 1874 1236 1928 quam
1255 1855 1379 1912 Cantus·

327 1939 346 1966 ‘¹
364 1938 427 2004 riae,
447 1943 477 1994 et
493 1939 530 1994 ab
547 1940 675 2013 ejusdem
694 1942 824 1997 ecclesia
842 1941 1061 2013 archiepiscopo
1080 1956 1193 1995 necnon
1210 1938 1302 1995 totius
1319 1937 1381 1994 An·

328 2023 345 2048 ‘⁶
365 2022 451 2093 gliae⁸
462 2024 599 2095 primate,
618 2026 780 2081 consecrari
797 2026 902 2081 liceret
920 2025 1187 2097 archiepiscopum
1200 2022 1278 2080 unde
1296 2039 1381 2078 vene-

327 2108 346 2134 “
365 2106 467 2162 rabilis
484 2113 568 2179 pater
584 2115 685 2164 noster
696 2109 884 2166 Baldewinus
897 2107 1116 2165 cantuariensis
1133 2106 1381 2180 archiepiscopus,

327 2191 346 2217 ‘⁶
364 2206 400 2244 ex
417 2190 639 2263 privilegiorum
656 2192 865 2265 praedictorum
877 2194 961 2248 varia
978 2199 1008 2247 et
1025 2189 1184 2264 multiplici
1202 2190 1381 2262 inspectione

328 2272 347 2298 “
366 2278 397 2327 at
414 2272 536 2345 antiqua
553 2275 760 2330 consuetudine
779 2274 939 2347 prudenter
957 2273 1086 2337 edoctus,
1103 2278 1134 2327 at
1152 2279 1306 2345 antequam
1324 2272 1382 2327 iter

327 2356 347 2383 ‘⁴
366 2355 633 2413 Jerosclimitanum
650 2360 802 2432 arriperet,
822 2356 961 2413 adversus
979 2356 1152 2413 Gaufridum
1170 2356 1382 2412 Eboracensem

328 2438 347 2465 “
368 2438 494 2494 electum
508 2439 558 2512 jus
575 2457 662 2496 snum
679 2446 854 2513 protestatus
873 2444 904 2494 et
920 2439 1105 2510 dignitatem,
1118 2457 1156 2494 ne
1174 2438 1252 2495 idem
1270 2439 1307 2494 ab
1325 2439 1382 2494 alio

327 2522 348 2549 ⁴⁶
367 2540 455 2593 quarn
479 2541 497 2578 a
521 2541 552 2579 ae
576 2528 607 2579 et
630 2524 663 2578 in
686 2525 810 2580 ecclesia
833 2522 1046 2588 Gantnariensi,
1072 2522 1150 2577 facta
1174 2523 1262 2578 etiam
1287 2523 1380 2578 eidem

328 2606 349 2634 ‘⁴
368 2606 545 2678 professione
574 2613 605 2663 et
640 2608 814 2674 obedientia,
844 2611 1072 2671 consecraretur,
1105 2606 1272 2678 appellavit.
1320 2606 1383 2662 Nos

328 2689 348 2716 “
366 2704 480 2760 quoque
503 2690 632 2761 ejusdem
660 2691 753 2763 patris
776 2690 870 2745 nostri
890 2689 940 2761 jus
958 2695 989 2745 et
1007 2686 1184 2760 dignitatem
1209 2688 1294 2744 filiali
1318 2706 1383 2760 pro·

330 2774 519 2843 “sequentes
551 2773 713 2840 devotione,
745 2773 875 2829 volentes
917 2772 1126 2828 nichilominus
1166 2772 1383 2845 praenominatur

329 2857 350 2884 “
367 2861 475 2912 nostra
492 2859 595 2913 matris
618 2858 748 2914 ecclesias
774 2857 913 2928 dignitati
937 2856 1098 2929 providere,
1122 2856 1275 2912 memorati
1292 2858 1384 2927 patris

328 2940 349 2967 ⁴⁸
368 2940 462 2995 nostri
486 2939 703 2998 Cantuariensis
728 2941 955 3015 appellationem
982 2940 1168 3006 innovantes,
1187 2958 1224 2995 ne
1249 2940 1384 3012 praeliba·
1431 2942 1434 2951 ’

330 3024 350 3050 “
368 3028 417 3078 tus
435 3022 592 3081 (laufridus
610 3025 799 3081 Eboracensis
817 3024 926 3080 electus
952 3023 989 3079 ab
1007 3024 1104 3095 aliquo
1128 3029 1260 3080 vestrum
1277 3041 1384 3080 munus

330 3107 349 3135 “
368 3108 592 3164 consecrationis
610 3109 743 3182 accipiat,
761 3107 861 3165 sedam
878 3107 1065 3180 apostolicam
1083 3107 1294 3179 appellamnsfi

373 3189 514 3278 Eelipsis
536 3190 613 3257 solis
635 3192 705 3259 iere
727 3191 841 3257 totalis
870 3191 1027 3278 apparuit
1049 3190 1165 3308 vigilia
1188 3190 1302 3257 Sancti
1325 3191 1383 3257 Jc
1395 3207 1495 3304 numu

1395 3259 1501 3304 between

329 3291 450 3359 hannis
479 3294 650 3381 Baptistae.
695 3294 947 3360 Pullulaverant
970 3293 1115 3359 autem
1105 3316 1142 3358 ιιι
1163 3293 1287 3381 anglia
1317 3294 1383 3360 dis-
1395 3309 1515 3404 aalma

329 3396 449 3461 cordiae
472 3396 561 3462 inter
589 3397 819 3464 cancellarium
842 3402 878 3461 et
899 3397 1053 3462 comitem
1082 3395 1278 3475 Johannem,
1301 3396 1383 3462 adeo
1395 3410 1471 3455 aanor

329 3502 369 3562 ut
405 3497 484 3563 hinc
521 3498 599 3563 inde
636 3499 759 3564 milites
796 3498 1004 3585 stipendiarii
1037 3504 1072 3563 et
1105 3499 1383 3585 conprovinciales
1395 3510 1492 3604 {iffi

329 3598 453 3664 milites
486 3601 657 3666 convocati
690 3601 734 3665 ad
767 3621 861 3665 arma
894 3598 1149 3665 convolarent
1140 3622 1177 3664 ιιι
1213 3600 1383 3667 obsidione
1394 3612 1473 3656 ωιῑι

330 3699 456 3766 castelli
479 3700 667 3768 Lincolniae.
706 3702 840 3768 Interea
857 3701 1009 3766 venitm
1031 3701 1189 3788 angliam
1204 3702 1383 3768 Walterius
1396 3720 1519 3765 reamur

329 3800 385 3867 ille
416 3802 689 3890 Rothomagensis
718 3803 981 3890 archiepiscopus
1011 3824 1070 3889 per
1098 3803 1267 3870 licentiam
1297 3770 1509 3915 regratiati}

329 3925 351 3970 a
373 3904 524 3972 Messana
546 3927 697 3972 reversus
719 3906 805 3973 circa
826 3906 949 3971 festum
972 3904 1088 3970 Sancti
1110 3904 1273 3971 «Iohannis
1295 3871 1483 4023 Eup-m

329 4006 427 4073 tistae
466 3988 703 4075 Convenerunt
725 4009 838 4094 itaque
860 4028 928 4072 una
950 4028 1025 4072 cum
1048 4006 1121 4093 ipso
1143 4008 1287 4095 episcopi
1309 4009 1410 4118 (ιιι-ί1
1394 4024 1469 4084 rma

330 4108 407 4175 dam
429 4115 464 4175 et
489 4131 636 4196 proceres
659 4111 799 4198 angliae,
823 4116 863 4174 ut
892 4130 1023 4195 quoquo
1052 4109 1150 4175 modo
1180 4114 1284 4176 tantae
1315 4111 1382 4176 dia·
1394 4075 1497 4169 imur

329 4213 473 4277 sensiam
510 4213 610 4279 finem
648 4215 774 4291 darent,
803 4234 846 4277 ne
876 4233 997 4277 messes
1034 4232 1109 4297 quae
1141 4211 1213 4298 jam
1243 4218 1383 4279 maturae

332 4321 427 4380 erant
448 4315 493 4381 ad
513 4317 738 4382 metendum
728 4340 766 4382 ιιι
794 4315 955 4382 nichilum
984 4315 1119 4403 penitus
1149 4314 1385 4403 redigerentur.

331 4414 416 4483 Pace
430 4417 534 4505 igitur
554 4419 643 4487 facta
657 4420 716 4486 sed
737 4419 885 4486 nondum
907 4419 1048 4497 firmata,
1063 4417 1164 4484 arinis
1178 4417 1385 4498 valedicitur,

368 4695 377 4728 ¹
385 4698 551 4766 peruenerit]
566 4698 675 4765 venerit,
685 4700 716 4754 C·
918 4697 1052 4766 Μαρια]
1067 4714 1117 4751 om.
1129 4698 1158 4752 0.

384 4775 572 4846 ιιιιιιιιιιιιιιιι]
586 4794 634 4830 ora
647 4780 678 4834 0.

419 4854 482 4901 ΑΜ.
1208 4876 1252 4926 11
