3666 5724
387 826 454 890 330
589 836 751 888 cruvasn
775 836 935 888 uousom
958 836 1232 889 cauruamsuars

231 1044 356 1091 annor.
386 1031 404 1059 “
425 1044 557 1110 cunque
578 1022 680 1089 fuerit
701 1022 755 1089 vel
778 1022 983 1108 preceperit,
997 1021 1109 1089 afferri
1130 1021 1238 1100 dehet
1252 1042 1356 1108 quare
1375 1041 1443 1088 non

216 1108 368 1211 &aba
386 1134 403 1162 r
425 1125 543 1192 merus
560 1126 604 1192 ra
621 1124 894 1192 carcasensem
910 1123 1121 1192 celeuma
1159 1124 1208 1190 A:
1224 1123 1296 1193 m:
1317 1132 1444 1212 “prop-

216 1209 373 1306 ἷῖξῗὲἑῖξιῗ
385 1236 404 1264 “
425 1234 477 1295 ter
503 1228 724 1314 calumpniam
755 1224 1018 1295 monachorum.'’
1064 1226 1259 1294 “Mirumne
1285 1227 1363 1306 est,'’
1392 1229 1444 1293 in·

386 1332 461 1418 quit
486 1330 758 1416 archiepiscopus,
784 1330 842 1395 “si
866 1328 1010 1397 ecclesiae
1032 1350 1101 1395 srrae
1128 1329 1207 1415 jura
1237 1334 1392 1415 quamn:
1405 1328 1444 1395 l''

386 1434 434 1499 At
456 1433 529 1499 illi:
552 1431 762 1519 “Nunquam
784 1432 911 1498 factum
933 1437 994 1512 est,
1017 1453 1079 1499 nec
1101 1452 1249 1518 unquam
1270 1430 1356 1499 fiet?
1399 1432 1445 1498 Et

385 1534 668 1623 archiepiscopus:
692 1543 710 1571 “
721 1534 805 1601 Ecce
827 1539 1007 1620 presentes
1028 1538 1109 1600 sunt
1123 1534 1182 1620 qui
1203 1533 1267 1601 hoc
1291 1555 1313 1600 a
1337 1534 1444 1601 multo

386 1646 404 1673 “
427 1643 574 1724 tempore
589 1636 662 1702 fieri
677 1635 861 1703 viderunt.”
897 1637 947 1701 At
964 1635 1036 1702 illi:
1057 1643 1074 1671 “
1089 1634 1263 1713 Juvenes,”
1278 1634 1445 1721 inquiunt,

388 1746 406 1774 “
428 1758 550 1816 sumus,
564 1759 627 1805 neo
642 1737 819 1823 quicquam
839 1736 962 1803 scimus
981 1736 1048 1803 nisi
1068 1736 1159 1823 quod
1176 1735 1349 1803 vidimus'’
1385 1736 1445 1803 Se-

387 1840 532 1929 gregatis
553 1840 658 1927 igitur
679 1839 755 1916 illis,
770 1838 860 1905 dixit
881 1837 1164 1924 archiepiscopus:
1188 1846 1204 1874 “
1217 1837 1329 1905 Solam
1350 1837 1448 1904 mali·
1567 1864 1572 1873 ¹

388 1953 405 1979 “
429 1945 511 2011 tiam
526 1942 664 2028 sapiunt
678 1940 781 2008 verba
800 1940 949 2006 istorum.
996 1939 1086 2006 Nam
1104 1941 1133 2005 si
1148 1940 1196 2007 eis
1213 1940 1448 2027 preciperetur

388 2056 405 2081 “
426 2066 471 2112 ne
486 2043 702 2110 cantuariam
724 2042 880 2108 baculum
902 2042 1070 2120 afferrent,
1092 2047 1132 2109 ut
1152 2047 1245 2130 puto,
1257 2042 1448 2109 niterentur

390 2157 407 2184 “
430 2148 467 2213 in
493 2147 702 2213 contrarium.
750 2145 821 2212 Nos
843 2166 930 2232 ergo,
953 2145 982 2210 si
1004 2144 1158 2223 laudatis,
1180 2145 1376 2231 recipiamus
1401 2145 1445 2211 ab

389 2258 406 2284 “
429 2250 476 2316 eis
510 2248 598 2334 quod
632 2247 697 2335 ipsi
725 2247 876 2335 fatentur
905 2268 982 2327 esse„
1000 2251 1159 2324 nostrum,
1183 2251 1219 2312 et
1252 2247 1293 2312 de
1323 2245 1448 2332 injuria

391 2359 407 2386 “
430 2349 525 2415 illato
546 2350 627 2415 dent
647 2347 834 2441 cautionem
856 2352 973 2432 nostro
992 2347 1105 2414 standi
1119 2346 1274 2434 judicio.''
1317 2347 1447 2415 Placuit

390 2449 543 2517 omnibus
569 2449 657 2535 quod
684 2448 811 2515 dictum
834 2454 949 2527 estet
974 2449 1022 2516 sic
1046 2449 1194 2516 revocati
1219 2454 1300 2516 sunt
1325 2450 1445 2518 Rofen-

222 2564 348 2669 mg
391 2574 460 2632 ses;
482 2550 602 2638 quibua
628 2550 717 2616 dixit
742 2550 1026 2638 archiepiscopus:
1054 2551 1150 2617 “Vos
1172 2551 1325 2618 fatemini
1359 2552 1447 2638 quod

222 2665 331 2713 cavera
391 2662 408 2689 “
430 2652 474 2719 ad
495 2656 617 2719 nutum
639 2657 790 2718 nostrum
812 2652 933 2718 debeat
953 2673 976 2718 a
997 2652 1092 2718 vobis
1115 2651 1251 2720 baculus
1273 2652 1448 2740 pastoralis

392 2763 409 2791 “
430 2754 549 2823 offeni.
595 2753 776 2840 Resignate
806 2775 883 2841 ergo
913 2753 1019 2830 illum,
1049 2758 1089 2818 ut
1118 2755 1208 2840 quod
1237 2776 1349 2820 meum
1378 2775 1448 2821 esse

392 2865 410 2893 “
431 2861 543 2923 ratum
566 2861 618 2921 est
644 2855 681 2920 in
711 2855 867 2942 praesenti
897 2854 1082 2942 recipiam.''
1126 2855 1216 2923 Dato
1246 2856 1361 2943 itaque
1390 2858 1448 2923 ba·

392 2960 466 3027 culo
486 2964 521 3025 et
542 2962 683 3044 accepto,
700 2956 788 3022 dixit
804 2955 1087 3043 archiepiscopus:
1111 2957 1226 3025 “Dato
1247 2959 1349 3026 etiam
1372 2980 1448 3027 eau-

393 3070 411 3097 “
432 3061 557 3127 tionem
574 3064 687 3126 nostro
709 3058 821 3125 standi
839 3058 969 3144 judicio
990 3064 1060 3125 tam
1081 3060 1122 3133 de
1141 3065 1215 3128 tota
1234 3082 1334 3129 causa
1347 3084 1447 3149 quam

394 3172 412 3200 “
434 3163 476 3230 de
493 3162 588 3228 illata
607 3160 757 3247 injuria.'’
796 3160 842 3226 Et
857 3160 1028 3239 dederunt,
1046 3161 1136 3248 prior
1153 3163 1278 3230 scilicet
1297 3164 1449 3231 Rofonsis

394 3262 568 3348 caeterique
601 3282 662 3348 pro
695 3281 730 3327 re
760 3282 884 3347 suoque
917 3268 1092 3329 conventu.
1138 3263 1213 3344 Quo
1243 3264 1338 3342 facto,
1360 3264 1450 3331 dixit

225 3385 357 3480 apporppu
393 3364 674 3451 archiepiscopus:
697 3372 714 3399 “
727 3361 869 3430 cratum
896 3369 982 3431 essct
1010 3363 1106 3431 nobis
1135 3365 1164 3430 si
1194 3371 1242 3446 tu,
1265 3366 1355 3453 prior
1384 3366 1450 3433 Rc

226 3450 382 3583 {porco-n·
395 3474 412 3502 “
435 3466 546 3544 feneis,
582 3464 737 3531 baculum
767 3464 870 3530 istum
902 3465 938 3530 in
967 3465 1067 3532 altari
1103 3465 1229 3533 christi
1261 3467 1450 3535 cmtuarise

253 3550 266 3581 ¹
324 3567 331 3580 ⁰
394 3578 412 3606 “
434 3590 538 3636 manu
559 3567 693 3654 propria
712 3566 814 3634 velles
836 3566 960 3634 offerre.
1006 3567 1074 3634 Sed
1096 3568 1175 3654 quia
1195 3568 1259 3635 tibi
1281 3570 1450 3657 ingratum

395 3683 411 3708 “
434 3677 493 3750 est,
516 3670 619 3756 priori
647 3668 882 3737 cantuariensi
905 3670 1004 3737 illum
1029 3670 1126 3736 trado
1152 3669 1368 3739 Cantuariam
1394 3673 1450 3739 dess

395 3780 413 3809 “
435 3771 634 3840 ferendum.''
679 3771 736 3836 Ad
761 3770 833 3838 hoec
858 3771 949 3858 prior
976 3770 1224 3838 cantuariensis
1249 3773 1357 3840 dixit:
1383 3774 1451 3841 “Si

396 3884 413 3911 “
436 3876 527 3962 prior
544 3874 696 3940 Rofensis
714 3874 804 3960 quod
830 3895 928 3940 suum
952 3895 1022 3940 ease
1046 3874 1229 3941 dinoscitur
1249 3875 1354 3943 facore
1375 3898 1451 3945 oon-

397 3987 415 4015 “
436 3978 589 4063 tempnit,
617 3977 707 4063 quod
731 3976 837 4043 nostri
862 3976 950 4063 juris
979 3981 1031 4043 est
1055 3997 1124 4043 non
1152 3977 1361 4046 refutamus''
1407 3979 1453 4046 Et

396 4085 531 4167 accepto
550 4079 592 4145 de
612 4098 714 4145 manu
728 4078 966 4165 archiepiscopi
986 4079 1110 4159 baculo,
1127 4077 1342 4148 Cantherium
1357 4082 1453 4148 venit

229 4224 320 4272 GM
397 4190 432 4250 et
458 4203 557 4270 super
579 4181 683 4249 altare
711 4179 838 4247 Christi
863 4180 1018 4248 bacarium
1044 4182 1164 4269 posuit
1209 4182 1366 4250 Bofenses
1392 4205 1451 4250 au-

228 4276 378 4371 ffiflfssffi
397 4290 465 4352 tem
492 4283 621 4351 confusi
647 4289 682 4350 et
706 4283 801 4368 quasi
830 4282 978 4370 elingues
1008 4283 1117 4351 effecti
1146 4289 1233 4350 sunt
1277 4284 1453 4354 Dominica

230 4376 386 4480 affin
397 4385 557 4472 sequenti,
581 4385 635 4451 dic
665 4384 791 4451 scilicet
821 4384 936 4452 Sancti
961 4385 1131 4453 Michaelis
1156 4386 1353 4476 archangeli,
1376 4410 1452 4456 con·

398 4487 541 4556 semovit
566 4486 829 4575 archiepiscopus
858 4487 1070 4554 Baldewinus
1096 4488 1301 4557 Gilobertum
1331 4491 1453 4558 Rofen-

399 4613 468 4669 sem
500 4589 642 4656 electum
673 4589 717 4655 ad
748 4588 852 4657 altare
884 4588 1019 4669 Christi,
1050 4595 1184 4677 accepta
1214 4593 1307 4679 prins
1338 4593 1382 4659 ab
1414 4615 1453 4660 eo

399 4691 561 4759 fidelitate
590 4691 627 4756 in
665 4691 810 4779 capitulo
845 4690 1076 4762 cantuariensi
1105 4716 1180 4763 curn
1215 4695 1327 4763 debito
1359 4695 1375 4784 j
1478 4712 1482 4719 ’
