3572 5744
407 862 450 926 30
607 876 768 925 onuvnsn
790 876 949 926 uousoiu
973 877 1247 932 caurusmnusrs

252 1067 381 1122 Argument
406 1067 424 1094 “

259 1121 368 1165 terarch-

274 1171 356 1232 biahop
407 1170 423 1196 “

257 1221 368 1282 ,Beldwm

269 1276 359 1323 mun
406 1274 423 1299 (C

245 1322 384 1367 themonks.
407 1377 422 1403 u

236 1448 354 1501 Theybcd

236 1501 327 1542 refused
337 1506 361 1543 to

235 1550 371 1600 accoptbim
406 1581 422 1607 κ

236 1602 334 1643 search·

236 1651 387 1752 recursu
405 1683 422 1710 ιι

203 1762 209 1771 “
235 1753 364 1844 pprsorrslly
404 1788 421 1812 u

235 1804 348 1897 celldssl‘

447 1060 532 1127 Cum
568 1062 655 1128 enim
698 1085 772 1127 eum
813 1069 968 1129 veterano
1006 1064 1222 1151 insequantur
1259 1066 1343 1144 odio,
1382 1072 1457 1153 post

446 1165 567 1230 multas
592 1166 622 1230 ei
649 1164 757 1237 illatas
781 1167 929 1253 injurias,
951 1168 1019 1231 suis
1045 1189 1112 1233 non
1135 1174 1305 1255 parcentes
1335 1169 1457 1235 debitis

446 1267 499 1331 vel
529 1268 690 1354 expensis,
716 1268 760 1333 ad
789 1269 899 1334 sedem
929 1269 1141 1356 apostolicam
1171 1292 1238 1336 non
1271 1273 1457 1338 timuerunt

444 1370 617 1455 appellare.
664 1369 785 1436 Odium
811 1372 946 1458 inquam
972 1378 1167 1439 veteranum
1195 1381 1253 1451 est,
1277 1375 1364 1460 quod
1389 1397 1457 1440 ma-

407 1479 422 1505 “
445 1471 573 1538 nifestis
606 1478 700 1559 patet
730 1472 868 1539 indiciis.
924 1473 1012 1539 Nam
1043 1475 1235 1541 electionem
1266 1477 1370 1563 ipsius
1399 1498 1457 1562 per

445 1575 610 1661 episcopos
635 1580 670 1640 et
693 1574 815 1640 clerum
840 1575 971 1662 Angliae
996 1599 1070 1643 cum
1097 1599 1231 1643 assensu
1257 1579 1345 1665 regis
1360 1600 1456 1645 cano·

445 1676 516 1741 nice
541 1678 661 1742 factam
689 1683 893 1764 respuerunt,
917 1700 978 1744 nec
1002 1700 1078 1745 eum
1105 1681 1141 1744 in
1165 1685 1294 1767 patrem
1318 1688 1353 1747 ot
1382 1704 1456 1769 pas-

444 1785 548 1845 torem
572 1780 781 1866 aliquatenus
808 1782 969 1869 suscipere
995 1783 1123 1869 dignati
1149 1790 1236 1861 sunt,
1256 1783 1359 1849 donec
1383 1785 1453 1871 ipse

404 1891 420 1915 “
443 1904 502 1946 rex
526 1883 562 1946 in
588 1884 720 1969 propria
743 1904 889 1969 persona,
921 1884 1039 1949 debilis
1066 1886 1167 1950 etiam
1194 1886 1285 1972 pede,
1311 1885 1455 1952 Cantus-

404 1985 525 2049 “riam
550 1985 693 2062 veniens,
718 1986 765 2050 eis
791 1986 993 2073 supplicaret
1017 1988 1052 2051 in
1079 1989 1263 2083 communi„
1299 1987 1366 2054 Sed
1396 2011 1456 2056 nec

402 2095 419 2121 “
441 2087 488 2152 sic
517 2108 585 2173 pne
615 2088 795 2173 ponderoso
826 2088 1068 2155 Pharisaeorum
1094 2090 1267 2176 supercilio
1297 2093 1455 2158 assentire

403 2198 420 2223 ‘¹
442 2189 626 2267 voluerimt,
642 2191 706 2254 nisi
731 2189 789 2255 illa
814 2197 882 2257 tam
905 2193 996 2277 juste
1021 2197 1056 2258 et
1081 2197 1150 2257 tam
1175 2193 1354 2258 solenniter
1368 2194 1456 2260 facta

402 2298 656 2357 “renovaretur
682 2291 806 2357 electio,
853 2293 883 2358 Ο
909 2295 1063 2380 superbia
1093 2300 1128 2359 et
1155 2294 1255 2360 elatio
1281 2296 1454 2361 monacho-

403 2402 515 2458 “rum
540 2394 805 2480 comprimendal
850 2395 1028 2483 Susceptus
1056 2396 1168 2482 itaque
1184 2417 1205 2461 a
1220 2397 1362 2462 dominis
1390 2398 1454 2463 illis

403 2495 645 2561 “humillimus
669 2495 939 2583 archiepiscopus,
963 2520 1037 2563 cum
1062 2519 1122 2561 sua
1145 2503 1310 2585 repeteret
1327 2504 1362 2564 et
1376 2499 1454 2564 alie·

233 2611 296 2704 Thep
304 2623 343 2661 cp·

284 2662 313 2705 ed
322 2668 347 2705 to

270 2724 306 2756 mc

231 2764 338 2862 ersa

232 2865 362 2908 renounced

230 2917 367 2967 theappeal.
401 2914 418 2940 “

402 2607 419 2633 “
442 2605 522 2663 nata
548 2605 724 2675 revocaret,
750 2600 943 2664 restiterunt
969 2600 999 2664 ei
1026 2600 1177 2664 monachi
1201 2601 1261 2678 sui,
1284 2607 1318 2666 et
1344 2601 1454 2668 sedem

403 2711 418 2735 “
442 2701 654 2788 apostolicam
679 2707 718 2766 ut
744 2701 894 2767 effrenati
919 2700 1135 2788 appellarunt.
1198 2701 1263 2767 Sed
1294 2703 1454 2770 instinctu

403 2813 418 2838 “
442 2804 601 2870 bonorum
624 2804 770 2869 virorum
798 2805 834 2868 in
849 2805 942 2870 brevi
968 2805 1143 2869 redeuntes
1169 2805 1212 2871 ad
1230 2827 1273 2883 se,
1290 2827 1364 2871 cum
1390 2806 1454 2871 sibi

442 2912 550 2971 essent
586 2906 671 2971 male
702 2907 830 2984 conscii,
860 2928 927 2971 non
957 2908 1084 2972 ratione
1114 2907 1171 2972 sed
1202 2908 1328 2994 impetu
1358 2909 1454 2975 factae

402 3018 417 3041 “
441 3009 715 3074 renuntiaverunt
740 3007 962 3095 appellationi,
978 3015 1013 3075 et
1035 3031 1104 3077 sese
1128 3031 1252 3096 suaque
1276 3012 1387 3075 omnia
1401 3013 1453 3077 sui

400 3120 417 3146 “
441 3112 590 3197 pastoris,
607 3117 646 3176 ut
661 3111 756 3176 decet
771 3117 805 3177 et
820 3111 938 3177 suadet
952 3113 1047 3189 ratio,
1074 3111 1293 3177 subdiderunt
1308 3114 1452 3180 arbitrio.

400 3222 415 3247 “
440 3213 522 3279 Haec
546 3219 597 3278 est
620 3213 744 3278 ordinis
775 3215 946 3280 monastici
973 3214 1152 3280 secundum
1183 3215 1317 3280 boatum
1348 3216 1453 3282 Bene-

396 3324 416 3350 (l

438 3315 563 3382 dictum
591 3315 766 3393 institutio,
797 3315 869 3381 haec
899 3316 1001 3403 ipsius
1034 3315 1280 3411 Oantuariensis
1311 3316 1453 3385 ecclesia

228 3426 279 3520 315
279 3428 376 3520 ,σχίζῃ
399 3426 415 3452 “
425 3419 480 3529 0rab
510 3419 655 3504 antiquis
688 3418 889 3504 temporibus
920 3440 1023 3505 usquc
1052 3419 1086 3483 in
1116 3437 1259 3504 praesens
1290 3419 1452 3486 deducta¹

228 3528 294 3579 bruy,
301 3529 338 3588 lor
346 3528 386 3571 the
400 3530 415 3555 ¹‘

399 3633 416 3657 α

438 3527 472 3585 et
499 3520 709 3608 privilegiata
734 3520 943 3598 consuetude,
967 3520 1091 3587 scilicet
1117 3526 1156 3586 ut
1180 3522 1290 3586 omnia
1312 3523 1403 3587 intus
1418 3529 1452 3588 et

438 3629 534 3688 extra
549 3624 584 3687 in
601 3621 831 3688 (lantuariensi
858 3623 1001 3701 ecclesia,
1017 3624 1068 3688 sui
1092 3623 1336 3710 archiepiscopi,
1351 3626 1452 3691 immo

399 3735 414 3760 “
438 3731 472 3791 et
501 3726 639 3802 abbatis,
662 3731 781 3791 nutum
812 3727 988 3792 attendant
1018 3722 1077 3791 et2
1107 3725 1353 3812 dispositionem
1384 3750 1451 3793 non

398 3836 415 3862 “
438 3829 615 3892 omittant:
640 3848 699 3893 nec
723 3828 829 3893 solum
855 3828 988 3894 adeum
1014 3827 1202 3892 omnimoda
1224 3829 1371 3914 pertinet
1385 3830 1451 3895 dis—

397 3940 413 3964 “
436 3930 565 4017 positio,
587 3930 645 3995 sed
672 3937 707 3995 et
733 3931 853 4017 positio
878 3936 912 3996 et
936 3930 1096 4015 depositio
1122 3930 1248 4016 prioris,
1263 3929 1450 4017 subprioris,

398 4039 416 4066 “
438 4038 693 4119 caeterarumque
709 4054 921 4119 personarum
946 4033 1097 4109 ecclesiae,
1113 4032 1170 4097 sed
1185 4037 1220 4097 et
1234 4034 1450 4099 servientium

398 4144 413 4170 “
437 4135 535 4201 curiae
560 4140 629 4199 tam
661 4135 750 4199 intus
781 4156 878 4221 quam
910 4140 1012 4200 extra.
1070 4134 1115 4198 Et
1145 4138 1184 4197 ut
1215 4134 1254 4199 de
1285 4134 1450 4220 aliquibus

228 4241 371 4295 Archbiabop
396 4246 414 4271 “

226 4400 273 4440 tivo
281 4397 362 4449 priore.

436 4259 603 4302 sumamus
642 4237 799 4324 exempla,
843 4235 1072 4302 Theodbaldus
1113 4236 1255 4322 priorem
1297 4237 1450 4324 deposuit

397 4349 414 4374 “
436 4339 623 4416 Jeremiam,
660 4347 695 4404 et
724 4345 837 4426 postea
867 4337 1071 4403 Walterium.
1134 4336 1170 4401 Si
1202 4359 1278 4424 ergo
1308 4339 1449 4424 priorem

397 4450 414 4476 “
436 4463 555 4529 ponere
580 4447 690 4528 potest
716 4448 751 4506 ct
773 4441 944 4527 deponere,
960 4437 1062 4526 quid³
1087 4439 1127 4503 de
1142 4440 1269 4505 caeteris
1284 4441 1449 4527 agendum

396 4553 413 4578 “
436 4548 509 4610 est?
555 4544 626 4609 Has
650 4544 909 4620 consuetudines,
936 4541 1021 4609 hanc
1045 4547 1249 4629 potestatem,
1265 4540 1351 4608 banc
1364 4565 1448 4630 prae-

396 4699 479 4704 -.-.-..-
505 4700 510 4703 .
562 4699 698 4707 ,νᾳ-,ψ-
745 4699 951 4707 -...,-.-.,..,,.Α
998 4698 1070 4703 —-·--
1099 4698 1105 4701 -

430 4771 438 4804 ¹
451 4770 570 4838 deducta]
585 4758 696 4831 diducta,
708 4773 743 4821 A.
757 4770 785 4821 B.
799 4771 828 4821 C.
978 4771 989 4804 ³
1001 4770 1075 4835 quid]
1087 4785 1157 4837 ergo,
1168 4770 1215 4820 ina.
1228 4770 1258 4822 C.

427 4849 488 4922 let]
503 4865 553 4900 om.
566 4851 615 4912 B.;
632 4849 678 4903 ius·
691 4851 722 4906 C.
