3628 5728
419 861 485 927 ssu
619 874 781 925 omvusu
804 874 965 928 nossem
988 872 1261 927 omrumlmesrs

264 1062 390 1165 bffl}
420 1071 437 1101 “
459 1063 564 1131 ardua
586 1068 621 1130 et
643 1061 786 1135 difficilis
807 1068 865 1131 est
914 1063 979 1131 Sed
997 1063 1069 1151 jam
1091 1083 1182 1131 nuno
1203 1064 1336 1131 domum
1358 1064 1473 1143 redite,

420 1174 437 1203 “
459 1172 495 1232 et
524 1189 567 1233 ex
592 1166 646 1232 his
676 1189 751 1254 quse
777 1168 919 1234 audistis
942 1166 1088 1235 conferte
1112 1166 1326 1235 adinvicem.¹’
1383 1167 1473 1233 Dum

252 1227 498 1373 {fflffiwergo
527 1270 675 1336 redirent
704 1269 866 1348 monachi,
888 1270 932 1343 ad
963 1270 1207 1357 suggestionem
1239 1268 1474 1356 archiepiscopi

251 1341 408 1477 mltos
420 1372 513 1437 misit
534 1393 594 1437 ron
616 1372 766 1440 clanculo
788 1373 916 1439 litteras
939 1393 1016 1440 suas
1038 1373 1081 1437 ad
1103 1377 1304 1439 conventum
1328 1371 1473 1439 Cantus·

420 1477 537 1542 riensis
567 1477 718 1554 eolesio,
752 1477 913 1544 mandans
945 1481 980 1543 ct
1016 1477 1182 1562 imperans
1214 1481 1255 1541 ut
1291 1476 1374 1543 elios
1407 1480 1474 1553 tres

421 1580 597 1647 monachos
620 1582 664 1647 ad
690 1602 766 1648 eum
788 1580 970 1657 mitterent,
993 1599 1076 1665 quos
1104 1600 1175 1645 csse
1204 1584 1345 1646 noverat
1374 1584 1474 1645 atate

421 1703 523 1760 senos,
545 1688 667 1749 natura
688 1682 860 1769 simplices,
876 1687 917 1749 ut
939 1703 982 1747 cx
1003 1702 1117 1748 eorum
1137 1682 1247 1755 verbis
1269 1680 1474 1768 simplicibus

421 1789 457 1850 et
478 1785 727 1872 inconsideratis
752 1785 902 1872 juniores
924 1784 1119 1862 involveret,
1141 1789 1176 1850 et
1207 1785 1301 1870 quasi
1333 1805 1376 1849 ex
1398 1804 1475 1849 auo·

421 1886 558 1955 toritate
572 1888 737 1955 seniorum
753 1887 896 1954 ecclosias
914 1888 1087 1954 materiam
1103 1892 1248 1953 sumeret
1262 1886 1473 1973 malignandi.

422 1988 598 2077 Suspeotos
629 1991 718 2056 enim
751 1990 896 2057 habebat
925 1989 1187 2077 archiepiscopus
1217 1989 1375 2075 juniores,
1398 1989 1476 2056 licet

255 2113 379 2159 rursm
422 2099 577 2172 maturos,
609 2115 691 2179 quos
721 2099 861 2160 neverat
890 2094 1149 2180 perspicaciores,
1172 2093 1262 2158 unde
1290 2097 1326 2159 et
1358 2113 1474 2158 senum

255 2164 384 2309 {3133}ss
422 2195 604 2283 insipidum
626 2197 761 2264 sitiebat
784 2196 959 2282 eloquium.
999 2195 1065 2262 Sed
1087 2201 1155 2263 tres
1177 2194 1237 2273 illi,
1260 2216 1401 2281 quornm
1423 2216 1474 2261 as

253 2278 397 2377 irriensis
422 2297 648 2386 chiepiscopus
679 2299 887 2366 desiderabat
912 2298 1103 2375 adveutum,
1125 2299 1266 2365 adversa
1287 2298 1475 2365 valitudine

255 2367 384 2422 αἴρως’
421 2403 585 2487 praeventi
607 2408 693 2469 sunt.
733 2402 822 2471 Nam
837 2423 925 2467 unus
946 2423 988 2467 cx
1005 2401 1072 2466 illis
1090 2406 1232 2487 ruptura
1252 2400 1375 2467 lassus¹
1390 2401 1476 2467 lecto

423 2504 588 2582 decubuit,
603 2504 687 2570 alter
702 2525 782 2570 vero
797 2503 1036 2573 emoroidarum
1052 2502 1147 2568 fluxu
1162 2509 1197 2569 et
1213 2503 1310 2571 iliaca
1324 2504 1474 2590 passione

423 2610 578 2677 detentus
609 2614 667 2687 cst,
692 2608 812 2673 tertius
847 2612 970 2684 autem,
995 2606 1116 2673 dextre
1137 2607 1190 2671 sui
1212 2607 1357 2693 corporis
1379 2613 1474 2693 parte

422 2718 631 2799 praemortua,
645 2712 714 2778 tere
727 2711 859 2778 inutilis
874 2710 1009 2778 effectus
1024 2715 1083 2776 cst.
1124 2709 1197 2791 Qui,
1209 2709 1289 2777 licet
1303 2710 1486 2796 grandaevi.

423 2822 532 2881 essent
554 2820 590 2881 et
611 2816 743 2883 diutina
765 2812 924 2901 religione
954 2811 1095 2898 probati,
1116 2812 1170 2876 his
1200 2817 1312 2881 tamen
1334 2832 1377 2876 ex
1399 2833 1476 2877 cau-

423 2916 492 2982 sis²
505 2917 708 2986 excusabiles
731 2915 838 2983 effecti
860 2921 949 2993 sunt,
971 2914 1119 2980 nc‘iorte
1141 2936 1184 2979 ex
1206 2914 1353 3000 ipsorum
1374 2914 1475 2980 verbo

255 3054 396 3102 emm
423 3020 564 3107 simplici
605 3020 740 3107 justitia
775 3017 1018 3105 periclitaretur
1054 3017 1205 3084 emlcslae.
1266 3017 1359 3083 Missi
1396 3023 1475 3084 sunt

253 3110 361 3154 ''⁰⁰⁰³“
423 3128 536 3189 tamen
568 3123 610 3188 ad
644 3143 753 3209 regem
784 3120 937 3187 monachi
969 3119 1036 3185 duo
1069 3119 1135 3185 viri
1167 3119 1319 3207 religiosi,
1346 3120 1404 3206 qui
1434 3142 1476 3185 nc

422 3224 522 3289 nimis
559 3229 749 3290 moveretur
784 3222 871 3311 regis
909 3226 1067 3309 pacarent
1102 3222 1261 3300 animum,
1299 3242 1475 3307 eorumque

423 3347 505 3412 quos
542 3331 718 3393 voraverat
748 3325 933 3392 absentiam
970 3329 1172 3390 excusarent.
1234 3324 1307 3405 Qui,
1343 3347 1364 3391 a
1400 3348 1476 3413 rege

423 3430 522 3496 simul
553 3435 588 3496 et
617 3430 660 3496 ab
689 3429 805 3496 aulicis
827 3428 908 3494 satis
931 3426 1077 3493 modeste
1100 3428 1253 3514 suscepti,
1275 3434 1477 3515 rogaverunt

424 3537 464 3598 ut
489 3555 558 3599 suso
581 3531 813 3598 Cantuaricnsi
843 3530 1052 3594 misereretur
1082 3528 1292 3606 amississet
1325 3550 1394 3616 prae
1425 3531 1476 3596 in-

259 3633 375 3687 ih⁰¹¹¹⁰⁸
425 3637 501 3725 opia
523 3635 689 3702 deficienti
720 3637 922 3721 succurreret
953 3631 1140 3698 conventui.
1187 3633 1236 3697 At
1266 3631 1330 3710 ille,
1354 3632 1478 3711 “Vos‘'

258 3684 327 3730 mods
335 3684 400 3735 them

256 3735 395 3840 fflffl,
425 3738 545 3824 inquit,
569 3747 586 3774 “
596 3737 796 3803 miseremini
811 3733 983 3802 ecclcsiae.'’
1020 3733 1065 3800 Et
1087 3733 1229 3820 adjecit:
1252 3733 1385 3801 “Doleo
1404 3735 1478 3823 qui·

258 3851 367 3893 mmo.
426 3848 443 3877 “
467 3841 542 3907 dem
560 3841 665 3937 *quod
698 3844 810 3905 nostro
840 3859 907 3904 non
937 3836 1042 3901 vultis
1068 3836 1199 3903 credere
1221 3836 1363 3903 consilio.
1412 3834 1478 3902 Sed

427 3952 443 3979 ‘⁴
461 3943 533 4030 jam
555 3964 644 4008 nunc
667 3940 881 4008 Oantuariam
903 3940 1016 4015 redite,
1039 3939 1118 4024 quia
1139 3960 1214 4005 cum
1237 3938 1478 4027 archiepiscopo

428 4054 444 4083 ‘⁴
467 4068 565 4135 quem
588 4043 745 4111 mandavi
768 4043 809 4108 de
831 4047 941 4107 vestro
964 4040 1080 4126 loquar
1101 4041 1241 4127 negotio,
1264 4045 1300 4106 et
1321 4040 1357 4105 in
1380 4062 1478 4127 prox-

428 4157 444 4187 “
467 4149 535 4214 imo
557 4148 652 4213 vobis
674 4167 780 4212 meam
803 4144 967 4210 mandabo
990 4143 1224 4210 voluntatem.'’
1271 4142 1334 4209 Oui
1364 4165 1477 4213 monc-

426 4251 498 4318 chi:
526 4251 755 4316 “Mementote
778 4248 867 4334 quod
895 4247 966 4333 jam
1002 4268 1061 4333 per
1092 4245 1291 4333 septimanas
1325 4247 1477 4314 undecim

428 4362 445 4389 “
467 4353 652 4420 elemosinis
675 4373 858 4441 pauperum
881 4349 1026 4414 vivimus
1049 4354 1084 4415 et
1106 4348 1358 4414 sustentamur.”
1397 4349 1476 4430 Qui-

429 4458 491 4522 bus
516 4478 583 4534 rex,
607 4454 715 4533 “Ite’'
748 4454 867 4540 inquit,
901 4460 916 4487 ‘⁴
929 4453 983 4528 ite,
1015 4451 1087 4517 Dec
1121 4458 1289 4518 annuente
1318 4473 1378 4518 vos
1409 4474 1477 4518 om·
1547 4442 1550 4447 ’

430 4569 446 4596 “
469 4578 546 4624 nem
579 4556 745 4623 habebitis
777 4553 1033 4622 sufficientiam.'¹
1078 4553 1168 4619 Dum
1198 4552 1303 4641 igitur
1347 4554 1478 4641 praefati

462 4829 469 4860 ¹
482 4835 589 4893 rapturo
600 4825 686 4894 lorus]
701 4833 783 4891 rupto,
796 4826 826 4879 O.
950 4825 955 4892 Ι
1001 4824 1054 4876 ’ea
1065 4825 1160 4892 causis]
1175 4822 1380 4887 adversitatibus,
1391 4823 1421 4877 Ο.
