3628 5728
398 866 463 938 448
608 879 771 930 snsvssn
794 878 955 930 mousom
978 877 1252 930 osuwssmrsrs

245 1091 302 1137 sn
311 1094 372 1137 use
399 1072 474 1132 “et
496 1067 738 1153 quodammodo
758 1066 984 1142 incarceratos,
1004 1064 1135 1131 nullum
1161 1065 1330 1152 hucusque
1357 1065 1453 1131 nobis

227 1143 406 1255 offlffi‘
408 1167 658 1236 ‘restitutionis
697 1169 752 1235 vel
795 1167 1028 1236 consolationis
1069 1167 1229 1255 praestitit
1269 1167 1452 1235 solatium”

227 1262 288 1355 312¹
286 1262 343 1356 ll„
398 1272 585 1340 Rendulius
617 1273 661 1338 ad
703 1270 799 1339 haec
831 1256 900 1337 “Si
931 1269 1059 1357 regem,’
1061 1269 1268 1356 ’inquit,“
1282 1271 1451 1348 veremini,

227 1361 405 1464 „3312ssssst
408 1381 518 1441 ‘sunt
548 1376 691 1462 episcopi
722 1381 757 1441 et
787 1374 924 1441 abbates
954 1373 1079 1439 ordinis
1109 1373 1222 1449 vestri,
1246 1378 1327 1438 sunt
1349 1375 1451 1439 etiam

398 1487 414 1515 “
438 1479 576 1545 barones
606 1483 641 1543 et
670 1476 779 1544 clerici
810 1476 868 1562 qui
898 1476 935 1540 in
964 1496 1064 1542 causa
1093 1474 1157 1540 sibi
1187 1475 1315 1542 credita
1344 1475 1451 1541 nulls·

397 1589 414 1617 “
436 1586 535 1647 tenus
573 1602 594 1646 a
631 1599 710 1646 vero
748 1576 958 1645 deviabunt”
1019 1577 1065 1642 Et
1097 1578 1274 1663 supprior:
1305 1585 1323 1613 “
1338 1577 1451 1655 Boni,”

396 1684 515 1768 inquit,
541 1687 601 1747 “et
627 1682 807 1768 prudentes
832 1680 897 1745 viri
921 1683 1009 1757 sunt,
1035 1678 1093 1745 sed
1118 1679 1214 1745 nobis
1238 1680 1391 1766 suspecti,
1412 1701 1451 1746 eo

396 1795 413 1821 “
437 1785 525 1871 quod
555 1806 683 1871 semper
712 1783 848 1849 foveant
884 1787 1012 1869 partem
1043 1782 1287 1873 archiepiscopi,
1317 1804 1379 1850 neo
1414 1784 1451 1849 in

396 1888 549 1974 “aliquo
581 1888 650 1975 regi
674 1885 783 1953 velint
813 1885 1044 1962 contradicere,
1066 1905 1128 1952 nec
1154 1885 1298 1972 justitiis
1328 1892 1450 1953 nostrae

396 1999 413 2025 “
436 1991 490 2056 vel
513 1992 740 2077 specietenus
771 1989 807 2053 in
829 1987 941 2074 aliquo
962 1987 1098 2069 favere3
1127 1993 1287 2074 praeterea
1317 1988 1451 2054 domino

396 2102 413 2130 “
436 2110 531 2180 papea
570 2093 650 2159 dure
692 2092 895 2178 scripserunt
933 2095 1049 2157 eontra
1078 2112 1148 2169 nos,
1182 2089 1345 2178 ideoque¹
1382 2113 1451 2157 non

397 2195 629 2261 “audemus
619 2217 656 2259 ιιι
679 2215 778 2261 cause
800 2198 914 2259 nostra
936 2192 1068 2259 illorum
1091 2193 1230 2259 arbitrio
1252 2193 1449 2280 subjacere?

225 2306 362 2402 ξιιῶιιιιι
350 2298 460 2363 rHis
483 2297 588 2374 dictis,
612 2296 799 2363 Randulfirs
821 2296 999 2387 indignans
1022 2296 1107 2361 abiit
1129 2302 1164 2361 et
1186 2296 1315 2374 dixit,‘
1317 2295 1449 2364 ‘Solam

298 2370 330 2412 ¹²⁸
396 2400 577 2466 “Romam
600 2400 759 2486 quaeritis,
781 2398 851 2464 sola
872 2399 980 2465 Roma
1002 2398 1151 2465 destruet
1173 2399 1259 2465 vosl’

439 2503 596 2569 Festinus
618 2503 722 2591 igitur
745 2501 887 2569 abcessit
910 2507 944 2567 et
966 2502 1172 2569 londoniam
1195 2504 1387 2589 properavit
1410 2508 1450 2568 ut

394 2605 516 2671 milites
539 2604 671 2692 Angliae
701 2609 922 2692 congregaret,
945 2604 981 2668 in
1005 2603 1246 2671 Normanniam
1273 2605 1317 2671 ad
1339 2627 1449 2691 regem

394 2709 676 2775 transmittendos.
732 2706 936 2795 Affligebant
969 2707 1058 2772 enim
1093 2729 1169 2772 eum
1207 2728 1267 2773 rex
1299 2707 1449 2775 Franciae

250 2836 366 2920 ‘mlum
394 2811 568 2931 Philippus
583 2817 618 2879 et
632 2832 739 2879 comes
754 2810 916 2877 Ricardus
930 2810 1050 2876 acriter
1070 2810 1268 2887 insistentes,
1284 2831 1345 2876 neo
1360 2810 1449 2877 vale·

223 2890 284 2919 ⁸
249 2888 382 3046 ‚girmrssbd
394 2915 503 2980 bat
475 2937 522 2980 ers
544 2915 704 2993 resistere,
720 2914 778 2980 sed
801 2914 842 2979 de
865 2912 1030 2979 castello
1021 2935 1058 2978 ιιι
1080 2913 1252 2980 castellum
1275 2914 1447 3000 praevium,

262 3027 322 3120 ιε’·
393 3039 435 3083 ne
458 3018 565 3084 dicam
588 3017 778 3104 fugitivum,
802 3015 1032 3100 sequebantur.
1078 3015 1177 3081 Unde
1200 3015 1325 3081 facturn
1341 3021 1391 3084 est
1409 3022 1449 3084 ut

296 3108 302 3119 ’
394 3118 478 3184 circa
509 3118 631 3185 festum
665 3117 888 3205 apostolorum
919 3117 1009 3183 Petri
1032 3123 1067 3184 et
1088 3117 1184 3185 Pauli
1207 3118 1354 3206 undique
1376 3140 1448 3205 pre·

393 3226 538 3286 meretur
559 3221 696 3297 invitus,
711 3220 794 3285 adeo
816 3225 857 3285 ut
878 3242 949 3307 regr
938 3220 1113 3288 Francius
1135 3241 1256 3286 novam
1278 3227 1449 3309 cogeretur

392 3327 548 3409 praestare
572 3322 775 3399 fidelitatem,
799 3327 833 3389 et
855 3343 934 3387 xxx.
951 3322 1081 3389 milium
1103 3323 1262 3389 librarum
1285 3345 1448 3391 summam

392 3422 547 3513 polliceri,
570 3425 703 3514 utrique
726 3446 815 3503 vero,
846 3430 916 3491 tam
938 3426 1008 3513 regi
1042 3425 1169 3493 scilicet
1191 3447 1294 3512 quam
1324 3427 1446 3507 comiti,

392 3549 505 3593 omnes
538 3533 616 3594 ante
650 3531 787 3614 negatas
820 3548 966 3593 annuere
996 3527 1181 3614 petitiones,
1205 3533 1239 3593 et
1269 3528 1448 3595 baronibus

392 3628 540 3695 Franciae
578 3651 633 3694 xrs
673 3628 803 3694 milium
841 3627 1001 3694 librarum
1038 3626 1146 3695 facere
1190 3629 1446 3716 promissionem.

394 3731 478 3798 (lum
509 3733 613 3818 igitur
642 3730 705 3796 hoc
736 3730 834 3799 modo
856 3731 1020 3818 pacificati
1042 3752 1063 3796 a
1085 3731 1247 3820 colloquio
1269 3734 1360 3820 apud
1390 3734 1448 3800 Gi-

393 3835 532 3899 sortium
555 3833 671 3899 habito
694 3833 880 3900 abinvicem
904 3833 1117 3912 discederent,
1141 3840 1175 3899 et
1204 3856 1264 3900 rex
1294 3834 1448 3923 Anglis²

222 3959 302 4005 mem
303 3957 361 4003 ones
394 3936 434 4001 de
457 3935 615 4002 solvenda
636 3940 734 4022 pacta
756 3935 896 4022 pecunia
917 3935 992 4022 plus
1015 3936 1112 4003 solito
1135 3936 1246 4003 dolore
1268 3937 1406 4004 cordis
1397 3959 1447 4003 m·

221 4021 302 4115 iia}
295 4010 380 4105 ‘iiia
392 4039 553 4105 trinsecus
586 4043 787 4125 tangeretur,
822 4059 866 4103 ex
900 4038 1036 4104 consilio
1069 4038 1172 4127 legati
1204 4045 1368 4106 venenmt
1404 4042 1447 4107 ad

392 4163 467 4207 eum
499 4142 589 4228 apud
622 4140 705 4206 Arai
739 4140 874 4227 quidam
910 4141 1062 4209 monachi
1096 4140 1351 4209 Oantuarienses
1388 4165 1448 4230 pro

391 4244 526 4312 ecclesia
564 4243 797 4311 Cantueriensi
834 4243 1067 4330 supplicantes,
1105 4250 1140 4310 et
1176 4250 1377 4332 temptantes
1419 4247 1447 4311 si

391 4346 476 4411 forte
498 4345 626 4410 insuia
656 4345 796 4411 sentiret
825 4346 988 4433 angustiis
1019 4351 1053 4412 et
1082 4347 1294 4433 resipisceret,
1322 4353 1447 4433 quanta

391 4449 511 4515 misera
526 4445 775 4514 centuariensis
798 4447 933 4515 ecclesia
947 4448 990 4513 ab
1011 4469 1050 4514 eo
1077 4448 1130 4514 vel
1155 4471 1213 4536 per
1236 4470 1310 4516 eum
1335 4471 1446 4536 pressa

425 4805 434 4839 ¹
448 4805 561 4874 ideoque]
575 4805 641 4870 idco,
653 4809 683 4860 B.
917 4806 923 4877 Ι
969 4808 1036 4858 'rer
1047 4808 1165 4877 Aeolica]
1179 4826 1230 4862 om.
1242 4810 1271 4864 C.
