3646 5720
397 900 404 913 ·
460 876 526 943 308
653 893 830 966 ,οειιηειι
853 893 1013 944 mousom
1035 894 1310 946 omnnemuusrs

292 1067 430 1173 „fflssh
457 1072 532 1138 idus
562 1072 724 1154 lanuarii,
753 1080 789 1141 et
817 1078 906 1163 apud
937 1076 1104 1143 Coventue
1132 1078 1281 1164 sepultus
1311 1075 1381 1143 est.¹
1430 1076 1512 1142 Erat

292 1179 442 1280 ΜΝ
457 1180 569 1240 autem
591 1197 704 1242 rumor
725 1178 761 1243 in
784 1178 906 1265 populo
928 1200 1003 1244 eum
1027 1178 1190 1245 interiisse
1213 1199 1350 1256 veneno,
1365 1178 1455 1265 quod
1475 1184 1511 1244 et

291 1283 390 1329 ¹t1¹⁸t
457 1276 642 1343 manifestis
663 1280 844 1346 secundum
866 1280 1020 1366 physicos
1043 1279 1164 1347 claruit
1190 1280 1329 1346 indiciis

786 1577 1185 1653 Mcexxxlllu-vll.

309 1723 431 1833 Ἐξ*
502 1727 593 1792 Dum
622 1726 784 1793 Ricardue
819 1727 1083 1815 archiepiscopus
1114 1727 1366 1794 Cuntuariensis
1397 1747 1508 1792 mense

290 1849 445 1946 wll.
458 1828 646 1906 Februario,
661 1829 736 1894 idue
763 1828 920 1915 ejusdem,
940 1830 979 1894 in
1001 1829 1083 1895 villa
1097 1851 1172 1914 quae
1198 1826 1409 1895 Wroteham²
1422 1849 1508 1892 nun-

289 1962 321 1994 aa
333 1952 447 2005 emmens
458 1935 607 2014 cupatur,
630 1936 727 1995 nocte
761 1930 890 1996 sobrius
919 1932 956 1995 in
986 1936 1094 1998 stratu
1126 1952 1186 1996 suo
1219 1930 1367 1995 membra
1400 1929 1508 2015 sopori

290 2000 377 2045 sm.
458 2028 609 2108 dedisset,
625 2030 661 2095 in
676 2030 752 2096 visu
774 2032 881 2098 noctis
902 2032 1059 2118 apparuit
1081 2031 1112 2096 ei
1134 2053 1274 2118 persona
1295 2030 1452 2096 terribilis
1474 2035 1509 2095 et

457 2131 676 2216 majestativa,
699 2133 799 2198 semel
820 2139 855 2198 et
868 2134 1013 2200 seeundo
1035 2134 1147 2200 dicens
1169 2133 1209 2211 ei,
1226 2133 1303 2197 “Tu
1326 2134 1401 2218 quis
1423 2131 1508 2197 esl”

458 2231 522 2299 Oui
544 2254 619 2299 cum
641 2233 905 2321 archiepiscopus
920 2235 1059 2300 verbum
1074 2256 1141 2299 non
1163 2233 1376 2320 responderet
1390 2233 1508 2298 timore

456 2354 668 2421 compressus,
703 2356 843 2421 persona
870 2336 928 2402 illa
953 2337 1131 2422 subjunxit
1154 2342 1188 2402 et
1210 2336 1268 2414 ait,
1292 2335 1369 2401 “Tu
1392 2335 1507 2420 ecqui

456 2447 473 2472 ‘⁴
496 2436 664 2524 dissipasti
681 2437 768 2504 bona
778 2438 922 2505 ecclesiae
937 2438 1000 2503 tibi
1015 2439 1206 2516 commissae,
1218 2445 1254 2503 et
1268 2460 1329 2525 ego
1340 2438 1507 2524 dissipabo

456 2547 473 2573 “
497 2544 530 2604 te
554 2539 595 2603 de
617 2539 732 2604 terra”
779 2539 852 2620 Quo
875 2539 972 2618 dicto,
988 2561 1127 2625 persone
1149 2539 1322 2625 disparuit,
1344 2544 1379 2604 et
1401 2538 1507 2605 erchi-

455 2640 635 2727 episcopus,
650 2662 712 2707 nec
733 2641 864 2717 mirum,
886 2662 1016 2706 rursum
1031 2662 1098 2706 non
1114 2640 1324 2706 obdormivit.
1370 2638 1507 2705 Summo

454 2746 567 2806 autem
590 2740 735 2806 diluculo
757 2741 910 2818 surrexit,
934 2746 1065 2806 etcum
1088 2740 1208 2806 Rosam
1231 2740 1370 2805 tendens
1393 2754 1507 2805 curmae

287 2849 430 2945 ffiffiff
453 2846 658 2907 tractaturus
680 2841 745 2906 iter
758 2846 898 2927 caperet,
914 2840 1113 2926 quibusdam
1135 2840 1355 2906 familiaribus
1377 2840 1446 2905 suia
1468 2861 1508 2906 ea

284 2949 442 3045 Ἠῶ
454 2963 529 3028 quae
543 2942 676 3007 viderat
698 2941 854 3029 stupidus
877 2942 1064 3022 enarravit,
1086 2943 1144 3008 sed
1158 2943 1220 3007 vix
1234 2942 1353 3007 ultimo
1369 2942 1507 3007 visionis

452 3044 554 3110 verbo
586 3066 629 3109 ex
660 3065 716 3109 ore
750 3044 822 3130 ejus
855 3043 974 3130 elapso,
1005 3045 1117 3111 subito
1152 3042 1409 3111 circumcinxit³
1430 3066 1506 3109 eum

452 3145 567 3231 frigus,
589 3144 705 3210 horror
735 3150 770 3210 et
799 3146 972 3231 aegritudo,
996 3151 1036 3210 ut
1058 3146 1118 3210 vix
1149 3146 1192 3211 ad
1214 3145 1330 3212 villam
1354 3145 1507 3211 Rofansis

453 3246 597 3313 ecclesiae
619 3245 793 3333 Hallinges
815 3247 948 3312 nomine
966 3247 1173 3334 perveniret:
1196 3247 1253 3311 uhi
1275 3246 1360 3313 lecto
1375 3254 1505 3313 utcum-

453 3370 517 3435 que
540 3347 757 3425 discumbens,
780 3348 883 3415 colica
911 3349 1062 3436 passione
1085 3348 1225 3434 aliisque
1255 3346 1506 3415 incommodita-

453 3451 544 3516 tibus
566 3451 649 3516 adeo
671 3456 813 3516 vexatus
839 3456 897 3529 est,
921 3451 1021 3515 utin
1043 3451 1196 3537 proximo
1218 3450 1323 3516 xiiiito
1345 3450 1506 3516 kalendas

292 3620 294 3624 ,
454 3554 577 3632 Martii,
600 3552 683 3617 feria
704 3557 810 3628 sexta,
831 3558 934 3618 noctu
964 3552 1120 3639 spiritum
1149 3551 1322 3618 exhalaret
1342 3574 1430 3619 enno
1452 3553 1505 3617 xi⁰

284 3672 366 3767 1¹2⁸&
358 3670 440 3766 apter
452 3655 495 3721 ab
510 3655 669 3720 electione
684 3674 751 3718 sua
801 3652 904 3739 cnjus
919 3674 1045 3739 corpus,
1062 3653 1277 3718 Oantuariam
1293 3652 1449 3730 delatum,
1458 3673 1505 3741 pn

283 3734 415 3867 ppmrsl.
452 3756 587 3823 eeclesia
610 3754 736 3820 Christi
758 3756 796 3819 in
817 3755 960 3821 oratorio
976 3753 1109 3821 Sanctae
1131 3754 1247 3821 Mariae
1262 3754 1328 3819 xii⁰
1343 3753 1505 3820 kalendas

401 3906 408 3913 .
452 3856 566 3923 Martii
582 3856 635 3921 die
651 3855 782 3921 sabbati
804 3855 982 3922 honorifice
997 3855 1167 3940 sepultum
1189 3861 1247 3921 est.
1295 3855 1402 3936 Quam
1427 3875 1504 3920 vero

451 3979 596 4047 praeceps
618 3963 654 4022 et
676 3978 777 4042 quam
799 3957 936 4042 praecisa
965 3956 1068 4021 fuerit
1089 3956 1126 4022 in
1148 3956 1211 4023 hoc
1233 3956 1366 4022 homine
1388 3956 1505 4021 divina

450 4059 624 4136 sententia,
647 4057 750 4124 lector
771 4062 860 4135 nota,
876 4059 934 4143 qui
948 4058 1076 4123 visione
1091 4058 1252 4144 praedicta
1266 4079 1366 4143 quam
1389 4058 1503 4123 eadem

450 4166 547 4226 nocte
569 4159 701 4225 viderat
723 4157 849 4225 clericis
871 4159 940 4224 suis
962 4158 1107 4226 crastino
1129 4159 1190 4222 vix
1219 4158 1367 4235 recitata,
1390 4158 1503 4223 incon-

450 4261 573 4327 tinenti
604 4259 648 4325 ab
669 4258 760 4325 omni
793 4264 958 4344 potestate
992 4259 1150 4344 pastorali
1184 4259 1340 4344 praecisus
1373 4264 1432 4335 est,
1464 4263 1505 4323 nt

451 4361 579 4427 nullam
599 4359 841 4445 possessionum
872 4379 1007 4425 suarum
1037 4364 1153 4445 postea
1174 4359 1312 4437 videret,
1335 4358 1439 4425 nichil
1462 4359 1503 4425 de

451 4461 574 4527 eisdem
597 4461 794 4546 disponeret,
817 4459 875 4525 sed
897 4481 958 4526 nec
979 4459 1243 4526 benedictionem
1266 4460 1345 4525 dare
1367 4459 1502 4526 valeret

486 4702 529 4754 ιιι
548 4702 619 4768 apud
630 4703 753 4754 Caveatra
771 4701 883 4768 sepulta
899 4703 949 4770 eat]
1036 4702 1047 4736 ²
1063 4702 1215 4771 Wroutaa]
1229 4703 1406 4768 Wruthaham,
1414 4704 1447 4755 B.

452 4783 606 4843 omma
624 4780 716 4833 inec.
1036 4780 1240 4848 Momm]
1254 4781 1503 4847 cimnmdmeriffi
