3646 5720
728 921 842 972 ornas
863 906 1070 975 msroarcs‘
1352 907 1419 972 253

370 1110 391 1136 “
410 1107 493 1179 Quod
511 1110 537 1166 si
561 1109 626 1182 quis
643 1108 702 1165 tale
719 1108 830 1177 lecerit,
849 1109 978 1169 concessi
1002 1109 1112 1167 ordinis
1129 1109 1262 1182 privetur
1279 1110 1372 1167 officio
1389 1114 1420 1167 et
1450 1117 1566 1162 sotira.

372 1193 390 1218 ‘⁴
409 1195 482 1248 loco.
518 1193 687 1249 Inhibemus
713 1193 802 1249 etiam
828 1193 883 1249 sub
907 1193 1144 1265 interminatione
1169 1194 1363 1250 anathematis
1381 1211 1420 1248 ne
1459 1168 1555 1220 mm·

372 1277 476 1347 “quis
505 1276 640 1332 sacerdon
663 1276 770 1332 habeat
795 1276 1002 1333 vicecomitum
1027 1281 1079 1333 aut
1103 1278 1254 1349 praepositi
1283 1276 1421 1334 secularis

371 1361 388 1388 ‘⁶
408 1359 543 1416 officium.

408 1446 427 1470 “
446 1443 501 1500 IV.
519 1442 626 1500 Clerici
653 1442 704 1516 qui
729 1461 842 1500 comam
872 1443 1009 1499 nutriunt
1037 1445 1075 1500 ab
1104 1443 1307 1501 archidiacono
1332 1445 1589 1505 scammoneae

373 1527 392 1553 “
410 1526 498 1583 inviti
524 1527 709 1583 tondeantur.
744 1526 936 1583 vestimentis
960 1527 1049 1583 etiam
1073 1529 1121 1584 vel
1139 1528 1345 1594 calciamentis,
1362 1503 1558 1596 nisifflffi

371 1610 392 1636 “
411 1610 461 1681 qui
484 1609 667 1666 honestatem
694 1613 724 1665 et
753 1609 925 1681 religionem
950 1609 1082 1677 deceant,
1108 1611 1154 1666 uti
1179 1610 1221 1665 eis
1247 1628 1306 1666 non
1323 1611 1420 1667 liceat.
1433 1601 1533 1648 m

373 1693 391 1719 “
411 1693 527 1764 Siquis
545 1699 645 1749 autem
662 1698 764 1749 contra
780 1692 836 1748 hoo
852 1693 948 1748 facere
967 1694 1194 1766 presumpserit,
1213 1698 1245 1749 et
1262 1694 1421 1750 commoni·

371 1776 391 1802 ‘¹
409 1780 458 1831 tus
475 1776 628 1832 emendare
645 1775 782 1842 noluerit,
802 1775 1094 1832 excommunicationi
1111 1775 1268 1847 subjaceat.

406 1860 426 1886 “
444 1858 483 1915 V.
502 1859 577 1928 Quia
594 1859 712 1931 quidam
729 1858 829 1914 clerici
847 1858 1034 1932 desperantes
1052 1859 1088 1915 ab
1105 1860 1248 1933 episcopis
1265 1860 1325 1916 suis
1343 1859 1419 1916 ordi·
1432 1872 1552 1935 muctar

371 1943 390 1970 ⁴⁴
407 1942 483 2008 aas,
503 1942 551 1998 vo
576 1949 695 2014 proper
720 1941 1070 2014 imperitiam,ve1vitoe
1095 1942 1346 2010 cananaeam,
1371 1923 1575 2027 vegim-³

371 2025 572 2082 “nativitatis
610 2025 816 2091 conditionem,
844 2030 895 2081 aut
924 2026 1006 2082 tituli
1035 2025 1192 2092 defectum,
1222 2032 1274 2083 aut
1303 2032 1420 2084 atatem
1432 1985 1534 2119 ffifflt

371 2111 390 2138 ‘⁸
409 2110 562 2176 minorem,
581 2117 663 2166 extra
687 2109 869 2182 provinciam
896 2127 978 2165 suam
1004 2109 1152 2165 interdum
1177 2110 1268 2166 etiam
1292 2117 1420 2168 atrans·
1521 2106 1527 2118 '

371 2194 390 2220 ‘⁸
409 2193 532 2249 marinis
558 2193 702 2265 episcopis
727 2192 908 2256 ordinantur,
927 2193 974 2249 vel
994 2192 1142 2249 ordinatos
1168 2210 1199 2248 se
1224 2194 1418 2262 mentiuntur,

372 2277 391 2303 “
409 2276 512 2347 ignota
528 2275 627 2347 sigilla
646 2276 788 2347 episcopis
817 2274 877 2330 suis
913 2275 1090 2342 deferentes;
1123 2275 1280 2332 statuimus
1308 2278 1415 2333 talium

371 2358 622 2415 “ordinationem
651 2358 766 2413 irritam
790 2374 855 2413 esse
881 2357 1062 2423 habendam
1098 2358 1153 2414 sub
1180 2358 1419 2416 interminatione

370 2441 605 2497 “anathematis
629 2441 793 2497 inhibentes
816 2458 855 2496 ne
880 2459 899 2497 a
925 2457 1070 2512 quoquam
1094 2439 1133 2495 sd
1150 2439 1238 2496 officii
1255 2440 1301 2496 sni
1319 2459 1420 2498 exsec·

371 2527 390 2552 ‘⁴
409 2526 518 2581 tionem
532 2523 733 2597 suscipiantur.
764 2520 940 2595 Episcopum
953 2540 1067 2595 quoque
1078 2528 1186 2579 nostras
1194 2523 1419 2594 jurisdictionis,

371 2610 461 2681 “qni
485 2609 576 2665 talem
601 2609 696 2665 sciens
723 2614 754 2664 et
777 2608 905 2681 prodam
930 2607 1111 2664 ordinaverit
1127 2607 1175 2664 vel
1194 2607 1362 2679 susceperit,
1382 2608 1418 2663 ab

371 2693 389 2720 ‘⁴
409 2692 490 2749 illius
507 2692 618 2748 ordinis
635 2692 789 2748 collatione
807 2691 845 2747 ad
862 2708 949 2762 quem
967 2707 1035 2746 enm
1052 2689 1201 2747 ordinavit
1218 2690 1266 2746 vel
1283 2691 1417 2763 suscepit,

370 2778 393 2804 ‘⁴
407 2793 499 2847 usque
528 2774 567 2831 ad
594 2775 769 2846 condignam
798 2773 1027 2831 satisfactionem
1056 2790 1087 2830 se
1116 2773 1232 2840 noverit
1260 2790 1323 2830 esse
1357 2792 1419 2830 sus-

368 2861 389 2889 u

406 2876 589 2999 303?QO
615 2941 738 2998 ecclesia
760 2941 826 3008 Dei,
844 2940 1004 2997 secundum
1033 2939 1231 3011 evangelicam
1255 2939 1417 3007 veritatem,
1432 2952 1527 2998 samu

369 3027 510 3083 “domus
537 3026 677 3083 orationis
701 3043 763 3082 esse
781 3025 886 3081 debeat
910 3030 942 3080 et
964 3042 1024 3080 non
1051 3023 1190 3096 spelunca
1213 3024 1362 3080 latronum
1389 3005 1563 3099 etffitffi

370 3111 390 3137 ‘¹
408 3109 559 3182 sanguinis
586 3108 691 3173 iorum,
710 3107 855 3164 seculares
880 3124 990 3174 cauam,
1011 3107 1043 3161 in
1071 3106 1176 3178 quibus
1203 3106 1239 3162 de
1265 3104 1578 3200 sanguinisfflgflffiffl

370 3194 388 3221 ‘⁶
409 3192 548 3248 effusione
573 3191 621 3246 vel
646 3190 683 3246 de
707 3207 796 3261 poena
819 3190 961 3261 corporali
986 3189 1092 3260 agitur,
1113 3189 1144 3244 in
1168 3189 1298 3245 ecclesiis
1315 3191 1363 3245 vel
1386 3190 1507 3259 inyucs„

369 3278 389 3304 “
408 3276 561 3331 cimiteriis
572 3274 679 3345 agitari
691 3273 746 3329 sub
758 3272 996 3329 interminatione
1007 3272 1202 3329 anathematis
1213 3274 1417 3343 prohibemus;

368 3362 388 3389 “
408 3359 566 3416 absurdum
583 3358 663 3414 enim
679 3363 725 3414 est
748 3362 778 3413 et
802 3355 920 3412 crudele
947 3355 990 3411 ibi
1004 3355 1151 3428 judicium
1168 3357 1321 3429 sanguinis
1339 3375 1419 3414 exer·

369 3447 389 3473 ‘¹
408 3444 477 3508 ceri,
495 3443 547 3499 ubi
563 3443 654 3498 etism
671 3442 730 3497 reis
748 3440 908 3497 constituta
925 3444 971 3496 est
988 3439 1083 3496 tutela
1100 3439 1216 3511 refugii.

404 3526 503 3583 “VH.
522 3525 642 3582 Dictum
660 3530 705 3581 est
721 3525 815 3580 solere
833 3524 865 3578 in
883 3521 1056 3594 quibusdam
1073 3522 1145 3578 locis
1162 3539 1215 3594 pro
1233 3524 1420 3595 perceptione
1433 3527 1579 3622 &flumenta

369 3611 388 3638 ‘⁴
407 3609 554 3666 crismmis
579 3625 714 3665 nummos
741 3607 806 3662 dari
816 3629 825 3674 3
844 3606 983 3662 similiter
1000 3622 1053 3677 pro
1078 3605 1224 3676 baptismo
1242 3612 1273 3662 et
1290 3624 1419 3664 commu·
1431 3579 1568 3673 cindalia

368 3695 387 3722 “
406 3693 501 3748 nione.
549 3691 615 3746 Hoc
644 3689 811 3747 simoniace)
835 3688 956 3744 haerssis
983 3705 1044 3743 esse
1073 3685 1218 3743 detestata
1244 3693 1290 3744 est
1319 3697 1420 3747 sancta
1432 3680 1546 3774 2212&ss

368 3774 527 3831 “sinodus
551 3778 582 3830 et
605 3772 875 3828 anathematisavit.
913 3771 1076 3827 Statuimus
1101 3787 1172 3841 ergo
1198 3776 1233 3826 ut
1251 3771 1287 3828 de
1313 3778 1420 3830 cetero

368 3861 388 3886 “
406 3876 461 3914 nec
487 3875 541 3930 pro
567 3856 759 3922 ordinatione,
779 3873 833 3912 nec
857 3872 911 3927 pro
937 3852 1082 3919 adamate,
1105 3871 1160 3910 nec
1183 3872 1237 3926 pro
1263 3856 1418 3928 baptismo,

367 3946 388 3972 ‘⁶
404 3960 458 3998 neo
475 3959 529 4014 pro
547 3947 677 3997 musmo
692 3938 840 4004 unctione,
859 3955 913 3994 uec
939 3954 992 4010 pro
1016 3937 1175 4010 sepultura,
1192 3955 1248 3994 nec
1270 3956 1323 4011 pro
1341 3957 1419 3996 oom-

367 4027 388 4054 “
405 4025 553 4090 munione,
572 4041 625 4080 neo
643 4039 695 4095 pro
713 4022 903 4088 dedicatione,
923 4020 1079 4093 quicquam
1097 4020 1241 4091 exigatur.
1279 4021 1338 4079 Sed
1354 4041 1419 4094 gra·

367 4108 444 4165 “tis
471 4107 547 4164 dona
571 4106 682 4163 Christi
709 4107 841 4178 gratuita
864 4102 1080 4177 dispensatione
1106 4103 1257 4160 donentur.
1296 4106 1328 4162 si
1353 4108 1419 4179 quis

367 4193 386 4220 “
406 4196 509 4248 contra
525 4192 581 4247 hcc
598 4191 693 4247 lacere
710 4188 939 4263 praesumpserit.
958 4187 1113 4244 anathema
1130 4187 1178 4244 sit.

403 4275 519 4333 “VIII.
538 4274 623 4332 Nulli
648 4274 737 4331 liceat
760 4274 914 4330 ecclesiam
938 4272 1057 4328 nomine
1083 4270 1210 4327 dotalitii
1234 4272 1273 4329 ad
1290 4274 1418 4344 aliquem
1431 4286 1546 4348 andoin

366 4361 387 4387 “
405 4360 574 4424 mansferre,
593 4358 642 4415 vel
666 4375 721 4431 pro
737 4358 959 4430 praesentatione
976 4354 1098 4426 alicujus
1115 4372 1246 4427 personae
1264 4358 1418 4428 pecuniam
1431 4342 1559 4436 ffiffi

364 4445 384 4471 “
404 4442 451 4499 vel
467 4440 585 4515 aliquod
603 4441 832 4496 emolumentum
844 4444 930 4512 pacto
947 4437 1160 4493 interveniente
1178 4439 1316 4511 recipere.
1336 4439 1420 4509 Quod

366 4528 386 4556 ⁸⁸
405 4527 432 4583 si
449 4527 516 4599 quis
532 4524 645 4591 lecerit,
664 4530 694 4581 et
718 4523 832 4595 injure
849 4522 899 4579 vel
916 4521 1069 4578 convictus
1087 4521 1136 4579 vel
1154 4523 1302 4602 confessus
1319 4523 1418 4593 luent,

366 4610 504 4683 “ipsum
529 4614 590 4665 tam
616 4608 698 4681 regia
724 4624 811 4680 quam
836 4609 938 4663 nostra
961 4604 1031 4662 freti
1060 4606 1233 4663 auctoritate
1258 4608 1420 4680 patrocinio

364 4698 385 4726 “
404 4695 534 4768 ejusdem
551 4693 684 4751 ecclesis)
700 4692 733 4749 in
750 4697 925 4763 perpetuum
941 4690 1052 4763 privari
1069 4690 1235 4748 statuimus

401 4783 422 4811 ‘⁸
432 4778 487 4837 m
507 4776 677 4837 Semurium
703 4773 842 4833 instituta
857 4778 975 4846 patrm
992 4778 1158 4830 nostrorum
1175 4774 1229 4831 sub
1247 4772 1419 4833 intermina·
