<?xml version="1.0" encoding="UTF-8"?>
<!DOCTYPE html PUBLIC "-//W3C//DTD XHTML 1.0 Transitional//EN"
    "http://www.w3.org/TR/xhtml1/DTD/xhtml1-transitional.dtd">
<html xmlns="http://www.w3.org/1999/xhtml" xml:lang="en" lang="en">
 <head>
  <title>
</title>
<meta http-equiv="Content-Type" content="text/html;charset=utf-8" />
  <meta name='ocr-system' content='tesseract 3.04.00' />
  <meta name='ocr-capabilities' content='ocr_page ocr_carea ocr_par ocr_line ocrx_word'/>
</head>
<body>
  <div class='ocr_page' id='page_1' title='image "./historicalworks00offigoog_0529.png"; bbox 0 0 3628 5728; ppageno 0'>
   <div class='ocr_carea' id='block_1_1' title="bbox 672 857 1368 922">
    <p class='ocr_par' dir='ltr' id='par_1_1' title="bbox 672 857 1368 922">
     <span class='ocr_line' id='line_1_1' title="bbox 672 857 1368 922; baseline 0.001 -2"><span class='ocrx_word' id='word_1_1' title='bbox 672 871 784 921; x_wconf 80' lang='grc' dir='ltr'>οιιιιιιι</span> <span class='ocrx_word' id='word_1_2' title='bbox 806 871 999 922; x_wconf 67' lang='lat' dir='ltr'>msroruos</span> <span class='ocrx_word' id='word_1_3' title='bbox 1303 857 1368 922; x_wconf 82' lang='lat'>465</span> 
     </span>
    </p>
   </div>
   <div class='ocr_carea' id='block_1_2' title="bbox 289 1040 1523 1682">
    <p class='ocr_par' dir='ltr' id='par_1_2' title="bbox 289 1040 1523 1654">
     <span class='ocr_line' id='line_1_2' title="bbox 319 1040 1523 1176; baseline -0.001 -53"><span class='ocrx_word' id='word_1_4' title='bbox 319 1066 337 1094; x_wconf 87' lang='lat'><em>“</em></span> <span class='ocrx_word' id='word_1_5' title='bbox 358 1060 539 1125; x_wconf 83' lang='lat' dir='ltr'>novissime</span> <span class='ocrx_word' id='word_1_6' title='bbox 569 1065 717 1145; x_wconf 80' lang='lat' dir='ltr'>ternpore</span> <span class='ocrx_word' id='word_1_7' title='bbox 746 1065 852 1124; x_wconf 83' lang='lat' dir='ltr'>meter</span> <span class='ocrx_word' id='word_1_8' title='bbox 875 1059 998 1124; x_wconf 84' lang='lat' dir='ltr'>existet</span> <span class='ocrx_word' id='word_1_9' title='bbox 1025 1062 1059 1123; x_wconf 90' lang='lat' dir='ltr'>et</span> <span class='ocrx_word' id='word_1_10' title='bbox 1082 1057 1222 1134; x_wconf 84' lang='lat' dir='ltr'>domine,</span> <span class='ocrx_word' id='word_1_11' title='bbox 1246 1040 1371 1122; x_wconf 78' lang='lat' dir='ltr'>solutot</span> <span class='ocrx_word' id='word_1_12' title='bbox 1398 1065 1455 1111; x_wconf 76' lang='lat' dir='ltr'>AD</span> <span class='ocrx_word' id='word_1_13' title='bbox 1453 1069 1523 1176; x_wconf 56' lang='lat' dir='ltr'>vm</span> 
     </span>
     <span class='ocr_line' id='line_1_3' title="bbox 289 1132 1514 1237; baseline 0.001 -11"><span class='ocrx_word' id='word_1_14' title='bbox 289 1168 336 1233; x_wconf 21' lang='lat'>⁴“</span> <span class='ocrx_word' id='word_1_15' title='bbox 359 1183 420 1226; x_wconf 89' lang='lat' dir='ltr'>vos</span> <span class='ocrx_word' id='word_1_16' title='bbox 446 1167 487 1226; x_wconf 91' lang='lat' dir='ltr'>ut</span> <span class='ocrx_word' id='word_1_17' title='bbox 516 1161 632 1237; x_wconf 88' lang='lat' dir='ltr'>filium,</span> <span class='ocrx_word' id='word_1_18' title='bbox 656 1160 781 1226; x_wconf 78' lang='lat' dir='ltr'>salutet</span> <span class='ocrx_word' id='word_1_19' title='bbox 815 1166 854 1224; x_wconf 94' lang='lat' dir='ltr'>ut</span> <span class='ocrx_word' id='word_1_20' title='bbox 879 1161 1060 1235; x_wconf 90' lang='lat' dir='ltr'>dominum,</span> <span class='ocrx_word' id='word_1_21' title='bbox 1085 1179 1181 1224; x_wconf 77' lang='lat' dir='ltr'>orons</span> <span class='ocrx_word' id='word_1_22' title='bbox 1209 1164 1243 1224; x_wconf 89' lang='lat' dir='ltr'>et</span> <span class='ocrx_word' id='word_1_23' title='bbox 1276 1159 1369 1224; x_wconf 91' lang='lat' dir='ltr'>obse·</span> <span class='ocrx_word' id='word_1_24' title='bbox 1355 1132 1482 1227; x_wconf 62' lang='lat' dir='ltr'>-Aouii</span> <span class='ocrx_word' id='word_1_25' title='bbox 1483 1137 1514 1227; x_wconf 76' lang='lat' dir='ltr'>⁸0&#39;r</span> 
     </span>
     <span class='ocr_line' id='line_1_4' title="bbox 321 1233 1512 1348; baseline -0.002 -19"><span class='ocrx_word' id='word_1_26' title='bbox 321 1270 337 1297; x_wconf 88' lang='lat'>“</span> <span class='ocrx_word' id='word_1_27' title='bbox 361 1283 455 1329; x_wconf 82' lang='lat' dir='ltr'>erens</span> <span class='ocrx_word' id='word_1_28' title='bbox 478 1269 517 1328; x_wconf 90' lang='lat' dir='ltr'>ut</span> <span class='ocrx_word' id='word_1_29' title='bbox 540 1263 571 1328; x_wconf 92' lang='lat' dir='ltr'>ei</span> <span class='ocrx_word' id='word_1_30' title='bbox 593 1284 653 1348; x_wconf 91' lang='lat' dir='ltr'>per</span> <span class='ocrx_word' id='word_1_31' title='bbox 678 1284 738 1328; x_wconf 90' lang='lat' dir='ltr'>nos</span> <span class='ocrx_word' id='word_1_32' title='bbox 760 1262 1016 1327; x_wconf 75' lang='lat' dir='ltr'>misericordiam</span> <span class='ocrx_word' id='word_1_33' title='bbox 1042 1261 1155 1326; x_wconf 88' lang='lat' dir='ltr'>velitis</span> <span class='ocrx_word' id='word_1_34' title='bbox 1181 1261 1407 1347; x_wconf 80' lang='lat' dir='ltr'>impenderem</span> <span class='ocrx_word' id='word_1_35' title='bbox 1383 1234 1459 1277; x_wconf 53' lang='grc' dir='ltr'><strong>Μ</strong></span> <span class='ocrx_word' id='word_1_36' title='bbox 1407 1245 1461 1327; x_wconf 71' lang='lat' dir='ltr'>onii</span> <span class='ocrx_word' id='word_1_37' title='bbox 1460 1233 1512 1277; x_wconf 52' lang='grc' dir='ltr'><strong>Μ</strong></span> 
     </span>
     <span class='ocr_line' id='line_1_5' title="bbox 320 1362 1372 1449; baseline -0.002 -19"><span class='ocrx_word' id='word_1_38' title='bbox 320 1372 336 1399; x_wconf 86' lang='grc'><strong>“</strong></span> <span class='ocrx_word' id='word_1_39' title='bbox 360 1371 395 1430; x_wconf 93' lang='lat' dir='ltr'>et</span> <span class='ocrx_word' id='word_1_40' title='bbox 417 1386 529 1431; x_wconf 82' lang='lat' dir='ltr'>eurem</span> <span class='ocrx_word' id='word_1_41' title='bbox 551 1364 707 1431; x_wconf 85' lang='lat' dir='ltr'>adhibere</span> <span class='ocrx_word' id='word_1_42' title='bbox 730 1371 771 1429; x_wconf 91' lang='lat' dir='ltr'>ut</span> <span class='ocrx_word' id='word_1_43' title='bbox 799 1365 954 1430; x_wconf 91' lang='lat' dir='ltr'>dominus</span> <span class='ocrx_word' id='word_1_44' title='bbox 975 1368 1088 1429; x_wconf 90' lang='lat' dir='ltr'>noster</span> <span class='ocrx_word' id='word_1_45' title='bbox 1108 1362 1372 1449; x_wconf 78' lang='lat' dir='ltr'><strong>archiepiscopus</strong></span> 
     </span>
     <span class='ocr_line' id='line_1_6' title="bbox 321 1464 1370 1552; baseline -0.002 -20"><span class='ocrx_word' id='word_1_46' title='bbox 321 1474 337 1500; x_wconf 87' lang='lat'><strong>“</strong></span> <span class='ocrx_word' id='word_1_47' title='bbox 359 1487 473 1552; x_wconf 86' lang='lat' dir='ltr'>peeem</span> <span class='ocrx_word' id='word_1_48' title='bbox 509 1467 605 1532; x_wconf 88' lang='lat' dir='ltr'>nobis</span> <span class='ocrx_word' id='word_1_49' title='bbox 643 1466 799 1532; x_wconf 83' lang='lat' dir='ltr'>restituet</span> <span class='ocrx_word' id='word_1_50' title='bbox 837 1472 870 1532; x_wconf 89' lang='lat' dir='ltr'>et</span> <span class='ocrx_word' id='word_1_51' title='bbox 908 1472 986 1531; x_wconf 78' lang='lat' dir='ltr'>unte</span> <span class='ocrx_word' id='word_1_52' title='bbox 1023 1464 1155 1530; x_wconf 73' lang='lat' dir='ltr'>habitas</span> <span class='ocrx_word' id='word_1_53' title='bbox 1192 1464 1370 1530; x_wconf 75' lang='lat' dir='ltr'>libertates</span> 
     </span>
     <span class='ocr_line' id='line_1_7' title="bbox 320 1566 1371 1682; baseline -0.001 -50"><span class='ocrx_word' id='word_1_54' title='bbox 320 1576 337 1603; x_wconf 85' lang='lat'>“</span> <span class='ocrx_word' id='word_1_55' title='bbox 359 1568 472 1635; x_wconf 80' lang='lat' dir='ltr'>Parati</span> <span class='ocrx_word' id='word_1_56' title='bbox 507 1569 595 1634; x_wconf 90' lang='lat' dir='ltr'>enim</span> <span class='ocrx_word' id='word_1_57' title='bbox 625 1590 738 1653; x_wconf 87' lang='lat' dir='ltr'>sumus</span> <span class='ocrx_word' id='word_1_58' title='bbox 773 1573 807 1634; x_wconf 90' lang='lat' dir='ltr'>et</span> <span class='ocrx_word' id='word_1_59' title='bbox 838 1589 966 1654; x_wconf 80' lang='lat' dir='ltr'>semper</span> <span class='ocrx_word' id='word_1_60' title='bbox 996 1566 1120 1632; x_wconf 88' lang='lat' dir='ltr'>fuimus</span> <span class='ocrx_word' id='word_1_61' title='bbox 1150 1567 1181 1631; x_wconf 92' lang='lat' dir='ltr'>ei</span> <span class='ocrx_word' id='word_1_62' title='bbox 1212 1572 1252 1631; x_wconf 93' lang='lat' dir='ltr'>ut</span> <span class='ocrx_word' id='word_1_63' title='bbox 1282 1566 1371 1682; x_wconf 83' lang='lat' dir='ltr'>petri</span> 
     </span>
    </p>
   </div>
   <div class='ocr_carea' id='block_1_3' title="bbox 320 1653 1532 1749">
    <p class='ocr_par' dir='ltr' id='par_1_3' title="bbox 320 1653 1532 1749">
     <span class='ocr_line' id='line_1_8' title="bbox 320 1653 1532 1749; baseline 0 -14"><span class='ocrx_word' id='word_1_64' title='bbox 320 1678 336 1705; x_wconf 83' lang='lat'>“</span> <span class='ocrx_word' id='word_1_65' title='bbox 359 1670 505 1737; x_wconf 75' lang='lat' dir='ltr'>debitam</span> <span class='ocrx_word' id='word_1_66' title='bbox 521 1671 676 1737; x_wconf 85' lang='lat' dir='ltr'>exhibere</span> <span class='ocrx_word' id='word_1_67' title='bbox 690 1669 937 1736; x_wconf 52' lang='lat' dir='ltr'>reverentiam?</span> <span class='ocrx_word' id='word_1_68' title='bbox 975 1669 1039 1733; x_wconf 91' lang='lat' dir='ltr'>His</span> <span class='ocrx_word' id='word_1_69' title='bbox 1059 1669 1165 1745; x_wconf 88' lang='lat' dir='ltr'>dietis,</span> <span class='ocrx_word' id='word_1_70' title='bbox 1182 1669 1301 1734; x_wconf 77' lang='lat' dir='ltr'>seniori</span> <span class='ocrx_word' id='word_1_71' title='bbox 1291 1668 1370 1745; x_wconf 89' lang='lat' dir='ltr'>&#39;,lle</span> <span class='ocrx_word' id='word_1_72' title='bbox 1383 1653 1472 1748; x_wconf 58' lang='grc' dir='ltr'>ξὲξιῃ</span> <span class='ocrx_word' id='word_1_73' title='bbox 1456 1654 1532 1749; x_wconf 52' lang='grc' dir='ltr'>Ἥ</span> 
     </span>
    </p>
   </div>
   <div class='ocr_carea' id='block_1_4' title="bbox 318 1754 1529 1859">
    <p class='ocr_par' dir='ltr' id='par_1_4' title="bbox 318 1754 1529 1859">
     <span class='ocr_line' id='line_1_9' title="bbox 318 1754 1529 1859; baseline 0 -22"><span class='ocrx_word' id='word_1_74' title='bbox 318 1793 392 1837; x_wconf 86' lang='lat' dir='ltr'>oum</span> <span class='ocrx_word' id='word_1_75' title='bbox 424 1773 552 1840; x_wconf 81' lang='lat' dir='ltr'>coeteris</span> <span class='ocrx_word' id='word_1_76' title='bbox 581 1772 734 1838; x_wconf 90' lang='lat' dir='ltr'>omnibus</span> <span class='ocrx_word' id='word_1_77' title='bbox 763 1793 871 1859; x_wconf 80' lang='lat' dir='ltr'>genua</span> <span class='ocrx_word' id='word_1_78' title='bbox 901 1771 1045 1848; x_wconf 79' lang='lat' dir='ltr'>flectens,</span> <span class='ocrx_word' id='word_1_79' title='bbox 1069 1770 1251 1837; x_wconf 77' lang='lat' dir='ltr'>orationem</span> <span class='ocrx_word' id='word_1_80' title='bbox 1282 1791 1369 1837; x_wconf 86' lang='lat' dir='ltr'>eom-</span> <span class='ocrx_word' id='word_1_81' title='bbox 1382 1754 1529 1851; x_wconf 36' lang='lat' dir='ltr'>wilt,</span> 
     </span>
    </p>
   </div>
   <div class='ocr_carea' id='block_1_5' title="bbox 318 1872 1526 2470">
    <p class='ocr_par' dir='ltr' id='par_1_5' title="bbox 318 1872 1371 1960">
     <span class='ocr_line' id='line_1_10' title="bbox 318 1872 1371 1960; baseline -0.001 -23"><span class='ocrx_word' id='word_1_82' title='bbox 318 1872 455 1960; x_wconf 86' lang='lat' dir='ltr'>plevit</span> <span class='ocrx_word' id='word_1_83' title='bbox 447 1896 483 1940; x_wconf 90' lang='grc' dir='ltr'>ιιι</span> <span class='ocrx_word' id='word_1_84' title='bbox 505 1874 656 1940; x_wconf 86' lang='lat' dir='ltr'>leorimis.</span> <span class='ocrx_word' id='word_1_85' title='bbox 703 1873 789 1940; x_wconf 79' lang='lat' dir='ltr'>Cum</span> <span class='ocrx_word' id='word_1_86' title='bbox 810 1878 922 1938; x_wconf 84' lang='lat' dir='ltr'>eutem</span> <span class='ocrx_word' id='word_1_87' title='bbox 944 1878 1107 1958; x_wconf 84' lang='lat' dir='ltr'>qnaereret</span> <span class='ocrx_word' id='word_1_88' title='bbox 1131 1893 1192 1938; x_wconf 91' lang='lat' dir='ltr'>rex</span> <span class='ocrx_word' id='word_1_89' title='bbox 1217 1893 1261 1937; x_wconf 85' lang='lat' dir='ltr'>sn</span> <span class='ocrx_word' id='word_1_90' title='bbox 1284 1893 1371 1937; x_wconf 89' lang='lat' dir='ltr'>oom-</span> 
     </span>
    </p>

    <p class='ocr_par' dir='ltr' id='par_1_6' title="bbox 318 1973 1526 2470">
     <span class='ocr_line' id='line_1_11' title="bbox 318 1973 1372 2112; baseline -0.002 -72"><span class='ocrx_word' id='word_1_91' title='bbox 318 1977 510 2112; x_wconf 82' lang='lat' dir='ltr'>promittere</span> <span class='ocrx_word' id='word_1_92' title='bbox 532 1976 688 2042; x_wconf 87' lang='lat' dir='ltr'>vellent</span> <span class='ocrx_word' id='word_1_93' title='bbox 679 1998 716 2041; x_wconf 90' lang='grc' dir='ltr'>ιιι</span> <span class='ocrx_word' id='word_1_94' title='bbox 737 1977 887 2053; x_wconf 82' lang='lat' dir='ltr'>arbitros,</span> <span class='ocrx_word' id='word_1_95' title='bbox 909 1975 1062 2041; x_wconf 73' lang='lat' dir='ltr'>monaehi</span> <span class='ocrx_word' id='word_1_96' title='bbox 1084 1973 1262 2052; x_wconf 80' lang='lat' dir='ltr'>dixerunt:</span> <span class='ocrx_word' id='word_1_97' title='bbox 1290 1973 1372 2039; x_wconf 87' lang='lat' dir='ltr'>“Ob</span> 
     </span>
     <span class='ocr_line' id='line_1_12' title="bbox 320 2077 1374 2164; baseline -0.004 -19.85"><span class='ocrx_word' id='word_1_98' title='bbox 320 2079 496 2144; x_wconf 75' lang='lat' dir='ltr'>“nimium</span> <span class='ocrx_word' id='word_1_99' title='bbox 519 2079 746 2145; x_wconf 81' lang='lat' dir='ltr'>excellentiam</span> <span class='ocrx_word' id='word_1_100' title='bbox 769 2077 1005 2164; x_wconf 77' lang='lat' dir='ltr'>arehiepisoopi</span> <span class='ocrx_word' id='word_1_101' title='bbox 1025 2097 1138 2142; x_wconf 90' lang='lat' dir='ltr'>omnes</span> <span class='ocrx_word' id='word_1_102' title='bbox 1160 2077 1255 2141; x_wconf 89' lang='lat' dir='ltr'>nobis</span> <span class='ocrx_word' id='word_1_103' title='bbox 1278 2078 1374 2162; x_wconf 81' lang='lat' dir='ltr'>quasi</span> 
     </span>
     <span class='ocr_line' id='line_1_13' title="bbox 320 2179 1373 2265; baseline -0.002 -18.923"><span class='ocrx_word' id='word_1_104' title='bbox 320 2181 540 2247; x_wconf 73' lang='lat' dir='ltr'>“adversarii</span> <span class='ocrx_word' id='word_1_105' title='bbox 562 2180 645 2247; x_wconf 84' lang='lat' dir='ltr'>faeti</span> <span class='ocrx_word' id='word_1_106' title='bbox 675 2185 763 2258; x_wconf 88' lang='lat' dir='ltr'>sunt,</span> <span class='ocrx_word' id='word_1_107' title='bbox 785 2187 825 2245; x_wconf 92' lang='lat' dir='ltr'>ut</span> <span class='ocrx_word' id='word_1_108' title='bbox 846 2201 907 2246; x_wconf 91' lang='lat' dir='ltr'>neo</span> <span class='ocrx_word' id='word_1_109' title='bbox 936 2201 1040 2245; x_wconf 90' lang='lat' dir='ltr'>unum</span> <span class='ocrx_word' id='word_1_110' title='bbox 1064 2179 1138 2264; x_wconf 91' lang='lat' dir='ltr'>quis</span> <span class='ocrx_word' id='word_1_111' title='bbox 1165 2180 1288 2244; x_wconf 81' lang='lat' dir='ltr'>audeat</span> <span class='ocrx_word' id='word_1_112' title='bbox 1313 2199 1373 2265; x_wconf 88' lang='lat' dir='ltr'>pro</span> 
     </span>
     <span class='ocr_line' id='line_1_14' title="bbox 319 2280 1372 2370; baseline -0.003 -22.885"><span class='ocrx_word' id='word_1_113' title='bbox 319 2283 454 2349; x_wconf 83' lang='lat' dir='ltr'>“nobis</span> <span class='ocrx_word' id='word_1_114' title='bbox 485 2282 626 2370; x_wconf 76' lang='lat' dir='ltr'>ellegere</span> <span class='ocrx_word' id='word_1_115' title='bbox 656 2303 846 2348; x_wconf 90' lang='lat' dir='ltr'>sermonem.</span> <span class='ocrx_word' id='word_1_116' title='bbox 894 2280 1004 2347; x_wconf 87' lang='lat' dir='ltr'>Sed</span> <span class='ocrx_word' id='word_1_117' title='bbox 990 2301 1060 2367; x_wconf 82' lang='lat' dir='ltr'>Jem</span> <span class='ocrx_word' id='word_1_118' title='bbox 1094 2301 1184 2346; x_wconf 88' lang='lat' dir='ltr'>nuno</span> <span class='ocrx_word' id='word_1_119' title='bbox 1217 2302 1238 2346; x_wconf 84' lang='lat' dir='ltr'>e</span> <span class='ocrx_word' id='word_1_120' title='bbox 1269 2280 1372 2346; x_wconf 78' lang='lat' dir='ltr'>lutere</span> 
     </span>
     <span class='ocr_line' id='line_1_15' title="bbox 320 2381 1526 2470; baseline -0.003 -20.866"><span class='ocrx_word' id='word_1_121' title='bbox 320 2390 470 2450; x_wconf 82' lang='lat' dir='ltr'>“vestro</span> <span class='ocrx_word' id='word_1_122' title='bbox 492 2384 587 2449; x_wconf 91' lang='lat' dir='ltr'>nobis</span> <span class='ocrx_word' id='word_1_123' title='bbox 609 2384 759 2470; x_wconf 77' lang='lat' dir='ltr'>praestari</span> <span class='ocrx_word' id='word_1_124' title='bbox 775 2383 947 2448; x_wconf 86' lang='lat' dir='ltr'>eonsilium</span> <span class='ocrx_word' id='word_1_125' title='bbox 970 2381 1202 2468; x_wconf 83' lang='lat' dir='ltr'>postulemus”</span> <span class='ocrx_word' id='word_1_126' title='bbox 1241 2382 1434 2446; x_wconf 73' lang='lat' dir='ltr'>Annuiche</span> <span class='ocrx_word' id='word_1_127' title='bbox 1442 2391 1526 2445; x_wconf 69' lang='lat' dir='ltr'>mm„</span> 
     </span>
    </p>
   </div>
   <div class='ocr_carea' id='block_1_6' title="bbox 318 2443 1540 2571">
    <p class='ocr_par' dir='ltr' id='par_1_7' title="bbox 318 2443 1540 2571">
     <span class='ocr_line' id='line_1_16' title="bbox 318 2443 1540 2571; baseline -0.004 -22"><span class='ocrx_word' id='word_1_128' title='bbox 318 2507 378 2550; x_wconf 87' lang='lat' dir='ltr'>rex</span> <span class='ocrx_word' id='word_1_129' title='bbox 401 2507 443 2550; x_wconf 87' lang='lat' dir='ltr'>ex</span> <span class='ocrx_word' id='word_1_130' title='bbox 465 2506 600 2550; x_wconf 82' lang='lat' dir='ltr'>assensu</span> <span class='ocrx_word' id='word_1_131' title='bbox 629 2484 864 2571; x_wconf 75' lang='lat' dir='ltr'>archiepiscopi</span> <span class='ocrx_word' id='word_1_132' title='bbox 894 2483 1128 2550; x_wconf 75' lang='lat' dir='ltr'>monachorum</span> <span class='ocrx_word' id='word_1_133' title='bbox 1155 2482 1257 2567; x_wconf 81' lang='lat' dir='ltr'>justoe</span> <span class='ocrx_word' id='word_1_134' title='bbox 1287 2483 1426 2569; x_wconf 78' lang='lat' dir='ltr'>peti-o</span> <span class='ocrx_word' id='word_1_135' title='bbox 1329 2443 1540 2547; x_wconf 57' lang='lat' dir='ltr'>tllossffiterd</span> 
     </span>
    </p>
   </div>
   <div class='ocr_carea' id='block_1_7' title="bbox 318 2543 1529 2977">
    <p class='ocr_par' dir='ltr' id='par_1_8' title="bbox 318 2543 1529 2977">
     <span class='ocr_line' id='line_1_17' title="bbox 318 2543 1529 2689; baseline -0.004 -38"><span class='ocrx_word' id='word_1_136' title='bbox 318 2587 410 2662; x_wconf 91' lang='lat' dir='ltr'>tioni,</span> <span class='ocrx_word' id='word_1_137' title='bbox 433 2591 469 2651; x_wconf 90' lang='lat' dir='ltr'>et</span> <span class='ocrx_word' id='word_1_138' title='bbox 490 2586 693 2673; x_wconf 82' lang='lat' dir='ltr'>Regineldus</span> <span class='ocrx_word' id='word_1_139' title='bbox 715 2586 947 2652; x_wconf 85' lang='lat' dir='ltr'>Bethoniensis</span> <span class='ocrx_word' id='word_1_140' title='bbox 969 2607 1044 2652; x_wconf 89' lang='lat' dir='ltr'>oum</span> <span class='ocrx_word' id='word_1_141' title='bbox 1068 2585 1227 2651; x_wconf 76' lang='lat' dir='ltr'>(lanfrido</span> <span class='ocrx_word' id='word_1_142' title='bbox 1253 2586 1411 2688; x_wconf 78' lang='lat' dir='ltr'>megis-th</span> <span class='ocrx_word' id='word_1_143' title='bbox 1384 2543 1529 2689; x_wconf 55' lang='grc' dir='ltr'>ιῖοΞιιιΓιῖῗ</span> 
     </span>
     <span class='ocr_line' id='line_1_18' title="bbox 319 2644 1425 2775; baseline 0 -24"><span class='ocrx_word' id='word_1_144' title='bbox 319 2692 371 2752; x_wconf 89' lang='lat' dir='ltr'>tro</span> <span class='ocrx_word' id='word_1_145' title='bbox 397 2687 526 2775; x_wconf 79' lang='lat' dir='ltr'>Templi</span> <span class='ocrx_word' id='word_1_146' title='bbox 556 2709 701 2753; x_wconf 89' lang='lat' dir='ltr'>seorsum</span> <span class='ocrx_word' id='word_1_147' title='bbox 731 2710 806 2754; x_wconf 91' lang='lat' dir='ltr'>oum</span> <span class='ocrx_word' id='word_1_148' title='bbox 836 2686 1005 2754; x_wconf 86' lang='lat' dir='ltr'>moneohis</span> <span class='ocrx_word' id='word_1_149' title='bbox 1035 2687 1236 2753; x_wconf 88' lang='lat' dir='ltr'>resederunt.</span> <span class='ocrx_word' id='word_1_150' title='bbox 1283 2644 1425 2751; x_wconf 64' lang='lat' dir='ltr'>Visisthe</span> 
     </span>
     <span class='ocr_line' id='line_1_19' title="bbox 319 2788 1371 2873; baseline 0 -21"><span class='ocrx_word' id='word_1_151' title='bbox 319 2794 431 2853; x_wconf 81' lang='lat' dir='ltr'>eutem</span> <span class='ocrx_word' id='word_1_152' title='bbox 454 2789 583 2854; x_wconf 78' lang='lat' dir='ltr'>duobus</span> <span class='ocrx_word' id='word_1_153' title='bbox 609 2790 709 2855; x_wconf 82' lang='lat' dir='ltr'>certis</span> <span class='ocrx_word' id='word_1_154' title='bbox 734 2793 876 2867; x_wconf 75' lang='lat' dir='ltr'>tentum,</span> <span class='ocrx_word' id='word_1_155' title='bbox 902 2789 1017 2856; x_wconf 77' lang='lat' dir='ltr'>Sancti</span> <span class='ocrx_word' id='word_1_156' title='bbox 1044 2788 1199 2854; x_wconf 86' lang='lat' dir='ltr'>videlieet</span> <span class='ocrx_word' id='word_1_157' title='bbox 1221 2789 1371 2873; x_wconf 72' lang='lat' dir='ltr'>Anselmi</span> 
     </span>
     <span class='ocr_line' id='line_1_20' title="bbox 319 2890 1371 2977; baseline -0.001 -22"><span class='ocrx_word' id='word_1_158' title='bbox 319 2896 354 2955; x_wconf 88' lang='lat' dir='ltr'>et</span> <span class='ocrx_word' id='word_1_159' title='bbox 383 2891 469 2977; x_wconf 82' lang='lat' dir='ltr'>regis</span> <span class='ocrx_word' id='word_1_160' title='bbox 491 2890 650 2955; x_wconf 90' lang='lat' dir='ltr'>Willelmi</span> <span class='ocrx_word' id='word_1_161' title='bbox 680 2891 788 2976; x_wconf 87' lang='lat' dir='ltr'>primi,</span> <span class='ocrx_word' id='word_1_162' title='bbox 811 2912 849 2956; x_wconf 90' lang='lat' dir='ltr'>eo</span> <span class='ocrx_word' id='word_1_163' title='bbox 876 2891 964 2976; x_wconf 90' lang='lat' dir='ltr'>quod</span> <span class='ocrx_word' id='word_1_164' title='bbox 992 2892 1079 2976; x_wconf 78' lang='lat' dir='ltr'>regis</span> <span class='ocrx_word' id='word_1_165' title='bbox 1105 2890 1289 2975; x_wconf 91' lang='lat' dir='ltr'>impetusj</span> <span class='ocrx_word' id='word_1_166' title='bbox 1292 2911 1371 2954; x_wconf 89' lang='lat' dir='ltr'>uve-</span> 
     </span>
    </p>
   </div>
   <div class='ocr_carea' id='block_1_8' title="bbox 318 2990 1529 3283">
    <p class='ocr_par' dir='ltr' id='par_1_9' title="bbox 318 2990 1529 3283">
     <span class='ocr_line' id='line_1_21' title="bbox 318 2990 1529 3086; baseline -0.001 -30"><span class='ocrx_word' id='word_1_167' title='bbox 318 2992 396 3056; x_wconf 91' lang='lat' dir='ltr'>nilis</span> <span class='ocrx_word' id='word_1_168' title='bbox 418 3013 543 3057; x_wconf 85' lang='lat' dir='ltr'>morem</span> <span class='ocrx_word' id='word_1_169' title='bbox 565 3012 633 3056; x_wconf 93' lang='lat' dir='ltr'>non</span> <span class='ocrx_word' id='word_1_170' title='bbox 659 2993 845 3067; x_wconf 82' lang='lat' dir='ltr'>sustineret,</span> <span class='ocrx_word' id='word_1_171' title='bbox 871 2991 935 3057; x_wconf 90' lang='lat' dir='ltr'>hoe</span> <span class='ocrx_word' id='word_1_172' title='bbox 961 2991 1170 3057; x_wconf 82' lang='lat' dir='ltr'>consiliosum</span> <span class='ocrx_word' id='word_1_173' title='bbox 1197 2990 1529 3086; x_wconf 55' lang='lat' dir='ltr'>videbaturfffffildtgdss</span> 
     </span>
     <span class='ocr_line' id='line_1_22' title="bbox 319 3093 1372 3181; baseline -0.002 -21"><span class='ocrx_word' id='word_1_174' title='bbox 319 3101 353 3160; x_wconf 91' lang='lat' dir='ltr'>et</span> <span class='ocrx_word' id='word_1_175' title='bbox 378 3094 518 3181; x_wconf 88' lang='lat' dir='ltr'>justum,</span> <span class='ocrx_word' id='word_1_176' title='bbox 541 3100 581 3159; x_wconf 91' lang='lat' dir='ltr'>ut</span> <span class='ocrx_word' id='word_1_177' title='bbox 606 3099 685 3159; x_wconf 80' lang='lat' dir='ltr'>ente</span> <span class='ocrx_word' id='word_1_178' title='bbox 711 3094 819 3159; x_wconf 91' lang='lat' dir='ltr'>litis</span> <span class='ocrx_word' id='word_1_179' title='bbox 810 3115 994 3181; x_wconf 72' lang='lat' dir='ltr'>mgressum</span> <span class='ocrx_word' id='word_1_180' title='bbox 1023 3095 1156 3180; x_wconf 84' lang='lat' dir='ltr'>plenem</span> <span class='ocrx_word' id='word_1_181' title='bbox 1186 3093 1372 3159; x_wconf 83' lang='lat' dir='ltr'>oblatorum</span> 
     </span>
     <span class='ocr_line' id='line_1_23' title="bbox 318 3195 1372 3283; baseline 0 -22"><span class='ocrx_word' id='word_1_182' title='bbox 318 3201 524 3283; x_wconf 90' lang='lat' dir='ltr'>reposeerent</span> <span class='ocrx_word' id='word_1_183' title='bbox 545 3195 798 3263; x_wconf 83' lang='lat' dir='ltr'>restitutionem.</span> <span class='ocrx_word' id='word_1_184' title='bbox 845 3195 954 3276; x_wconf 81' lang='lat' dir='ltr'>Quem</span> <span class='ocrx_word' id='word_1_185' title='bbox 985 3217 1059 3261; x_wconf 90' lang='lat' dir='ltr'>oum</span> <span class='ocrx_word' id='word_1_186' title='bbox 1089 3196 1133 3261; x_wconf 83' lang='lat' dir='ltr'>od</span> <span class='ocrx_word' id='word_1_187' title='bbox 1163 3217 1273 3281; x_wconf 80' lang='lat' dir='ltr'>preses</span> <span class='ocrx_word' id='word_1_188' title='bbox 1304 3218 1372 3261; x_wconf 92' lang='lat' dir='ltr'>mo-</span> 
     </span>
    </p>
   </div>
   <div class='ocr_carea' id='block_1_9' title="bbox 318 3286 1542 3386">
    <p class='ocr_par' dir='ltr' id='par_1_10' title="bbox 318 3286 1542 3386">
     <span class='ocr_line' id='line_1_24' title="bbox 318 3286 1542 3386; baseline -0.003 -23"><span class='ocrx_word' id='word_1_189' title='bbox 318 3298 547 3365; x_wconf 84' lang='lat' dir='ltr'>neehorum</span> <span class='ocrx_word' id='word_1_190' title='bbox 537 3320 573 3364; x_wconf 90' lang='lat' dir='ltr'>m</span> <span class='ocrx_word' id='word_1_191' title='bbox 607 3298 780 3363; x_wconf 77' lang='lat' dir='ltr'>audientis</span> <span class='ocrx_word' id='word_1_192' title='bbox 814 3299 962 3363; x_wconf 91' lang='lat' dir='ltr'>omnium</span> <span class='ocrx_word' id='word_1_193' title='bbox 996 3303 1126 3386; x_wconf 89' lang='lat' dir='ltr'>peteret</span> <span class='ocrx_word' id='word_1_194' title='bbox 1159 3296 1215 3363; x_wconf 88' lang='lat' dir='ltr'>ille</span> <span class='ocrx_word' id='word_1_195' title='bbox 1250 3298 1373 3364; x_wconf 90' lang='lat' dir='ltr'>Betho·</span> <span class='ocrx_word' id='word_1_196' title='bbox 1386 3286 1492 3382; x_wconf 52' lang='grc' dir='ltr'>Εζξξᾱω</span> <span class='ocrx_word' id='word_1_197' title='bbox 1456 3288 1542 3333; x_wconf 74' lang='lat' dir='ltr'>emme</span> 
     </span>
    </p>
   </div>
   <div class='ocr_carea' id='block_1_10' title="bbox 224 3399 1373 3486">
    <p class='ocr_par' dir='ltr' id='par_1_11' title="bbox 224 3399 1373 3486">
     <span class='ocr_line' id='line_1_25' title="bbox 224 3399 1373 3486; baseline 0.001 -23"><span class='ocrx_word' id='word_1_198' title='bbox 224 3444 231 3455; x_wconf 80' lang='lat'><strong>.</strong></span> <span class='ocrx_word' id='word_1_199' title='bbox 318 3399 451 3474; x_wconf 88' lang='lat' dir='ltr'>niensis,</span> <span class='ocrx_word' id='word_1_200' title='bbox 466 3399 541 3464; x_wconf 89' lang='lat' dir='ltr'>ilioo</span> <span class='ocrx_word' id='word_1_201' title='bbox 563 3420 757 3485; x_wconf 88' lang='lat' dir='ltr'>responsum</span> <span class='ocrx_word' id='word_1_202' title='bbox 779 3405 831 3464; x_wconf 91' lang='lat' dir='ltr'>est</span> <span class='ocrx_word' id='word_1_203' title='bbox 849 3400 937 3484; x_wconf 90' lang='lat' dir='ltr'>quod</span> <span class='ocrx_word' id='word_1_204' title='bbox 959 3399 1002 3465; x_wconf 83' lang='lat' dir='ltr'>ed</span> <span class='ocrx_word' id='word_1_205' title='bbox 1022 3421 1135 3485; x_wconf 84' lang='lat' dir='ltr'>peoem</span> <span class='ocrx_word' id='word_1_206' title='bbox 1150 3399 1373 3486; x_wconf 76' lang='lat' dir='ltr'>recipiendam</span> 
     </span>
    </p>
   </div>
   <div class='ocr_carea' id='block_1_11' title="bbox 318 3497 1535 4503">
    <p class='ocr_par' dir='ltr' id='par_1_12' title="bbox 318 3497 1535 4503">
     <span class='ocr_line' id='line_1_26' title="bbox 318 3497 1372 3584; baseline 0.003 -21"><span class='ocrx_word' id='word_1_207' title='bbox 318 3521 385 3563; x_wconf 93' lang='lat' dir='ltr'>non</span> <span class='ocrx_word' id='word_1_208' title='bbox 411 3497 478 3565; x_wconf 71' lang='grc' dir='ltr'>ιιι1</span> <span class='ocrx_word' id='word_1_209' title='bbox 504 3499 704 3584; x_wconf 80' lang='lat' dir='ltr'>litigandum</span> <span class='ocrx_word' id='word_1_210' title='bbox 727 3504 839 3565; x_wconf 89' lang='lat' dir='ltr'>essent</span> <span class='ocrx_word' id='word_1_211' title='bbox 864 3500 1018 3566; x_wconf 75' lang='lat' dir='ltr'>monaehi</span> <span class='ocrx_word' id='word_1_212' title='bbox 1040 3500 1084 3566; x_wconf 82' lang='lat' dir='ltr'>ed</span> <span class='ocrx_word' id='word_1_213' title='bbox 1106 3501 1233 3566; x_wconf 80' lang='lat' dir='ltr'>ouriem</span> <span class='ocrx_word' id='word_1_214' title='bbox 1255 3502 1372 3567; x_wconf 79' lang='lat' dir='ltr'>voosti.</span> 
     </span>
     <span class='ocr_line' id='line_1_27' title="bbox 319 3599 1374 3687; baseline 0.004 -24"><span class='ocrx_word' id='word_1_215' title='bbox 319 3599 398 3665; x_wconf 90' lang='lat' dir='ltr'>Post</span> <span class='ocrx_word' id='word_1_216' title='bbox 427 3600 538 3665; x_wconf 78' lang='lat' dir='ltr'>varios</span> <span class='ocrx_word' id='word_1_217' title='bbox 568 3599 687 3665; x_wconf 91' lang='lat' dir='ltr'>deinde</span> <span class='ocrx_word' id='word_1_218' title='bbox 724 3620 891 3665; x_wconf 88' lang='lat' dir='ltr'>sermones</span> <span class='ocrx_word' id='word_1_219' title='bbox 925 3601 1073 3686; x_wconf 89' lang='lat' dir='ltr'>undique</span> <span class='ocrx_word' id='word_1_220' title='bbox 1111 3601 1265 3687; x_wconf 77' lang='lat' dir='ltr'>prolatos,</span> <span class='ocrx_word' id='word_1_221' title='bbox 1299 3623 1374 3668; x_wconf 89' lang='lat' dir='ltr'>oum</span> 
     </span>
     <span class='ocr_line' id='line_1_28' title="bbox 319 3701 1375 3788; baseline 0.002 -22"><span class='ocrx_word' id='word_1_222' title='bbox 319 3701 495 3767; x_wconf 69' lang='lat' dir='ltr'>monachos</span> <span class='ocrx_word' id='word_1_223' title='bbox 524 3702 744 3787; x_wconf 80' lang='lat' dir='ltr'>interrogaret</span> <span class='ocrx_word' id='word_1_224' title='bbox 776 3723 854 3766; x_wconf 87' lang='lat' dir='ltr'>rex</span> <span class='ocrx_word' id='word_1_225' title='bbox 868 3723 913 3765; x_wconf 84' lang='lat' dir='ltr'>en</span> <span class='ocrx_word' id='word_1_226' title='bbox 947 3723 1061 3787; x_wconf 87' lang='lat' dir='ltr'>psoem</span> <span class='ocrx_word' id='word_1_227' title='bbox 1095 3709 1289 3788; x_wconf 74' lang='lat' dir='ltr'>quaererent,</span> <span class='ocrx_word' id='word_1_228' title='bbox 1321 3704 1375 3770; x_wconf 84' lang='lat' dir='ltr'>vel</span> 
     </span>
     <span class='ocr_line' id='line_1_29' title="bbox 320 3805 1535 3911; baseline 0.002 -41"><span class='ocrx_word' id='word_1_229' title='bbox 320 3807 401 3892; x_wconf 93' lang='lat' dir='ltr'>quid</span> <span class='ocrx_word' id='word_1_230' title='bbox 431 3807 475 3871; x_wconf 85' lang='lat' dir='ltr'>eb</span> <span class='ocrx_word' id='word_1_231' title='bbox 506 3805 750 3892; x_wconf 83' lang='lat' dir='ltr'>archiepiscopo</span> <span class='ocrx_word' id='word_1_232' title='bbox 781 3812 941 3891; x_wconf 89' lang='lat' dir='ltr'>peterent,</span> <span class='ocrx_word' id='word_1_233' title='bbox 974 3806 1154 3873; x_wconf 74' lang='lat' dir='ltr'>monachus</span> <span class='ocrx_word' id='word_1_234' title='bbox 1183 3809 1460 3910; x_wconf 65' lang='lat' dir='ltr'>r⁰⁸l³⁰¹¹dil²m000</span> <span class='ocrx_word' id='word_1_235' title='bbox 1368 3815 1445 3860; x_wconf 49' lang='lat' dir='ltr'>wana</span> <span class='ocrx_word' id='word_1_236' title='bbox 1445 3815 1505 3911; x_wconf 61' lang='lat' dir='ltr'>ogd</span> <span class='ocrx_word' id='word_1_237' title='bbox 1511 3820 1535 3861; x_wconf 71' lang='grc' dir='ltr'>οι</span> 
     </span>
     <span class='ocr_line' id='line_1_30' title="bbox 321 3867 1533 4020; baseline 0.004 -49.141"><span class='ocrx_word' id='word_1_238' title='bbox 321 3907 541 3993; x_wconf 85' lang='lat' dir='ltr'>“Inprimis</span> <span class='ocrx_word' id='word_1_239' title='bbox 566 3907 712 3993; x_wconf 88' lang='lat' dir='ltr'>petimus</span> <span class='ocrx_word' id='word_1_240' title='bbox 734 3907 981 3973; x_wconf 89' lang='lat' dir='ltr'>demolitionem</span> <span class='ocrx_word' id='word_1_241' title='bbox 1005 3908 1139 3994; x_wconf 80' lang='lat' dir='ltr'>ospellae</span> <span class='ocrx_word' id='word_1_242' title='bbox 1169 3930 1244 3994; x_wconf 79' lang='lat' dir='ltr'>quse</span> <span class='ocrx_word' id='word_1_243' title='bbox 1269 3911 1374 3975; x_wconf 89' lang='lat' dir='ltr'>totius</span> <span class='ocrx_word' id='word_1_244' title='bbox 1386 3867 1533 4020; x_wconf 49' lang='grc' dir='ltr'>ξέἷῑξξῃῃέω</span> 
     </span>
     <span class='ocr_line' id='line_1_31' title="bbox 322 3998 1374 4095; baseline 0.004 -22"><span class='ocrx_word' id='word_1_245' title='bbox 322 4016 337 4043; x_wconf 85' lang='grc'>“</span> <span class='ocrx_word' id='word_1_246' title='bbox 361 4009 441 4073; x_wconf 82' lang='lat' dir='ltr'>mali</span> <span class='ocrx_word' id='word_1_247' title='bbox 471 3998 572 4093; x_wconf 88' lang='lat' dir='ltr'>hujus</span> <span class='ocrx_word' id='word_1_248' title='bbox 602 4008 736 4074; x_wconf 90' lang='lat' dir='ltr'>initium</span> <span class='ocrx_word' id='word_1_249' title='bbox 768 4013 839 4088; x_wconf 90' lang='lat' dir='ltr'>est;</span> <span class='ocrx_word' id='word_1_250' title='bbox 868 4008 987 4074; x_wconf 89' lang='lat' dir='ltr'>deinde</span> <span class='ocrx_word' id='word_1_251' title='bbox 1014 4009 1253 4095; x_wconf 91' lang='lat' dir='ltr'>depositionem</span> <span class='ocrx_word' id='word_1_252' title='bbox 1283 4011 1374 4077; x_wconf 90' lang='lat' dir='ltr'>illius</span> 
     </span>
     <span class='ocr_line' id='line_1_32' title="bbox 321 4110 1374 4197; baseline 0.003 -22"><span class='ocrx_word' id='word_1_253' title='bbox 321 4120 337 4145; x_wconf 87' lang='lat'><strong>“</strong></span> <span class='ocrx_word' id='word_1_254' title='bbox 361 4133 458 4197; x_wconf 91' lang='lat' dir='ltr'>quem</span> <span class='ocrx_word' id='word_1_255' title='bbox 481 4110 605 4196; x_wconf 84' lang='lat' dir='ltr'>absque</span> <span class='ocrx_word' id='word_1_256' title='bbox 631 4111 759 4177; x_wconf 82' lang='lat' dir='ltr'>rotione</span> <span class='ocrx_word' id='word_1_257' title='bbox 785 4115 820 4175; x_wconf 91' lang='lat' dir='ltr'>et</span> <span class='ocrx_word' id='word_1_258' title='bbox 845 4115 961 4176; x_wconf 82' lang='lat' dir='ltr'>oontre</span> <span class='ocrx_word' id='word_1_259' title='bbox 990 4133 1113 4177; x_wconf 87' lang='lat' dir='ltr'>morem</span> <span class='ocrx_word' id='word_1_260' title='bbox 1140 4111 1285 4178; x_wconf 86' lang='lat' dir='ltr'>eoelesise</span> <span class='ocrx_word' id='word_1_261' title='bbox 1314 4134 1374 4179; x_wconf 92' lang='lat' dir='ltr'>no·</span> 
     </span>
     <span class='ocr_line' id='line_1_33' title="bbox 320 4211 1373 4301; baseline 0.002 -23"><span class='ocrx_word' id='word_1_262' title='bbox 320 4222 339 4249; x_wconf 85' lang='lat'><em>“</em></span> <span class='ocrx_word' id='word_1_263' title='bbox 360 4211 527 4278; x_wconf 68' lang='lat' dir='ltr'>mimvir2</span> <span class='ocrx_word' id='word_1_264' title='bbox 544 4214 694 4299; x_wconf 84' lang='lat' dir='ltr'>priorem.</span> <span class='ocrx_word' id='word_1_265' title='bbox 740 4213 887 4279; x_wconf 87' lang='lat' dir='ltr'>Petimus</span> <span class='ocrx_word' id='word_1_266' title='bbox 908 4213 1009 4278; x_wconf 83' lang='lat' dir='ltr'>etiem</span> <span class='ocrx_word' id='word_1_267' title='bbox 1032 4236 1084 4279; x_wconf 90' lang='lat' dir='ltr'>res</span> <span class='ocrx_word' id='word_1_268' title='bbox 1099 4219 1134 4280; x_wconf 88' lang='lat' dir='ltr'>et</span> <span class='ocrx_word' id='word_1_269' title='bbox 1155 4217 1373 4301; x_wconf 88' lang='lat' dir='ltr'>possessiones</span> 
     </span>
     <span class='ocr_line' id='line_1_34' title="bbox 321 4313 1373 4384; baseline 0.005 -5"><span class='ocrx_word' id='word_1_270' title='bbox 321 4322 338 4349; x_wconf 85' lang='lat'>“</span> <span class='ocrx_word' id='word_1_271' title='bbox 360 4315 455 4379; x_wconf 91' lang='lat' dir='ltr'>nobis</span> <span class='ocrx_word' id='word_1_272' title='bbox 478 4314 615 4380; x_wconf 76' lang='lat' dir='ltr'>oblatus.</span> <span class='ocrx_word' id='word_1_273' title='bbox 661 4314 810 4380; x_wconf 86' lang='lat' dir='ltr'>Petimus</span> <span class='ocrx_word' id='word_1_274' title='bbox 833 4313 983 4380; x_wconf 76' lang='lat' dir='ltr'>eeclesias</span> <span class='ocrx_word' id='word_1_275' title='bbox 1011 4321 1046 4381; x_wconf 90' lang='lat' dir='ltr'>et</span> <span class='ocrx_word' id='word_1_276' title='bbox 1071 4338 1114 4380; x_wconf 90' lang='lat' dir='ltr'>ex</span> <span class='ocrx_word' id='word_1_277' title='bbox 1142 4316 1195 4381; x_wconf 91' lang='lat' dir='ltr'>his</span> <span class='ocrx_word' id='word_1_278' title='bbox 1219 4318 1373 4384; x_wconf 92' lang='lat' dir='ltr'>omnibus</span> 
     </span>
     <span class='ocr_line' id='line_1_35' title="bbox 321 4416 1373 4503; baseline 0.004 -23"><span class='ocrx_word' id='word_1_279' title='bbox 321 4425 339 4451; x_wconf 90' lang='lat'><strong>“</strong></span> <span class='ocrx_word' id='word_1_280' title='bbox 361 4416 491 4481; x_wconf 87' lang='lat' dir='ltr'>fruetus</span> <span class='ocrx_word' id='word_1_281' title='bbox 512 4416 621 4482; x_wconf 88' lang='lat' dir='ltr'>medio</span> <span class='ocrx_word' id='word_1_282' title='bbox 642 4420 790 4503; x_wconf 90' lang='lat' dir='ltr'>tempore</span> <span class='ocrx_word' id='word_1_283' title='bbox 813 4422 991 4503; x_wconf 79' lang='lat' dir='ltr'>perceptos.</span> <span class='ocrx_word' id='word_1_284' title='bbox 1037 4417 1185 4482; x_wconf 88' lang='lat' dir='ltr'>Petimus</span> <span class='ocrx_word' id='word_1_285' title='bbox 1212 4424 1252 4483; x_wconf 91' lang='lat' dir='ltr'>ut</span> <span class='ocrx_word' id='word_1_286' title='bbox 1277 4420 1373 4485; x_wconf 89' lang='lat' dir='ltr'>nobis</span> 
     </span>
    </p>
   </div>
   <div class='ocr_carea' id='block_1_12' title="bbox 321 4519 1372 4605">
    <p class='ocr_par' dir='ltr' id='par_1_13' title="bbox 321 4519 1372 4605">
     <span class='ocr_line' id='line_1_36' title="bbox 321 4519 1372 4605; baseline 0.003 -21"><span class='ocrx_word' id='word_1_287' title='bbox 321 4525 340 4555; x_wconf 91' lang='lat'><em>“</em></span> <span class='ocrx_word' id='word_1_288' title='bbox 362 4519 584 4585; x_wconf 82' lang='lat' dir='ltr'>restituentur</span> <span class='ocrx_word' id='word_1_289' title='bbox 609 4519 762 4585; x_wconf 75' lang='lat' dir='ltr'>monaehi</span> <span class='ocrx_word' id='word_1_290' title='bbox 785 4520 890 4586; x_wconf 88' lang='lat' dir='ltr'>nostri</span> <span class='ocrx_word' id='word_1_291' title='bbox 914 4524 949 4586; x_wconf 91' lang='lat' dir='ltr'>et</span> <span class='ocrx_word' id='word_1_292' title='bbox 972 4519 1087 4585; x_wconf 78' lang='lat' dir='ltr'>famuli</span> <span class='ocrx_word' id='word_1_293' title='bbox 1111 4541 1192 4605; x_wconf 88' lang='lat' dir='ltr'>quos</span> <span class='ocrx_word' id='word_1_294' title='bbox 1218 4520 1372 4587; x_wconf 88' lang='lat' dir='ltr'>dominus</span> 
     </span>
    </p>
   </div>
   <div class='ocr_carea' id='block_1_13' title="bbox 845 4777 1285 4846">
    <p class='ocr_par' dir='ltr' id='par_1_14' title="bbox 845 4777 1285 4846">
     <span class='ocr_line' id='line_1_37' title="bbox 845 4777 1285 4846; baseline 0.005 -18"><span class='ocrx_word' id='word_1_295' title='bbox 845 4779 850 4846; x_wconf 88' lang='grc' dir='ltr'>Ι</span> <span class='ocrx_word' id='word_1_296' title='bbox 896 4777 1066 4844; x_wconf 51' lang='lat' dir='ltr'>’maiorem</span> <span class='ocrx_word' id='word_1_297' title='bbox 1081 4778 1243 4841; x_wconf 73' lang='lat' dir='ltr'>nominasset,</span> <span class='ocrx_word' id='word_1_298' title='bbox 1254 4779 1285 4832; x_wconf 82' lang='lat' dir='ltr'>O.</span> 
     </span>
    </p>
   </div>
   <div class='ocr_carea' id='block_1_14' title="bbox 0 0 1818 5728">
    <p class='ocr_par' dir='ltr' id='par_1_15' title="bbox 0 0 1818 5728">
     <span class='ocr_line' id='line_1_38' title="bbox 0 0 1818 5728; baseline 0 0"><span class='ocrx_word' id='word_1_299' title='bbox 0 0 1818 5728; x_wconf 95' lang='lat' dir='ltr'> </span> 
     </span>
    </p>
   </div>
  </div>
 </body>
</html>
