3588 5740
408 876 474 941 536
609 883 773 937 unsvssn
795 883 956 936 nossem
978 880 1253 935 cssrummrers

257 1071 664 1131 sn.11a“celestinus¹
693 1071 857 1168 episcopus,
890 1087 992 1128 servus
1024 1086 1174 1125 servorum
1203 1067 1269 1138 Dei,
1300 1066 1464 1126 venerabili

240 1145 420 1240 'ffl'ssemffie‘
425 1158 539 1214 ‘fratri
556 1156 732 1215 cicestrensi
750 1156 895 1229 episcopo,
915 1161 946 1211 et
965 1153 1082 1211 dilectis
1106 1153 1176 1209 filiis
1200 1152 1236 1210 de
1261 1153 1410 1224 Badinges
1434 1156 1465 1209 et

242 1244 359 1298 sshopot
412 1242 487 1297 “de
504 1241 654 1298 Waithsm
679 1238 843 1306 abbatibus,
869 1239 994 1295 salutem
1018 1244 1049 1295 et
1073 1236 1261 1310 apostolicam
1285 1235 1464 1293 benedictio·

242 1297 377 1391 whom
412 1327 432 1354 “
449 1343 527 1381 nem
566 1324 680 1381 Summi
698 1322 843 1397 pontificis
863 1321 1057 1378 moderamini
1071 1321 1203 1378 noscitur
1220 1320 1381 1393 plurimum
1398 1337 1465 1376 con·

241 1397 432 1499 ffll’ssnff
452 1409 563 1476 venire,
594 1414 637 1473 ut,
660 1407 737 1464 sicut
769 1424 788 1462 a
816 1406 1030 1463 successoribus
1062 1405 1123 1461 suis
1153 1422 1219 1476 quas
1250 1403 1466 1460 rationabiliter

241 1459 368 1547 walthan,
411 1496 432 1522 “
451 1490 555 1549 statuit
573 1492 719 1548 desiderat
736 1491 894 1559 observari,
917 1491 962 1546 ita
980 1490 1226 1562 predecessorum
1249 1506 1369 1545 suornm
1391 1488 1467 1543 bane

413 1578 611 1633 “constituta
633 1589 663 1632 et
687 1577 802 1632 ratione
827 1575 939 1648 previa
966 1573 1184 1631 deliberationis
1205 1572 1334 1647 providas
1355 1570 1468 1644 judicio

413 1662 432 1689 “
451 1661 582 1718 stabilita
606 1660 712 1717 debeat
734 1660 945 1716 inviolabiliter
968 1659 1122 1716 custodire.
1159 1656 1236 1714 Cum
1253 1658 1354 1730 itaque
1371 1656 1466 1713 felicis

414 1747 434 1774 “
453 1744 604 1802 memorias
622 1745 762 1801 Urbanus
779 1750 810 1801 et
828 1744 964 1801 Clemens
980 1742 1209 1815 predecessores
1228 1742 1322 1799 nostri
1343 1740 1468 1797 redifica-

414 1832 434 1858 “
452 1830 562 1885 tionem
580 1846 664 1885 novae
682 1829 822 1900 capelloe²
838 1834 870 1885 et
886 1827 1059 1885 clericorum
1078 1825 1294 1883 institutionem
1312 1826 1345 1881 in
1360 1825 1469 1898 praeju-

415 1915 435 1942 “
454 1912 565 1969 dicium
591 1918 751 1969 conventus
772 1913 906 1968 ecolesioe
933 1911 1153 1967 Cantnariensis
1176 1911 1293 1977 factam,
1313 1928 1379 1982 quse
1403 1927 1470 1981 gm-
1587 1966 1589 1969 .

413 2000 433 2026 “
453 2015 520 2054 vem
544 2014 645 2069 parere
670 1996 825 2052 videbatur
852 1996 1008 2052 materiam
1035 1995 1251 2062 scandalorum,
1279 1996 1316 2052 de
1345 1995 1469 2051 consilio

414 2082 435 2109 “
454 2082 580 2137 fratrum
598 2097 716 2136 suorum
734 2079 929 2136 cardinalium
950 2079 1132 2136 irritaverint
1152 2083 1184 2134 et
1204 2078 1369 2152 expressius
1392 2078 1469 2134 inhi-

416 2167 434 2192 “
453 2164 572 2220 buerint
593 2181 632 2219 ne
653 2163 689 2219 de
708 2170 813 2220 caetero
831 2164 915 2220 illam
934 2163 1077 2235 capellam
1093 2162 1291 2230 observarent,
1312 2180 1368 2219 neo
1384 2162 1418 2218 in
1434 2179 1472 2218 ea

416 2249 436 2275 “
455 2247 556 2304 divina
572 2246 668 2303 officia
693 2247 894 2304 celebrarent:
923 2265 987 2315 nos,
1013 2247 1146 2304 volentes
1173 2247 1251 2319 quod
1278 2247 1316 2303 ab
1340 2246 1414 2319 ipsis
1437 2246 1471 2301 in

416 2333 436 2361 “
455 2332 510 2387 hac
536 2336 620 2403 parte
645 2331 776 2388 noscitur
800 2331 965 2388 stabilitum
991 2336 1133 2403 perpetua
1158 2331 1299 2386 firmitate
1328 2329 1470 2402 pudere,

417 2417 437 2444 “
456 2419 555 2471 ratum
578 2415 610 2470 id
634 2421 665 2471 et
688 2415 807 2471 firmum
832 2415 983 2481 habemus,
1008 2419 1039 2470 et
1063 2415 1128 2470 sine
1151 2414 1349 2486 refragatione
1373 2413 1471 2486 cujus·

417 2506 437 2532 ⁴⁸
457 2522 545 2576 qnam
562 2503 751 2576 precipimus
769 2503 935 2568 observari;
953 2508 983 2559 et
1008 2502 1079 2574 quia
1095 2502 1236 2575 quicquid
1259 2520 1295 2558 ex
1314 2519 1350 2559 eo
1373 2502 1471 2574 sequi·

418 2588 508 2643 “tur
531 2587 578 2643 vel
603 2588 640 2643 ob
664 2588 696 2643 id
707 2586 785 2658 quod
801 2587 1009 2659 prohibitionis
1026 2592 1176 2660 perpetuas
1198 2586 1335 2643 csusam'
1352 2587 1471 2653 habens,

419 2672 438 2700 “
457 2671 651 2728 interdicente
672 2689 783 2728 canone
803 2689 821 2727 a
841 2671 962 2727 summis
979 2671 1164 2744 pontificibus
1181 2672 1350 2736 constituto,
1361 2671 1472 2727 lactum

419 2757 439 2783 “
459 2760 512 2822 est,
532 2772 647 2812 cassum
665 2760 696 2811 et
713 2755 820 2812 inutile
836 2754 983 2811 canonica
998 2755 1133 2828 judicant
1153 2755 1327 2822 sanctiones,
1344 2761 1377 2812 et
1393 2755 1472 2811 idem

420 2839 469 2867 “
456 2857 526 2911 Jura
543 2840 652 2896 etiam⁴
669 2839 770 2896 civilia
786 2844 996 2912 protestantur,
1015 2839 1184 2896 discretioni
1201 2845 1308 2895 vesmse
1327 2857 1381 2912 per
1404 2857 1472 2912 apo·

420 2923 440 2950 ‘⁶
459 2923 564 2980 stolica
584 2922 694 2995 scripta
713 2921 910 2995 precipiendo
930 2922 1111 2988 mandamus,
1130 2923 1267 2996 quatinus
1290 2923 1412 2979 clericos
1435 2923 1472 2979 de

419 3008 441 3035 ‘
460 3006 589 3062 Lamhee
600 3023 619 3061 a
627 2994 794 3078 juramento
806 3005 843 3061 de
855 3005 1057 3062 observatione
1067 3023 1152 3062 novse
1165 3006 1286 3078 capella
1303 3005 1472 3062 Baldevino

421 3093 440 3119 ‘⁶
460 3090 609 3161 quondam
625 3089 829 3146 cantuariensi
846 3090 1063 3162 archiepiscopo
1077 3090 1220 3164 prestito,
1235 3090 1412 3146 anctoritate
1429 3108 1473 3147 se·

422 3175 441 3203 ‘⁸
460 3173 506 3230 dis
524 3173 690 3245 apostolica
708 3172 887 3230 denuntietis
904 3174 1021 3246 publico
1043 3174 1199 3240 absolutos,
1218 3192 1254 3231 ex
1273 3180 1357 3249 parte
1373 3180 1474 3231 nostra

422 3259 440 3286 “
461 3263 591 3314 cessante
603 3257 798 3331 appellatione
815 3257 859 3313 eis
870 3257 1034 3315 districtius
1050 3259 1247 3332 injungentes,
1259 3276 1297 3316 ne
1313 3260 1351 3317 de
1366 3266 1474 3317 stetero

421 3344 441 3371 “
460 3359 566 3398 novam
592 3342 734 3414 capellam
757 3341 813 3398 vel·
830 3342 984 3398 ecclesiam
1010 3342 1047 3399 de
1071 3344 1201 3400 Lamhee
1226 3344 1353 3402 debeant
1377 3345 1473 3401 obser·

421 3426 441 3453 ‘⁴
459 3443 602 3492 vare,neo
619 3444 673 3500 per
691 3443 722 3482 se
739 3442 792 3482 neo
810 3443 863 3498 per
883 3442 952 3482 suos
969 3426 1002 3482 in
1022 3444 1058 3483 sa
1075 3427 1199 3484 ulterius
1218 3428 1407 3494 ministrares
1425 3446 1474 3486 eos

422 3510 442 3536 “
460 3509 655 3566 ecclesiastica
672 3526 795 3566 censura
812 3509 952 3567 dilatione
975 3516 1006 3566 et
1026 3511 1221 3583 appellatione
1243 3513 1405 3586 postposito
1427 3530 1474 3570 oo·

421 3594 441 3622 “
460 3599 589 3649 arcentes
626 3593 677 3664 qui
706 3593 843 3649 mandato
879 3598 980 3650 nostro
1010 3593 1148 3651 duxerint
1183 3595 1349 3652 contraire:
1384 3597 1475 3653 nullis

253 3676 330 3721 nstsu
422 3677 569 3733 “litteris
597 3677 780 3735 obstantibus
805 3679 911 3734 harum
928 3682 1031 3734 tenore
1056 3679 1148 3735 tacito
1172 3696 1191 3734 a
1220 3680 1291 3736 sede
1315 3681 1476 3755 apostolica

253 3729 409 3779 mmm
423 3764 442 3790 “
461 3760 636 3834 impetratis.
683 3760 767 3830 Quod
795 3762 822 3817 si
851 3779 951 3818 omnes
987 3763 1035 3818 his
1070 3764 1246 3836 exequendis
1280 3766 1476 3838 nequiveritis

422 3848 443 3874 “
462 3846 613 3911 interesse,
632 3845 690 3901 dno
708 3851 840 3902 vestrum
859 3863 895 3901 ea
912 3845 1122 3904 nichilominus
1144 3855 1330 3920 exequantur.
1366 3851 1476 3907 Datum

423 3933 442 3960 ‘⁴
462 3930 564 3986 Roma
582 3929 660 4002 apud
679 3928 820 3986 Sanctum
846 3930 977 3997 Petrum,
996 3932 1069 3987 xvii⁰
1086 3932 1227 3989 kalendas
1244 3933 1339 4002 lunii,
1358 3936 1476 4008 pontifi·

423 4017 545 4070 “catus
563 4013 658 4069 nostri
674 4030 752 4069 anno
769 4014 926 4071 secundol’

467 4099 532 4164 His
554 4105 589 4165 et
621 4097 696 4163 aliis
722 4097 764 4164 de
794 4099 901 4165 causis
932 4097 1182 4193 Osntuariensis
1211 4101 1477 4191 archiepiscopus

422 4201 534 4268 animo
556 4200 730 4278 fluctuans,
753 4204 793 4266 ut
814 4206 968 4268 neutram
997 4207 1127 4291 partem
1158 4205 1340 4271 offenderet
1361 4227 1477 4273 mona·

421 4302 584 4371 chorum⁵
604 4302 661 4368 vel
686 4301 878 4370 clericomm
900 4309 936 4371 et
964 4306 1099 4394 utrique
1128 4307 1282 4394 placeret
1305 4311 1478 4397 proposuit

457 4564 467 4598 ¹
482 4561 638 4630 caman]
652 4561 702 4615 See
721 4560 846 4627 Epistola
862 4560 929 4613 Cun-
1005 4563 1139 4632 'cassim
1155 4580 1238 4628 causa
1251 4566 1293 4619 0.,

401 4706 404 4713 Ι
425 4641 576 4701 menses,
585 4641 635 4693 No.
646 4640 778 4703 cccxcvii,
788 4658 813 4707 p.
825 4646 884 4693 ael.
1005 4642 1016 4674 ⁴
1027 4641 1115 4710 stam]
1130 4658 1181 4695 om.
1193 4646 1225 4698 C.

425 4720 604 4868 mjrcgqpqttpn
623 4723 655 4854 pp
681 4721 817 4785 husen,
838 4721 870 4771 Β.
1005 4722 1208 4793 ‘msam
1223 4724 1387 4791 scilicet,ins
1399 4726 1430 4781 0.
