3666 5724
707 911 820 968 orusl
843 918 1036 970 nrsroaros.
1334 898 1398 972 359

352 1106 371 1131 ‘⁴
390 1111 455 1161 tum
478 1105 557 1161 sedis
582 1106 748 1177 spostouoae
773 1112 843 1161 sunt
866 1111 984 1178 peracta
1012 1106 1178 1178 relinquere
1202 1107 1337 1162 nolumus
1358 1107 1400 1160 in-
1433 1113 1552 1157 nullst.

352 1191 371 1215 “
390 1197 528 1254 correcte,
547 1191 642 1246 eidem
660 1186 878 1264 archiepiscopo
898 1193 1056 1265 apostolica
1073 1193 1246 1247 auctoritate
1265 1193 1403 1265 praecepi·
1416 1164 1525 1206 naman

352 1275 371 1300 “
391 1292 466 1340 mus,
487 1275 624 1346 quatinus
636 1276 859 1347 suspensionum
877 1278 1038 1333 sententias
1051 1283 1111 1332 tam
1129 1277 1160 1331 in
1171 1277 1298 1348 priorem
1316 1294 1404 1331 uuam

351 1361 371 1385 “
391 1358 422 1412 in
439 1359 513 1413 alios
531 1359 637 1414 fratres
655 1358 787 1430 ejusdem
806 1360 947 1426 ecclesiae,
968 1367 1035 1432 post
1053 1360 1277 1432 appellationem
1297 1359 1334 1414 ad
1352 1377 1403 1415 nos

353 1445 372 1469 “
391 1443 593 1514 interpositam
617 1443 828 1515 promulgatas,
855 1444 931 1499 infra
954 1463 982 1501 x.
1009 1445 1073 1499 dies
1103 1452 1169 1515 post
1193 1444 1404 1514 susceptionem

353 1529 371 1552 ‘⁴
391 1525 556 1582 litterarum
574 1532 740 1582 nostrarum
765 1526 881 1598 publice
899 1527 1053 1584 denuntiet
1075 1546 1134 1582 non
1151 1533 1260 1592 tenere,
1281 1534 1311 1582 et
1328 1527 1405 1598 quod

354 1611 372 1635 “
392 1615 459 1681 post
475 1610 601 1680 primam
619 1610 845 1681 appellationem
864 1610 895 1664 in
909 1610 986 1682 juris
1005 1628 1107 1666 eorum
1124 1609 1329 1683 praejudicium
1348 1610 1405 1665 lac·

353 1695 372 1718 “
392 1698 455 1748 tum
473 1697 519 1747 est
537 1693 568 1747 in
587 1699 694 1748 statum
715 1693 869 1764 pristinum
888 1693 1027 1750 reducere
1040 1712 1098 1749 non
1116 1695 1239 1749 omittat.
1277 1692 1406 1764 Ideoque

354 1776 560 1832 “discretioni
589 1784 695 1833 vestra
725 1795 777 1848 per
800 1778 961 1849 apostoliea
991 1778 1101 1849 scripta
1118 1776 1288 1833 mandamus
1318 1782 1406 1849 atque

347 1861 373 1934 ‘⁴‘
393 1860 587 1931 praecipimus,
601 1860 746 1931 quatinus,
767 1860 792 1915 si
805 1862 964 1932 proefatus¹
983 1858 1218 1934 archiepiscopus
1237 1860 1315 1915 infra
1332 1878 1405 1932 prae·

355 1946 373 1969 “
393 1944 535 2014 scriptum
560 1943 718 1998 terminum
743 1945 846 2015 exequi
870 1944 1018 2000 distulerit
1042 1945 1119 2016 quod
1142 1944 1326 2010 mandamus,
1353 1958 1405 1998 vos

353 2028 373 2052 “
393 2025 423 2080 id
442 2026 522 2080 omni
540 2025 678 2082 dilatione
696 2032 727 2081 et
744 2026 936 2098 appellatione
955 2028 1124 2098 postposita,
1145 2028 1307 2082 executioni
1325 2044 1404 2081 man·

354 2110 374 2134 “
393 2108 478 2174 detis,
503 2109 593 2164 nullis
617 2108 725 2165 litteris
749 2109 868 2165 veritati
887 2115 917 2164 et
936 2110 1059 2181 justitiae
1084 2108 1351 2181 praejudicantibus,
1379 2111 1405 2164 si

354 2194 372 2217 ‘⁴
392 2210 457 2263 quse
486 2193 674 2263 apparuerint
703 2210 721 2246 a
751 2192 820 2247 sede
851 2193 1013 2265 apostoliea
1042 2194 1215 2264 impetratae.
1266 2193 1349 2262 Quod
1379 2194 1405 2247 si

355 2278 374 2300 “
393 2292 493 2329 omnes
511 2275 558 2330 his
583 2274 758 2347 exequendis
782 2274 973 2346 nequiveritis
1010 2276 1159 2341 interesse,
1186 2275 1244 2331 duo
1269 2271 1406 2331 restrum

355 2360 374 2383 “
394 2375 429 2413 ea
463 2357 669 2413 nichilominus
706 2363 893 2429 exequantur.
949 2358 1057 2413 Datum
1103 2359 1228 2413 Veronae
1274 2358 1407 2414 kalendis

354 2444 374 2466 “
395 2440 525 2495 Martii.”

397 2524 540 2588 Veniens
556 2524 659 2609 igitur
673 2523 852 2589 monachus
868 2523 1002 2609 quidam
1019 2523 1543 2600 Cantuariensis,missuss1ms25‚

354 2649 375 2691 a
400 2632 565 2693 conventu
593 2647 667 2691 cum
697 2626 865 2711 praedictis
895 2625 1017 2691 litteris
1043 2627 1086 2691 ad
1116 2625 1405 2711 archiepiscopum,
1418 2618 1578 2719 ffssssgffio

354 2728 444 2813 apud
467 2727 621 2792 Otteford
647 2726 743 2790 viiiva
766 2726 926 2792 kalendas
950 2726 1076 2811 Aprilis
1105 2726 1211 2792 eidem
1246 2728 1405 2812 archiepi-
1419 2718 1535 2819 ffissffi

355 2851 451 2914 scopo
486 2828 611 2893 domini
644 2849 738 2914 papae
769 2827 898 2892 litteras
930 2828 1152 2914 praesentavit.
1208 2828 1336 2909 Quibus
1370 2829 1406 2894 in
1419 2818 1510 2863 ΟΜ·

354 2929 526 2995 audientia
554 2928 657 3006 lectis,
681 2951 757 2994 curn
780 2938 943 3014 quaereret
972 2930 1113 2995 nuntius
1136 2930 1217 3015 quid
1247 2931 1406 2996 mandato

355 3032 480 3098 domini
503 3054 598 3118 papae
615 3032 840 3116 responderet,
864 3038 899 3098 et
928 3033 1038 3099 elerici
1068 3032 1304 3119 archiepiscopi
1335 3056 1410 3099 oum

355 3134 543 3220 calumpnia
564 3133 655 3198 falaae
679 3133 900 3220 suggestionis
930 3134 1165 3200 contumeliose
1195 3156 1270 3201 eum
1297 3157 1410 3200 mona-

355 3235 416 3301 cho
439 3235 565 3300 vellent
594 3235 734 3322 litigare,
761 3235 1026 3322 archiepiscopus
1056 3236 1168 3303 decem
1200 3237 1310 3302 adhuc
1340 3238 1536 3302 die-rhemes-

1421 3297 1566 3349 wnserbes·
1589 3340 1593 3347 ,

356 3359 429 3401 rum
463 3337 609 3422 spatium
640 3358 674 3401 se
705 3335 827 3403 habere
861 3339 1038 3423 respondit.
1085 3338 1266 3404 Monachus
1296 3344 1408 3404 autem
1420 3347 1564 3441 maq-

356 3439 461 3504 sciens
476 3438 564 3523 quod
587 3437 739 3514 crastino,
755 3437 880 3504 scilicet
894 3439 985 3502 viimo
999 3438 1159 3520 kalendas
1174 3440 1308 3525 Aprilis,
1324 3440 1409 3505 Lon·
1420 3446 1556 3540 {ggigffl

356 3540 465 3605 doniae
497 3538 599 3604 vellet
630 3538 750 3604 crisma
781 3560 977 3616 consecrare,
1006 3540 1138 3624 rogavit
1169 3539 1340 3605 humiliter
1371 3546 1573 3604 utcwterburr·

329 3641 398 3706 -de
435 3662 525 3705 more
563 3645 806 3705 antecessorum
843 3660 976 3704 suorum
1011 3640 1130 3705 crisma
1163 3645 1410 3705 consecraturus

358 3741 573 3807 Cantuariam
589 3741 727 3817 veniret,
742 3741 796 3805 vel
820 3741 1007 3827 episcopum
1031 3741 1219 3806 Roffensem
1242 3747 1282 3806 ut
1304 3742 1410 3828 capel-

357 3842 470 3908 lanum
494 3843 636 3909 ecclesiae
659 3843 816 3919 mitteret,
832 3841 886 3905 vel
910 3840 1026 3906 saltem
1050 3842 1093 3907 ab
1116 3842 1250 3907 eeclesia
1276 3842 1412 3908 Rofensi

357 3946 476 4013 crisma
498 3945 621 4031 suscipi
642 3966 710 4010 non
732 3949 875 4031 negaret.
923 3944 1118 4010 Inauditum
1141 3951 1192 4010 eat
1213 3946 1302 4010 enim
1326 3945 1413 4011 Can·

282 4074 291 4081 ·
357 4049 557 4113 tuariensem
592 4046 759 4113 eeclesiam
793 4047 837 4110 ab
868 4045 1004 4113 ecelesia
1038 4046 1260 4112 Londoniensi
1294 4047 1412 4112 debere

357 4150 476 4217 crisma
497 4148 669 4235 suscipere,
685 4148 739 4214 vel
760 4147 853 4213 aliud
874 4147 1075 4234 hujusmodi,
1090 4171 1150 4215 suo
1172 4149 1317 4214 maxime
1337 4171 1410 4235 pro-

357 4252 430 4338 prio
452 4251 588 4316 vivente
611 4254 749 4336 pastore.
794 4250 1067 4336 Archiepiscopus
1088 4256 1201 4316 autern
1225 4251 1412 4337 indignans,
1424 4268 1462 4313 se
1470 4269 1563 4314 stass.

357 4354 461 4420 nichil
482 4353 601 4418 horum
623 4375 658 4418 se
672 4352 840 4418 facturum
856 4370 926 4417 esse
946 4353 1125 4439 respondit.
1172 4352 1236 4419 Cui
1255 4354 1413 4435 nuntius;

359 4465 375 4491 ¹¹
399 4452 541 4530 Nostis,'''
565 4453 683 4539 inquit,
707 4462 724 4487 “
737 4453 878 4531 domine,
908 4454 997 4539 quod
1027 4455 1071 4519 ab
1101 4454 1191 4519 omni
1221 4455 1413 4540 gravamine

358 4566 375 4593 ¹⁴
394 4556 466 4643 jam
489 4554 609 4641 saepius
631 4554 836 4641 appellatum
858 4554 910 4620 sit.
958 4554 1042 4621 Cum
1067 4556 1169 4642 igitur
1192 4556 1227 4620 in
1242 4557 1413 4623 audientia

675 4820 683 4854 ¹
695 4822 832 4890 prefatus]
848 4830 1009 4886 memoratus,
1024 4823 1055 4877 O·
