3628 5728
435 862 500 925 430
634 875 797 924 eanvasu
820 875 984 925 ιιοιιιοιιι
1008 874 1284 926 cauruaarnusrs

278 1054 333 1099 ¹³⁰·
341 1056 400 1100 ¹¹⁸⁸*
432 1065 664 1152 relinquentes,
679 1087 749 1131 non
769 1065 875 1131 solum
898 1065 1196 1152 peregrinationem
1219 1066 1277 1132 sed
1300 1071 1336 1133 et
1349 1072 1489 1134 mortem

265 1164 401 1257 ξξῃω
367 1216 408 1259 ,h
431 1169 593 1234 sustinere
609 1170 824 1234 meruerunt?
871 1167 953 1248 Quis
977 1167 1099 1253 majore
1122 1168 1249 1234 fervere
1271 1171 1385 1256 potuit
1406 1170 1488 1236 cari·

268 1265 374 1316 ''¹⁸¹”0‘
431 1275 501 1336 tate
533 1293 633 1357 quam
665 1271 737 1358 ipsi,
761 1270 819 1356 qui
850 1291 912 1357 pro
944 1269 1066 1335 honore
1097 1270 1162 1336 Dei
1184 1277 1219 1336 et
1241 1292 1301 1357 pro
1331 1271 1489 1339 fratribus

430 1374 498 1437 suis
521 1380 713 1439 meruerunt
735 1372 864 1438 animas
885 1375 1031 1458 penerel
1077 1370 1144 1437 Sed
1162 1372 1248 1457 justi
1274 1373 1398 1459 judiois
1424 1374 1488 1440 Dei

430 1476 622 1541 consistorio
645 1473 933 1541 determinandum
956 1478 1015 1551 est
1039 1474 1121 1560 quid
1145 1473 1284 1560 quisque
1306 1474 1361 1541 vel
1384 1496 1487 1561 quan·

430 1583 502 1641 tum
518 1578 554 1642 in
570 1578 705 1663 praemio
721 1576 841 1642 debeat
863 1577 1013 1662 optinere
1036 1575 1095 1660 qui
1117 1596 1177 1662 pro
1200 1574 1272 1642 Deo
1287 1581 1322 1642 et
1336 1577 1487 1662 proximo

429 1679 553 1767 seipsos
575 1679 819 1765 impenderunt.

475 1781 624 1847 Audiens
653 1787 765 1846 autem
788 1778 959 1866 episeopus
984 1778 1173 1845 Hostiensis
1205 1779 1348 1866 priorem
1372 1779 1487 1847 Hono-

429 1883 516 1947 rium
545 1882 617 1969 jam
651 1888 820 1948 mortuum
843 1886 879 1946 et
914 1881 1093 1968 sepultum,
1123 1882 1282 1948 anxiatus
1303 1882 1485 1969 plurimum

261 1968 358 2072 3ξὲξο
351 1968 417 2063 ,⁰5⁰¹
429 1986 579 2051 redivivo
613 1985 770 2071 languore
800 1990 970 2070 correptus
1001 1989 1060 2064 est,
1088 1988 1123 2049 et
1152 1989 1228 2070 post
1261 1984 1331 2050 dies
1365 2005 1486 2071 paucos

261 2069 333 2113 ⁰⁸²¹*
428 2087 464 2152 in
498 2109 577 2172 paee
611 2085 763 2173 quievit.l
824 2085 907 2166 Quis
945 2086 1051 2172 igitur
1091 2107 1159 2152 non
1200 2085 1411 2173 obstupescat
1440 2087 1484 2152 ad

428 2188 523 2254 haeol
569 2186 818 2254 cantuariensis
841 2185 986 2254 eoelesiae
1014 2206 1114 2253 eausa
1145 2186 1217 2271 jam
1244 2186 1305 2252 soli
1340 2187 1411 2252 Deo
1434 2209 1483 2252 re·

428 2289 507 2355 licta
530 2293 588 2368 est,
612 2310 686 2354 oum
722 2310 763 2353 ex
800 2294 853 2354 tot
885 2288 1000 2354 amicis
1027 2292 1062 2354 et
1095 2287 1264 2353 monachis
1295 2288 1355 2353 vix
1378 2311 1482 2354 unum

428 2390 534 2455 solum
571 2389 768 2456 monaahum
819 2395 853 2455 et
900 2389 1009 2475 ipsum
1055 2388 1250 2475 languidum
1294 2389 1484 2476 permiserit

262 2479 320 2523 ¹¹¹⁸⁰
272 2480 414 2574 fflfflm
427 2514 496 2557 esse
519 2492 737 2578 superstitem.
795 2490 980 2556 Tribulatio
1013 2490 1086 2556 haeo
1120 2497 1190 2555 ιιιιι
1224 2512 1378 2577 praeoeps,
1411 2497 1480 2557 tam

426 2615 515 2659 saeva
546 2594 722 2659 videbatur
755 2599 790 2659 et
823 2592 943 2670 valida
975 2597 1016 2657 ut
1056 2593 1093 2657 in
1125 2591 1397 2657 Cantuariensem
1431 2615 1482 2659 eo·

427 2696 558 2762 elesiam
584 2717 701 2761 manus
739 2693 875 2761 Domini
909 2693 1080 2759 videretur
1100 2698 1246 2759 extenta
1293 2693 1339 2759 Et
1365 2715 1481 2779 quam-

426 2798 478 2862 vis
500 2796 685 2863 mortalitas
707 2798 779 2864 haeo
800 2795 961 2862 nonnulla
983 2794 1076 2861 milia
1097 2794 1270 2861 hominum
1290 2797 1482 2882 peremisset

425 2899 460 2963 in
493 2898 622 2985 populo,
646 2903 758 2964 temen
792 2903 926 2984 propter
956 2896 1094 2962 nimiam
1121 2901 1156 2961 et
1181 2896 1388 2983 inopinatam
1411 2919 1480 2963 mo-

424 2999 605 3065 nechoram
635 2998 876 3084 oppressionem
910 3003 945 3063 et
978 2997 1146 3063 insolitam
1169 2997 1362 3062 nuntiorum
1394 2997 1480 3064 Can·

425 3100 601 3166 tnariensis
622 3099 857 3187 arehiepiseopi
881 3099 1065 3177 elationem,
1081 3098 1267 3185 apluribus
1290 3098 1479 3167 dioebatur:

257 3294 358 3390 OQ,
371 3297 442 3340 our
426 3200 550 3367 “-Eepge
559 3222 709 3380 tpaam
695 3200 860 3268 malitiosa
890 3201 1206 3369 espmplrohiepisoopi
1230 3201 1480 3268 Cantauriensis

435 3310 501 3368 ‘m
535 3324 607 3367 no
676 3302 711 3366 ui
749 3323 824 3369 oum
862 3324 916 3367 mo
1002 3325 1038 3369 os
1075 3323 1151 3368 suos
1187 3324 1297 3369 rerum
1331 3304 1478 3369 omnium

257 3348 339 3399 eorm
340 3359 386 3399 ωε
425 3405 578 3471 “ablata
600 3323 702 3490 eopia,
718 3403 804 3470 fame
826 3403 880 3470 vel
902 3404 1048 3482 infamio,
1063 3404 1118 3469 vel
1140 3404 1241 3469 etiam
1264 3425 1366 3471 manu
1388 3405 1480 3492 regia

425 3512 486 3572 “a
520 3506 577 3572 via
604 3505 751 3593 justitie·
783 3526 850 3573 non
887 3507 992 3591 possit
1022 3505 1161 3583 flectere,
1194 3505 1312 3571 saltem
1350 3528 1478 3572 veneno

425 3614 442 3642 “
466 3614 604 3674 conatur
626 3609 784 3674 evincere
786 3607 802 3632 ''
848 3607 931 3674 Haee
960 3613 1032 3674 erat
1058 3608 1094 3671 in
1116 3606 1239 3694 populo
1261 3608 1478 3695 plurimorum

424 3709 544 3827 opinio,
578 3710 652 3776 haee
685 3714 757 3774 erat
783 3708 855 3794 jam
887 3707 924 3772 in
956 3707 1052 3773 exitu
1083 3728 1190 3774 oausae
1229 3707 1478 3775 Cantuariensis

255 3828 381 3929 ffimu
424 3812 541 3896 prioris
579 3811 758 3897 occupatio.
820 3808 939 3876 Clerici
977 3814 1089 3876 autern
1127 3808 1365 3896 arehiepiseopi
1403 3832 1478 3875 oum

254 3890 385 4023 mentire
424 3912 576 3978 viderent
598 3935 640 3978 ex
663 3911 832 3978 monachis
855 3911 982 3997 aliquos
1004 3916 1172 3998 aegrotare,
1199 3911 1282 3977 alios
1302 3912 1478 3998 exspirare,

255 4029 334 4074 nome.
423 4015 545 4079 reversi
578 4019 657 4078 sunt
690 4034 845 4099 pompose
879 4012 1074 4097 jactitantes
1112 4012 1200 4098 quod
1237 4034 1306 4077 rem
1343 4018 1477 4078 strenue

422 4115 613 4182 effecissent
639 4114 797 4181 Oanouioi
820 4112 951 4192 etiaml,
975 4114 1033 4179 sed
1055 4114 1227 4201 prophani,
1251 4112 1476 4180 Hakentoniae

422 4218 488 4283 et
478 4238 646 4282 invasores
669 4215 944 4283 exeommunicati
968 4215 1136 4281 monachis
1162 4215 1351 4301 frequenter
1373 4216 1476 4281 insul-

254 4299 409 4394 fflffi‘ss
422 4319 547 4396 tabant,
586 4317 732 4383 dieentes
775 4315 884 4382 Deum
922 4338 981 4403 pro
1019 4316 1261 4404 arehiepisoopo
1299 4317 1476 4383 manifesta

253 4400 399 4445 mu*
420 4420 533 4487 fecisse
558 4419 724 4497 miracula,
747 4440 816 4484 non
838 4418 984 4484 solum
975 4441 1010 4483 m
1036 4419 1188 4536 captione
1210 4424 1334 4485 sanotae
1357 4418 1477 4485 oivitrs-

421 4524 465 4588 tis
487 4521 681 4601 Jerusalem,
704 4521 761 4586 sed
795 4520 897 4586 etiam
930 4521 967 4585 in
1000 4520 1062 4588 hoe
1095 4521 1274 4608 pessimum
1308 4541 1475 4609 paganum

454 4713 463 4746 ¹
475 4713 531 4763 The
539 4711 629 4777 biahop
639 4711 668 4761 ol
676 4711 749 4762 Oetin
757 4712 816 4762 ‹lled
822 4712 889 4763 Nor.
897 4718 922 4763 4.
1003 4711 1015 4745 ²
1028 4712 1151 4763 Canonicr'
1171 4712 1266 4778 aaron]
1282 4711 1376 4764 Clerici
1387 4711 1464 4763 etiam

423 4793 502 4857 (Bpp.
515 4790 599 4852 Cant,
610 4806 634 4856 p.
646 4795 720 4855 269.)
971 4791 1001 4843 C.
