3572 5744
459 744 502 807 52
655 754 818 805 saavasn
840 752 1298 808 1011011011110111111111

296 939 558 1037 1111ἓὲ11(ἓξ1·111100
580 944 693 1031 aliqua
714 945 889 1011 decaetero
911 944 1007 1010 nobis
1030 943 1169 1010 inferret
1189 945 1403 1032 gravamina3
1425 946 1515 1032 quod

290 1042 466 1148 33¹3„
468 1050 527 1114 ‘si
565 1047 730 1114 mandatis
768 1046 955 1134 apostolicis
993 1047 1125 1114 obedire
1162 1054 1417 1135 contempneret,
1447 1056 1514 1113 tres

291 1195 340 1239 Ἡ,
348 1194 413 1239 mh
459 1161 475 1187 “
497 1151 634 1217 abbates
656 1149 806 1216 mandati
828 1148 1002 1214 constituit
1028 1154 1225 1239 executores
1271 1150 1388 1216 Paruit
1408 1151 1515 1216 archi-

290 1244 476 1344 gffligssogm
499 1255 677 1341 episcopus,
697 1252 787 1317 sed
777 1273 814 1317 11
836 1252 1046 1330 eontrarium,
1062 1260 1101 1318 ut
1123 1234 1211 1339 quod
1233 1254 1325 1341 prius
1340 1255 1377 1319 in
1391 1255 1516 1341 capella

459 1366 475 1391 “
500 1359 572 1421 erat
593 1355 748 1442 ligneum,
764 1375 829 1440 quo
851 1352 979 1419 firmius
1000 1358 1106 1420 staret
1126 1354 1252 1421 factum
1274 1361 1325 1421 est
1338 1355 1514 1443 lapideum.

459 1468 475 1496 “
500 1459 700 1525 Executores
722 1478 801 1523 vero
823 1456 1031 1523 contumeliis
1061 1464 1096 1523 ct
1121 1458 1273 1545 dampnis
1296 1458 1405 1525 affecti
1427 1466 1514 1538 sunt,

460 1571 476 1597 “
500 1583 538 1627 eo
561 1561 651 1647 quod
672 1560 907 1647 archiepiscopi
930 1560 1129 1625 sententiam
1155 1561 1192 1625 in
1215 1560 1390 1627 monaches
1412 1560 1514 1627 latam

460 1664 655 1731 “dixerant
684 1684 751 1730 101
782 1669 902 1728 101010.
947 1662 1125 1727 Admirans
1147 1663 1191 1728 ad
1217 1663 1288 1729 baec
1309 1664 1515 1730 venerandus

460 1777 476 1804 “
499 1767 665 1843 Urbanus,
687 1766 819 1852 scripsit
848 1765 956 1830 eidem
986 1765 1228 1852 archiepiscopo
1262 1766 1411 1833 districte
1432 1788 1515 1853 prae-

460 1870 634 1958 “cipiena
655 1875 696 1933 ut
717 1868 830 1933 omnia
851 1867 947 1933 nobis
969 1868 1160 1932 restitueret
1181 1867 1293 1933 ablata
1315 1875 1350 1933 et
1364 1891 1385 1935 a
1399 1891 1515 1955 grava-

459 1971 644 2038 “minibus
666 1971 788 2036 nostris
808 1975 955 2037 cessaret.
1002 1968 1154 2035 (lassavit
1169 1992 1298 2056 quoque
1320 1978 1355 2036 et
1377 1971 1518 2037 deduxit

309 2052 398 2186 111011-
457 2086 476 2111 11
499 2096 631 2163 prorsus
652 2074 690 2138 in
711 2073 852 2151 irritum,
875 2072 1032 2159 quicquid
1059 2073 1099 2138 de
1121 2093 1218 2138 novae
1240 2070 1374 2158 capellae
1396 2073 1517 2139 fecerat

364 2172 370 2187 '
459 2188 477 2214 “
499 2176 750 2254 constructione,
773 2175 827 2240 vel
854 2175 1083 2244 canonicorum
1106 2176 1324 2241 institutione.
1372 2175 1417 2242 Et
1439 2177 1517 2263 quia

459 2291 475 2318 “
500 2280 541 2347 ds
564 2279 752 2346 obedientia
772 2276 1007 2365 archiepiscopi
1030 2278 1131 2343 etiam
1153 2298 1241 2343 nunc
1256 2276 1435 2356 diffidebat,
1450 2284 1516 2345 tres

459 2392 477 2421 “
499 2383 635 2449 abbates
657 2380 807 2447 mandeti
828 2381 881 2446 sui
905 2381 1079 2446 constituit
1100 2386 1308 2449 executores..
1345 2380 1411 2462 Qui
1441 2404 1516 2447 cum

459 2497 475 2523 “
499 2484 651 2553 viderent
672 2484 952 2573 arehiepiscopum
983 2488 1018 2549 et
1047 2483 1182 2550 monitis
1204 2483 1272 2549 suis
1295 2487 1330 2548 et
1351 2484 1516 2551 mandatis

469 2587 685 2676 ‘apostolicis
708 2586 960 2663 inobedientem,
983 2585 1070 2650 diem
1092 2585 1157 2661 sibi
1178 2586 1423 2652 constituerunt
1444 2608 1514 2674 per·
1577 2590 1585 2601 '

249 2742 251 2747 ,
470 2691 699 2779 ‘emptorium
722 2710 788 2775 que
810 2688 1025 2775 apostolicum
1048 2680 1289 2775 exequerentur
1314 2690 1515 2756 mandatum.

293 2801 469 2856 1110111111
471 2795 569 2861 ‘Sed
592 2793 752 2859 instinctu
773 2791 1009 2879 archiepiscopi
1031 2791 1147 2857 callide
1169 2795 1382 2878 procuratum
1407 2799 1457 2859 est
1478 2800 1517 2858 ut

292 2866 334 2906 pro
308 2852 425 2898 rohlblted

292 2906 334 2997 oq
333 2905 469 3005 mffim‘
471 2899 556 2964 ‘die
577 2897 636 2963 1110
658 2895 885 2983 peremptorio,
909 2916 975 2981 quo
996 2894 1040 2961 ad
1062 2894 1256 2959 mandatum
1283 2895 1407 2961 domini
1422 2915 1517 3013 papae

292 3003 387 3146 ξὲηὲἓξ
395 3053 436 3098 aaa
462 2999 692 3067 “cantuariae
722 2997 897 3064 convenire
934 2996 1124 3073 debuerant,
1157 3019 1202 3062 ex
1232 2999 1388 3063 mandato
1418 2999 1517 3085 regiae

292 3160 331 3201 ω,
293 3105 437 3208 111111ηὲοὲξὲ
462 3113 479 3139 11
498 3102 643 3189 justiciae
665 3100 843 3166 Lendoniis
866 3122 908 3165 cx
931 3105 1025 3216 parte
1047 3099 1133 3186 regis
1159 3099 1363 3187 jubebantur
1384 3101 1518 3180 adesse

462 3204 622 3291 “quibus
644 3204 745 3270 etiam
761 3224 804 3268 ex
825 3206 920 3289 parte
942 3201 1028 3289 regis
1050 3200 1230 3267 inhibitum
1254 3206 1311 3278 est,
1326 3222 1368 3266 ne
1391 3201 1516 3287 aliqua
1528 3276 1532 3289 Ι
1602 3270 1605 3277 ,

462 3317 479 3342 “
502 3314 598 3372 tenus
620 3303 806 3371 inconsulto
828 3325 904 3392 rege
926 3303 1141 3419 apostolicum
1164 3308 1404 3389 exequerentur
1425 3324 1518 3368 man·

462 3521 479 3546 “
502 3515 561 3588 est,
575 3532 617 3575 ne
639 3508 930 3596 perquisitionibus
954 3512 1125 3573 uterentur
1146 3508 1294 3587 indultis,
1309 3508 1367 3573 sed
1382 3509 1518 3595 deipsis

463 3624 479 3649 “
503 3620 538 3679 ct
570 3614 612 3678 de
645 3611 720 3677 aliis
753 3611 896 3677 ecclesiae
930 3610 1113 3697 privilegiis
1143 3610 1271 3696 regium
1302 3616 1453 3698 peterent
1484 3617 1518 3676 et

463 3726 480 3752 “
503 3720 716 3804 expectarent
734 3735 910 3780 assensum.
955 3712 1227 3799 Archiepiscopus
1249 3718 1370 3791 111011,
1387 3714 1460 3800 jam
1475 3736 1519 3779 ex

463 3828 480 3853 “
503 3819 565 3885 boc
598 3817 776 3905 apostolico
798 3815 903 3902 magis
925 3815 1074 3879 irritatus
1096 3816 1261 3894 mandato,
1283 3816 1320 3879 in
1354 3814 1517 3882 Norman·

463 3930 480 3956 “
503 3922 594 3987 niam
616 3940 793 4008 properans
815 3917 1021 4006 gravioribus
1047 3917 1190 3984 ecclesiae
1212 3918 1336 3983 institit
1357 3919 1518 4005 dampnis,

465 4032 481 4059 “
505 4029 540 4089 et
576 4024 613 4089 in
649 4026 875 4106 contemptum
912 4019 998 4086 sedis
1035 4022 1222 4108 apostolica
1254 4042 1351 4086 novae
1385 4020 1517 4107 capellae

504 4124 679 4192 mandavit
711 4123 844 4200 clericis,
878 4126 918 4188 ut
949 4123 1073 4209 absque
1110 4144 1201 4188 mora
1237 4123 1323 4188 circa
1359 4122 1518 4210 capellam
1616 4158 1618 4161 v

465 4229 611 4315 “ipsam
642 4227 756 4293 domos
790 4224 994 4301 fabricarent,
1029 4224 1217 4310 ibidemque
1249 4229 1430 4302 manerent,
1463 4224 1517 4289 vel

466 4330 625 4395 “collata
646 4328 710 4394 sibi
733 4326 950 4394 ecclesiastica
971 4326 1129 4393 beneficia
1154 4326 1364 4411 resignarent.
1411 4325 1519 4404 Unde,

465 4443 482 4471 “
504 4455 565 4499 nec
598 4431 729 4510 mirum,
751 4438 860 4497 motus
882 4431 1088 4496 venerandus
1122 4429 1285 4506 Urbanus,
1312 4452 1354 4494 ex
1383 4430 1519 4496 consilio

465 4537 645 4602 “fratrum
675 4535 774 4600 tertio
804 4534 910 4600 eidem
940 4535 1072 4620 scripsit
1099 4531 1340 4619 archiepiscopo
1370 4533 1518 4599 districte

465 4649 482 4675 “
505 4641 705 4728 praecipiens,
721 4645 760 4703 ut
775 4637 932 4727 quicquid
954 4638 989 4702 in
1004 4638 1076 4727 ipsa
1097 4635 1222 4722 capella
1237 4634 1290 4701 vel
1313 4636 1349 4701 in
1371 4636 1518 4702 aedificiis
