3588 5740
448 848 512 911 556
658 860 820 911 oanvasrr
844 860 1003 911 nonacnr
1027 861 1300 913 canrunmnnsrs

293 1062 417 1159 plump
445 1052 481 1113 et
501 1046 576 1114 aliis
605 1048 720 1114 multis
748 1046 1002 1136 allegationibus
1033 1047 1070 1113 in
1102 1047 1251 1116 medium
1282 1048 1428 1135 prolatis,
1450 1069 1501 1113 ro·

321 1125 367 1159 ¹³¹⁰
402 1144 408 1157 '
444 1150 629 1237 spondendi
651 1152 731 1218 data
752 1158 803 1218 est
825 1151 941 1217 dilatio
963 1172 1067 1238 usque
1089 1152 1126 1216 in
1159 1149 1279 1218 feriam
1312 1151 1499 1228 secundam

445 1253 524 1338 quia
545 1254 720 1320 sabbatum
754 1257 994 1340 occupaverant
1028 1254 1094 1319 alia
1126 1255 1267 1341 negotia
1290 1253 1499 1319 Dominicam

302 1375 367 1421 suno
375 1377 408 1420 n.
445 1377 523 1421 vero
546 1356 738 1442 praedictam
760 1356 968 1422 consecratio.
1015 1355 1077 1420 Xi⁰
1091 1355 1252 1422 kalendas
1274 1356 1369 1422 Junii
1392 1377 1500 1421 sacm-

275 1440 408 1534 iffi
446 1458 498 1522 va
532 1458 704 1524 nunnus
741 1458 1003 1546 archiepiscopus
1026 1458 1276 1525 cantuariensis
1300 1457 1499 1524 cautinum

275 1539 399 1645 ῧίέῗὲἕιξ,
446 1559 701 1626 Ooventrensem
736 1561 922 1647 episcopum
961 1561 1102 1626 electum
1139 1560 1184 1626 ad
1220 1560 1325 1626 altare
1363 1559 1498 1637 Christi,

444 1661 590 1747 legitque
621 1661 875 1748 postulationem
909 1660 1078 1727 Joibertua
1108 1661 1197 1747 prior
1232 1661 1497 1728 Conventrensis

299 1779 404 1825 sonora
445 1763 487 1827 In
524 1764 666 1830 crastino
711 1769 875 1831 venerunt
918 1764 955 1828 in
993 1763 1176 1849 capitulum
1214 1763 1258 1829 ad
1295 1771 1497 1830 conventum

275 1841 402 1938 aare
443 1866 544 1932 aona
576 1866 617 1932 oe
639 1866 814 1952 airaga,
838 1873 872 1931 a
893 1865 950 1931 un
984 1865 1025 1931 aa
1048 1864 1238 1931 marasan
1271 1887 1345 1931 aum
1377 1865 1498 1931 anna

442 1968 484 2034 de
506 1968 714 2046 Fsuresham,
738 1974 772 2033 et
794 1968 835 2033 de
850 1966 1029 2045 Waltham,
1045 1975 1080 2033 et
1101 1967 1192 2053 prior
1213 1968 1255 2033 de
1271 1966 1497 2044 Conventria,l

441 2092 509 2136 non
532 2076 571 2135 ut
592 2070 704 2135 nuntii
726 2069 769 2135 ab
798 2069 1041 2156 archiepiscopo
1075 2070 1176 2147 missi,
1198 2070 1259 2135 sed·
1278 2077 1318 2135 ut
1351 2069 1496 2137 ecclesiae

442 2172 689 2239 Oantuariensis
720 2171 876 2257 speciales
906 2171 1013 2249 amici,
1035 2172 1259 2258 supplicantes
1289 2171 1496 2258 allegationi-

440 2275 501 2341 bus
532 2275 634 2341 variis
665 2280 705 2339 ut
726 2272 961 2360 indempnitati
995 2273 1235 2361 prospiceretur
1266 2274 1421 2352 ecclesiae,
1443 2295 1494 2352 ne,

440 2377 520 2443 dum
535 2375 797 2462 archiepiscopus
818 2381 889 2441 tam
912 2377 1090 2441 enormiter
1104 2375 1366 2453 confunderetur,
1383 2397 1495 2442 mona·

440 2480 511 2547 chis
541 2478 729 2544 immineret
750 2478 993 2554 exterminium,
1017 2477 1159 2544 ecclesiae
1193 2478 1299 2565 gloria
1321 2478 1495 2544 duceretur

439 2583 476 2648 in
509 2581 668 2648 nichilum
703 2587 739 2646 et
774 2581 1013 2667 sempiternum
1049 2579 1253 2646 incurreret²
1274 2580 1493 2667 obprobrium.

308 2714 322 2746 ο
381 2724 390 2736 -
440 2685 605 2751 Dicebant
637 2683 727 2749 enim
758 2705 793 2748 se
826 2682 978 2768 quadam
1011 2703 1106 2747 nosse
1143 2688 1268 2748 secreta
1299 2704 1373 2767 quae
1407 2683 1494 2770 ipsos

296 2765 328 2797 ω
439 2787 537 2853 valde
565 2786 710 2872 trepidos
743 2784 926 2850 reddebant
948 2787 983 2849 et
1005 2785 1130 2849 anxios.
1176 2783 1386 2850 Arbitmrum
1420 2790 1493 2851 tan·

446 2889 522 2954 dem
559 2888 708 2953 fidelium
746 2884 969 2972 appetendum
999 2885 1069 2950 lore
1106 2885 1290 2951 suadebant
1321 2886 1495 2971 judicium,

440 2989 618 3056 dummodo
641 2988 766 3076 capella
788 2988 829 3053 de
852 2987 995 3053 lamhee
1018 3008 1086 3052 non
1107 2987 1311 3065 subsisteret,
1331 2989 1398 3066 sed,
1421 3010 1495 3055 cum

440 3093 535 3179 quasi
565 3091 769 3157 concorditer
793 3096 912 3167 rueret,
935 3089 1170 3177 archiepiscopi
1192 3091 1400 3156 verecundiae
1423 3113 1494 3178 spe·

439 3195 489 3261 cie
515 3198 613 3259 tenus
644 3197 839 3279 parceretur.
886 3191 1102 3257 Tolerabilius
1133 3191 1221 3256 enim
1244 3191 1421 3257 videbatur
1442 3216 1494 3259 ar·

440 3296 645 3382 chiepiscopo
669 3292 893 3380 quorumlibet
914 3292 1067 3359 inclinari
1085 3292 1222 3378 judicio,
1245 3315 1344 3379 quam
1368 3294 1494 3360 domini

439 3420 535 3485 papae
557 3403 628 3462 tam
651 3418 764 3462 severo
787 3416 901 3481 parere
934 3395 1099 3460 mandato.
1146 3394 1389 3482 suggesserunt
1411 3417 1494 3483 prae-

438 3507 536 3577 torea
575 3499 654 3584 quia
695 3498 767 3584 jam
804 3497 939 3583 plurimi
976 3496 1046 3561 dia
1080 3496 1312 3582 praeterierant
1350 3519 1392 3563 ex
1430 3521 1495 3585 quo

440 3602 593 3667 dominus
615 3600 878 3687 archiepiscopus
911 3597 1127 3685 apostolicum
1150 3606 1337 3684 susceperat
1358 3601 1495 3666 manda-

439 3709 521 3783 tum,
554 3708 589 3769 et
619 3702 706 3768 infra
738 3701 967 3789 praescriptum
999 3700 1087 3765 diem
1118 3721 1185 3765 non
1216 3706 1351 3787 possent
1384 3703 1495 3768 omnia

439 3806 603 3893 compleri,
640 3810 680 3869 ut
724 3804 876 3870 monachi
913 3803 1086 3869 voluntate
1123 3804 1256 3889 propria
1299 3804 1494 3890 prolixiores

441 3910 560 3976 darent
581 3907 740 3985 inducias,
762 3928 801 3973 ac
832 3908 862 3972 si
895 3912 1028 3993 possent
1058 3926 1118 3991 pro
1149 3905 1245 3971 libito
1277 3908 1493 3992 apostolicum

271 4033 416 4079 vaccarius
440 4011 602 4100 protelare
636 4010 841 4075 mandatum.
887 4007 1038 4094 Cumque
1069 4029 1167 4094 super
1189 4008 1242 4072 his
1264 4008 1392 4075 diutius
1414 4011 1493 4077 allo·

183 4158 185 4161 -
271 4083 403 4179 pugeio
437 4119 579 4203 gausent,
603 4118 638 4178 et
660 4111 864 4178 deliberandi
885 4112 1031 4198 spatium
1054 4114 1230 4196 peteretur,
1253 4110 1392 4198 ingressi
1413 4121 1494 4180 sunt

438 4218 476 4282 in
511 4214 694 4301 capitulum
731 4214 844 4279 nuntii
877 4213 971 4300 regis,
1004 4212 1184 4279 (laufridus
1217 4213 1375 4280 videlicet
1405 4215 1492 4281 filius

439 4319 540 4399 Petri,
563 4322 599 4384 et
621 4314 742 4404 Ηιιςο3
763 4315 909 4381 Barduli
935 4336 1011 4382 cum
1045 4313 1120 4381 aliis
1153 4314 1277 4393 multis,
1299 4317 1492 4384 nuntiantes

440 4443 481 4488 ex
519 4424 614 4508 parte
650 4418 737 4505 regis
774 4439 817 4483 ne
854 4416 935 4503 quid
973 4422 1088 4484 contra
1121 4437 1273 4483 coronam
1310 4438 1405 4483 suam
1438 4419 1492 4486 vol

473 4695 525 4744 ¹de
545 4693 712 4761 Conventa-ia]
726 4708 785 4744 cnm
807 4678 968 4835 conventm'
1022 4694 1195 4762 ’tremeretJ
1209 4693 1420 4757 incurrerent&
1434 4698 1465 4748 B.

442 4773 477 4826 Δ.
489 4774 536 4832 Be
554 4773 776 4836 domnamant).
1020 4769 1134 4839 'Haud
1147 4771 1237 4832 lilius
1251 4772 1297 4824 ina
1309 4774 1346 4825 Δ.
1358 4775 1389 4825 B.
