<?xml version="1.0" encoding="UTF-8"?>
<!DOCTYPE html PUBLIC "-//W3C//DTD XHTML 1.0 Transitional//EN"
    "http://www.w3.org/TR/xhtml1/DTD/xhtml1-transitional.dtd">
<html xmlns="http://www.w3.org/1999/xhtml" xml:lang="en" lang="en">
 <head>
  <title>
</title>
<meta http-equiv="Content-Type" content="text/html;charset=utf-8" />
  <meta name='ocr-system' content='tesseract 3.04.00' />
  <meta name='ocr-capabilities' content='ocr_page ocr_carea ocr_par ocr_line ocrx_word'/>
</head>
<body>
  <div class='ocr_page' id='page_1' title='image "./historicalworks00offigoog_0331.png"; bbox 0 0 3646 5720; ppageno 0'>
   <div class='ocr_carea' id='block_1_1' title="bbox 751 882 1438 956">
    <p class='ocr_par' dir='ltr' id='par_1_1' title="bbox 751 882 1438 956">
     <span class='ocr_line' id='line_1_1' title="bbox 751 882 1438 956; baseline 0.009 -8"><span class='ocrx_word' id='word_1_1' title='bbox 751 894 864 948; x_wconf 78' lang='lat' dir='ltr'><strong>orsas</strong></span> <span class='ocrx_word' id='word_1_2' title='bbox 886 888 1079 950; x_wconf 66' lang='lat' dir='ltr'><strong>mercaret.</strong></span> <span class='ocrx_word' id='word_1_3' title='bbox 1371 882 1438 956; x_wconf 74' lang='lat' dir='ltr'><strong>ret</strong></span> 
     </span>
    </p>
   </div>
   <div class='ocr_carea' id='block_1_2' title="bbox 214 1082 1612 1739">
    <p class='ocr_par' dir='ltr' id='par_1_2' title="bbox 214 1082 1612 1739">
     <span class='ocr_line' id='line_1_2' title="bbox 214 1082 1593 1159; baseline 0.004 -19"><span class='ocrx_word' id='word_1_4' title='bbox 214 1095 342 1149; x_wconf 58' lang='lat' dir='ltr'><strong>Bassai,</strong></span> <span class='ocrx_word' id='word_1_5' title='bbox 383 1083 475 1141; x_wconf 85' lang='lat' dir='ltr'><strong>tonici</strong></span> <span class='ocrx_word' id='word_1_6' title='bbox 500 1082 587 1155; x_wconf 78' lang='lat' dir='ltr'><strong>regni</strong></span> <span class='ocrx_word' id='word_1_7' title='bbox 613 1083 853 1142; x_wconf 84' lang='lat' dir='ltr'><strong>abrenuntiantes</strong></span> <span class='ocrx_word' id='word_1_8' title='bbox 876 1084 1018 1152; x_wconf 89' lang='lat' dir='ltr'><strong>scismati,</strong></span> <span class='ocrx_word' id='word_1_9' title='bbox 1037 1102 1091 1159; x_wconf 89' lang='lat' dir='ltr'><strong>per</strong></span> <span class='ocrx_word' id='word_1_10' title='bbox 1114 1084 1266 1159; x_wconf 91' lang='lat' dir='ltr'><strong>episcopos</strong></span> <span class='ocrx_word' id='word_1_11' title='bbox 1291 1092 1322 1144; x_wconf 93' lang='lat' dir='ltr'><strong>et</strong></span> <span class='ocrx_word' id='word_1_12' title='bbox 1346 1088 1439 1145; x_wconf 90' lang='lat' dir='ltr'><strong>cardi·</strong></span> <span class='ocrx_word' id='word_1_13' title='bbox 1468 1091 1525 1138; x_wconf 69' lang='lat' dir='ltr'><strong>tv·</strong></span> <span class='ocrx_word' id='word_1_14' title='bbox 1533 1096 1593 1142; x_wconf 79' lang='lat'><strong>11⁷⁷·</strong></span> 
     </span>
     <span class='ocr_line' id='line_1_3' title="bbox 216 1157 1574 1261; baseline 0.006 -40"><span class='ocrx_word' id='word_1_15' title='bbox 216 1166 273 1213; x_wconf 81' lang='lat'><strong>18⁵·</strong></span> <span class='ocrx_word' id='word_1_16' title='bbox 383 1167 466 1223; x_wconf 82' lang='lat' dir='ltr'><strong>neles</strong></span> <span class='ocrx_word' id='word_1_17' title='bbox 490 1182 563 1237; x_wconf 87' lang='lat' dir='ltr'><strong>qnos</strong></span> <span class='ocrx_word' id='word_1_18' title='bbox 579 1165 713 1223; x_wconf 89' lang='lat' dir='ltr'><strong>dominns</strong></span> <span class='ocrx_word' id='word_1_19' title='bbox 736 1183 813 1241; x_wconf 85' lang='lat' dir='ltr'><strong>papa</strong></span> <span class='ocrx_word' id='word_1_20' title='bbox 834 1167 873 1224; x_wconf 89' lang='lat' dir='ltr'><strong>ad</strong></span> <span class='ocrx_word' id='word_1_21' title='bbox 897 1185 947 1224; x_wconf 88' lang='lat' dir='ltr'><strong>eos</strong></span> <span class='ocrx_word' id='word_1_22' title='bbox 971 1168 1162 1225; x_wconf 82' lang='lat' dir='ltr'><strong>absolvendos</strong></span> <span class='ocrx_word' id='word_1_23' title='bbox 1186 1169 1307 1227; x_wconf 87' lang='lat' dir='ltr'><strong>miserat</strong></span> <span class='ocrx_word' id='word_1_24' title='bbox 1324 1172 1438 1228; x_wconf 88' lang='lat' dir='ltr'><strong>absolu·</strong></span> <span class='ocrx_word' id='word_1_25' title='bbox 1451 1157 1574 1261; x_wconf 40' lang='lat'><strong>&amp;202⁴</strong></span> 
     </span>
     <span class='ocr_line' id='line_1_4' title="bbox 383 1249 1573 1329; baseline 0.005 -23"><span class='ocrx_word' id='word_1_26' title='bbox 383 1250 472 1306; x_wconf 90' lang='lat' dir='ltr'><strong>tionis</strong></span> <span class='ocrx_word' id='word_1_27' title='bbox 484 1249 658 1305; x_wconf 85' lang='lat' dir='ltr'><strong>beneficium</strong></span> <span class='ocrx_word' id='word_1_28' title='bbox 669 1255 860 1316; x_wconf 72' lang='lat' dir='ltr'><strong>meruerunt,</strong></span> <span class='ocrx_word' id='word_1_29' title='bbox 880 1250 996 1307; x_wconf 79' lang='lat' dir='ltr'>Deinde</span> <span class='ocrx_word' id='word_1_30' title='bbox 1008 1255 1152 1308; x_wconf 85' lang='lat' dir='ltr'><strong>venerunt</strong></span> <span class='ocrx_word' id='word_1_31' title='bbox 1171 1250 1324 1320; x_wconf 82' lang='lat' dir='ltr'><strong>Venetiae,</strong></span> <span class='ocrx_word' id='word_1_32' title='bbox 1337 1254 1439 1329; x_wconf 88' lang='lat' dir='ltr'><strong>ibique</strong></span> <span class='ocrx_word' id='word_1_33' title='bbox 1452 1259 1532 1302; x_wconf 78' lang='lat' dir='ltr'><strong>shown</strong></span> <span class='ocrx_word' id='word_1_34' title='bbox 1541 1260 1573 1312; x_wconf 80' lang='lat' dir='ltr'><strong>br</strong></span> 
     </span>
     <span class='ocr_line' id='line_1_5' title="bbox 383 1309 1612 1414; baseline 0.006 -25"><span class='ocrx_word' id='word_1_35' title='bbox 383 1338 452 1389; x_wconf 89' lang='lat' dir='ltr'><strong>ante</strong></span> <span class='ocrx_word' id='word_1_36' title='bbox 474 1332 628 1390; x_wconf 88' lang='lat' dir='ltr'><strong>ecclesiam</strong></span> <span class='ocrx_word' id='word_1_37' title='bbox 644 1334 723 1390; x_wconf 90' lang='lat' dir='ltr'><strong>beati</strong></span> <span class='ocrx_word' id='word_1_38' title='bbox 740 1333 834 1390; x_wconf 85' lang='lat' dir='ltr'><strong>Marci</strong></span> <span class='ocrx_word' id='word_1_39' title='bbox 857 1333 1014 1407; x_wconf 74' lang='lat' dir='ltr'><strong>praedictus</strong></span> <span class='ocrx_word' id='word_1_40' title='bbox 1031 1333 1191 1407; x_wconf 88' lang='lat' dir='ltr'><strong>imperator</strong></span> <span class='ocrx_word' id='word_1_41' title='bbox 1208 1335 1327 1393; x_wconf 91' lang='lat' dir='ltr'><strong>domino</strong></span> <span class='ocrx_word' id='word_1_42' title='bbox 1346 1355 1439 1411; x_wconf 72' lang='lat' dir='ltr'><strong>papae,</strong></span> <span class='ocrx_word' id='word_1_43' title='bbox 1451 1309 1612 1414; x_wconf 50' lang='lat' dir='ltr'><strong>iiiflffaeffi&#39;</strong></span> 
     </span>
     <span class='ocr_line' id='line_1_6' title="bbox 383 1417 1440 1488; baseline 0.005 -15"><span class='ocrx_word' id='word_1_44' title='bbox 383 1417 459 1473; x_wconf 88' lang='lat' dir='ltr'><strong>sicut</strong></span> <span class='ocrx_word' id='word_1_45' title='bbox 477 1433 592 1472; x_wconf 89' lang='lat' dir='ltr'><strong>summo</strong></span> <span class='ocrx_word' id='word_1_46' title='bbox 610 1417 750 1488; x_wconf 87' lang='lat' dir='ltr'><strong>pontifici,</strong></span> <span class='ocrx_word' id='word_1_47' title='bbox 769 1435 887 1473; x_wconf 91' lang='lat' dir='ltr'><strong>omnem</strong></span> <span class='ocrx_word' id='word_1_48' title='bbox 906 1417 1101 1473; x_wconf 77' lang='lat' dir='ltr'><strong>obedientiam</strong></span> <span class='ocrx_word' id='word_1_49' title='bbox 1123 1424 1154 1475; x_wconf 85' lang='lat' dir='ltr'><strong>et</strong></span> <span class='ocrx_word' id='word_1_50' title='bbox 1173 1421 1368 1477; x_wconf 82' lang='lat' dir='ltr'><strong>reverentiam</strong></span> <span class='ocrx_word' id='word_1_51' title='bbox 1385 1424 1440 1478; x_wconf 91' lang='lat' dir='ltr'><strong>hu·</strong></span> 
     </span>
     <span class='ocr_line' id='line_1_7' title="bbox 383 1499 1438 1574; baseline 0.004 -17"><span class='ocrx_word' id='word_1_52' title='bbox 383 1501 495 1557; x_wconf 85' lang='lat' dir='ltr'><strong>militer</strong></span> <span class='ocrx_word' id='word_1_53' title='bbox 512 1499 653 1568; x_wconf 73' lang='lat' dir='ltr'><strong>exhibuit,</strong></span> <span class='ocrx_word' id='word_1_54' title='bbox 673 1506 704 1558; x_wconf 89' lang='lat' dir='ltr'><strong>et</strong></span> <span class='ocrx_word' id='word_1_55' title='bbox 728 1500 862 1574; x_wconf 86' lang='lat' dir='ltr'><strong>recepto¹</strong></span> <span class='ocrx_word' id='word_1_56' title='bbox 884 1501 921 1556; x_wconf 91' lang='lat' dir='ltr'><strong>ab</strong></span> <span class='ocrx_word' id='word_1_57' title='bbox 946 1517 981 1556; x_wconf 87' lang='lat' dir='ltr'><strong>eo</strong></span> <span class='ocrx_word' id='word_1_58' title='bbox 1006 1501 1087 1572; x_wconf 86' lang='lat' dir='ltr'><strong>pacis</strong></span> <span class='ocrx_word' id='word_1_59' title='bbox 1113 1502 1213 1558; x_wconf 88' lang='lat' dir='ltr'><strong>osculo</strong></span> <span class='ocrx_word' id='word_1_60' title='bbox 1238 1519 1306 1560; x_wconf 89' lang='lat' dir='ltr'><strong>eum</strong></span> <span class='ocrx_word' id='word_1_61' title='bbox 1333 1505 1438 1563; x_wconf 81' lang='lat' dir='ltr'><strong>devote</strong></span> 
     </span>
     <span class='ocr_line' id='line_1_8' title="bbox 382 1582 1439 1659; baseline 0.006 -20"><span class='ocrx_word' id='word_1_62' title='bbox 382 1582 537 1649; x_wconf 72' lang='lat' dir='ltr'><strong>dextravit,</strong></span> <span class='ocrx_word' id='word_1_63' title='bbox 560 1586 676 1638; x_wconf 89' lang='lat' dir='ltr'><strong>etcum</strong></span> <span class='ocrx_word' id='word_1_64' title='bbox 698 1601 807 1655; x_wconf 82' lang='lat' dir='ltr'><strong>magna</strong></span> <span class='ocrx_word' id='word_1_65' title='bbox 830 1583 1096 1659; x_wconf 78' lang='lat' dir='ltr'><strong>devotionemque</strong></span> <span class='ocrx_word' id='word_1_66' title='bbox 1119 1585 1157 1640; x_wconf 88' lang='lat' dir='ltr'><strong>ad</strong></span> <span class='ocrx_word' id='word_1_67' title='bbox 1174 1586 1266 1641; x_wconf 90' lang='lat' dir='ltr'><strong>altare</strong></span> <span class='ocrx_word' id='word_1_68' title='bbox 1290 1586 1323 1643; x_wconf 90' lang='lat' dir='ltr'><strong>in</strong></span> <span class='ocrx_word' id='word_1_69' title='bbox 1347 1589 1439 1645; x_wconf 86' lang='lat' dir='ltr'><strong>eccle·</strong></span> 
     </span>
     <span class='ocr_line' id='line_1_9' title="bbox 383 1663 1439 1739; baseline 0.005 -16"><span class='ocrx_word' id='word_1_70' title='bbox 383 1667 454 1723; x_wconf 88' lang='lat' dir='ltr'><strong>siam</strong></span> <span class='ocrx_word' id='word_1_71' title='bbox 479 1663 652 1721; x_wconf 76' lang='lat' dir='ltr'><strong>introduxit.</strong></span> <span class='ocrx_word' id='word_1_72' title='bbox 691 1665 831 1739; x_wconf 84' lang='lat' dir='ltr'><strong>Sequenti</strong></span> <span class='ocrx_word' id='word_1_73' title='bbox 860 1682 930 1723; x_wconf 85' lang='lat' dir='ltr'><strong>vero</strong></span> <span class='ocrx_word' id='word_1_74' title='bbox 959 1667 1008 1723; x_wconf 91' lang='lat' dir='ltr'><strong>die</strong></span> <span class='ocrx_word' id='word_1_75' title='bbox 1037 1669 1070 1723; x_wconf 87' lang='lat' dir='ltr'><strong>in</strong></span> <span class='ocrx_word' id='word_1_76' title='bbox 1096 1669 1172 1724; x_wconf 82' lang='lat' dir='ltr'><strong>festo</strong></span> <span class='ocrx_word' id='word_1_77' title='bbox 1203 1668 1304 1726; x_wconf 79' lang='lat' dir='ltr'><strong>Sancti</strong></span> <span class='ocrx_word' id='word_1_78' title='bbox 1334 1670 1439 1728; x_wconf 86' lang='lat' dir='ltr'><strong>Jacobi</strong></span> 
     </span>
    </p>
   </div>
   <div class='ocr_carea' id='block_1_3' title="bbox 381 1748 1576 1825">
    <p class='ocr_par' dir='ltr' id='par_1_3' title="bbox 381 1748 1576 1825">
     <span class='ocr_line' id='line_1_10' title="bbox 381 1748 1576 1825; baseline 0.009 -20"><span class='ocrx_word' id='word_1_79' title='bbox 381 1748 506 1823; x_wconf 88' lang='lat' dir='ltr'><strong>apostoli</strong></span> <span class='ocrx_word' id='word_1_80' title='bbox 522 1748 682 1820; x_wconf 88' lang='lat' dir='ltr'><strong>imperator</strong></span> <span class='ocrx_word' id='word_1_81' title='bbox 698 1751 781 1807; x_wconf 85' lang='lat' dir='ltr'><strong>venit</strong></span> <span class='ocrx_word' id='word_1_82' title='bbox 798 1751 913 1808; x_wconf 83' lang='lat' dir='ltr'><strong>obviam</strong></span> <span class='ocrx_word' id='word_1_83' title='bbox 930 1749 1049 1808; x_wconf 89' lang='lat' dir='ltr'><strong>domino</strong></span> <span class='ocrx_word' id='word_1_84' title='bbox 1073 1766 1156 1825; x_wconf 82' lang='lat' dir='ltr'><strong>papae</strong></span> <span class='ocrx_word' id='word_1_85' title='bbox 1179 1756 1210 1808; x_wconf 91' lang='lat' dir='ltr'><strong>et</strong></span> <span class='ocrx_word' id='word_1_86' title='bbox 1230 1752 1263 1809; x_wconf 91' lang='lat' dir='ltr'><strong>in</strong></span> <span class='ocrx_word' id='word_1_87' title='bbox 1286 1755 1438 1812; x_wconf 88' lang='lat' dir='ltr'><strong>ecclesiam</strong></span> <span class='ocrx_word' id='word_1_88' title='bbox 1476 1770 1576 1824; x_wconf 75' lang='lat' dir='ltr'><strong>meao.</strong></span> 
     </span>
    </p>
   </div>
   <div class='ocr_carea' id='block_1_4' title="bbox 382 1819 1579 1924">
    <p class='ocr_par' dir='ltr' id='par_1_4' title="bbox 382 1819 1579 1924">
     <span class='ocr_line' id='line_1_11' title="bbox 382 1819 1579 1924; baseline 0.009 -27"><span class='ocrx_word' id='word_1_89' title='bbox 382 1842 477 1898; x_wconf 88' lang='lat' dir='ltr'><strong>denuo</strong></span> <span class='ocrx_word' id='word_1_90' title='bbox 494 1833 691 1900; x_wconf 71' lang='lat' dir='ltr'><strong>introduxit</strong></span> <span class='ocrx_word' id='word_1_91' title='bbox 728 1843 859 1901; x_wconf 89' lang='lat' dir='ltr'><strong>Peractis</strong></span> <span class='ocrx_word' id='word_1_92' title='bbox 875 1838 988 1919; x_wconf 66' lang='lat' dir='ltr'><strong>antem</strong></span> <span class='ocrx_word' id='word_1_93' title='bbox 1012 1843 1169 1901; x_wconf 87' lang='lat' dir='ltr'><strong>missarum</strong></span> <span class='ocrx_word' id='word_1_94' title='bbox 1187 1845 1327 1904; x_wconf 87' lang='lat' dir='ltr'><strong>solenniis</strong></span> <span class='ocrx_word' id='word_1_95' title='bbox 1346 1864 1438 1919; x_wconf 89' lang='lat' dir='ltr'><strong>usque</strong></span> <span class='ocrx_word' id='word_1_96' title='bbox 1450 1819 1579 1924; x_wconf 47' lang='lat' dir='ltr'><strong>{iiiiii</strong></span> 
     </span>
    </p>
   </div>
   <div class='ocr_carea' id='block_1_5' title="bbox 382 1922 1546 2010">
    <p class='ocr_par' dir='ltr' id='par_1_5' title="bbox 382 1922 1546 2010">
     <span class='ocr_line' id='line_1_12' title="bbox 382 1922 1546 2010; baseline 0.003 -25"><span class='ocrx_word' id='word_1_97' title='bbox 382 1930 420 1985; x_wconf 87' lang='lat' dir='ltr'><strong>ad</strong></span> <span class='ocrx_word' id='word_1_98' title='bbox 437 1931 568 1987; x_wconf 77' lang='lat' dir='ltr'><strong>ecclesiae</strong></span> <span class='ocrx_word' id='word_1_99' title='bbox 587 1923 727 2010; x_wconf 81' lang='lat' dir='ltr'><strong>januam</strong></span> <span class='ocrx_word' id='word_1_100' title='bbox 745 1948 812 1989; x_wconf 88' lang='lat' dir='ltr'><strong>eum</strong></span> <span class='ocrx_word' id='word_1_101' title='bbox 829 1931 983 1989; x_wconf 84' lang='lat' dir='ltr'><strong>dextravit.</strong></span> <span class='ocrx_word' id='word_1_102' title='bbox 1019 1928 1210 1991; x_wconf 81' lang='lat' dir='ltr'><strong>Ascendente</strong></span> <span class='ocrx_word' id='word_1_103' title='bbox 1232 1930 1345 1991; x_wconf 80' lang='lat' dir='ltr'><strong>autem</strong></span> <span class='ocrx_word' id='word_1_104' title='bbox 1362 1953 1439 2009; x_wconf 81' lang='lat' dir='ltr'><strong>papa</strong></span> <span class='ocrx_word' id='word_1_105' title='bbox 1450 1922 1546 1976; x_wconf 57' lang='lat'><strong>”¹³⁰9-</strong></span> 
     </span>
    </p>
   </div>
   <div class='ocr_carea' id='block_1_6' title="bbox 381 2023 1607 2926">
    <p class='ocr_par' dir='ltr' id='par_1_6' title="bbox 382 2023 1359 2099">
     <span class='ocr_line' id='line_1_13' title="bbox 382 2023 1359 2099; baseline 0 -16"><span class='ocrx_word' id='word_1_106' title='bbox 382 2026 543 2098; x_wconf 90' lang='lat' dir='ltr'><strong>imperator</strong></span> <span class='ocrx_word' id='word_1_107' title='bbox 556 2025 691 2099; x_wconf 82' lang='lat' dir='ltr'><strong>stapham</strong></span> <span class='ocrx_word' id='word_1_108' title='bbox 708 2023 812 2090; x_wconf 89' lang='lat' dir='ltr'><strong>tenuit,</strong></span> <span class='ocrx_word' id='word_1_109' title='bbox 826 2029 858 2080; x_wconf 93' lang='lat' dir='ltr'><strong>et</strong></span> <span class='ocrx_word' id='word_1_110' title='bbox 875 2041 991 2080; x_wconf 90' lang='lat' dir='ltr'><strong>omnem</strong></span> <span class='ocrx_word' id='word_1_111' title='bbox 1006 2024 1138 2081; x_wconf 82' lang='lat' dir='ltr'><strong>exhibuit</strong></span> <span class='ocrx_word' id='word_1_112' title='bbox 1154 2027 1359 2084; x_wconf 82' lang='lat' dir='ltr'><strong>reverentiam.</strong></span> 
     </span>
    </p>

    <p class='ocr_par' dir='ltr' id='par_1_7' title="bbox 381 2106 1607 2926">
     <span class='ocr_line' id='line_1_14' title="bbox 418 2106 1438 2181; baseline 0.003 -15"><span class='ocrx_word' id='word_1_113' title='bbox 418 2111 456 2165; x_wconf 91' lang='lat' dir='ltr'><strong>In</strong></span> <span class='ocrx_word' id='word_1_114' title='bbox 467 2112 522 2166; x_wconf 91' lang='lat' dir='ltr'><strong>hoc</strong></span> <span class='ocrx_word' id='word_1_115' title='bbox 540 2109 663 2166; x_wconf 87' lang='lat' dir='ltr'><strong>concilio</strong></span> <span class='ocrx_word' id='word_1_116' title='bbox 679 2107 829 2164; x_wconf 88' lang='lat' dir='ltr'><strong>Johannes</strong></span> <span class='ocrx_word' id='word_1_117' title='bbox 842 2106 931 2163; x_wconf 90' lang='lat' dir='ltr'><strong>abbas</strong></span> <span class='ocrx_word' id='word_1_118' title='bbox 948 2108 985 2163; x_wconf 90' lang='lat' dir='ltr'><strong>de</strong></span> <span class='ocrx_word' id='word_1_119' title='bbox 1004 2106 1132 2175; x_wconf 78' lang='lat' dir='ltr'><strong>Struma,</strong></span> <span class='ocrx_word' id='word_1_120' title='bbox 1147 2109 1198 2181; x_wconf 91' lang='lat' dir='ltr'><strong>qui</strong></span> <span class='ocrx_word' id='word_1_121' title='bbox 1213 2116 1332 2168; x_wconf 85' lang='lat' dir='ltr'><strong>vocatus</strong></span> <span class='ocrx_word' id='word_1_122' title='bbox 1341 2112 1438 2169; x_wconf 88' lang='lat' dir='ltr'><strong>fuerat</strong></span> 
     </span>
     <span class='ocr_line' id='line_1_15' title="bbox 383 2190 1605 2271; baseline -0.001 -20"><span class='ocrx_word' id='word_1_123' title='bbox 383 2194 521 2251; x_wconf 82' lang='lat' dir='ltr'><strong>Kalixtns</strong></span> <span class='ocrx_word' id='word_1_124' title='bbox 544 2211 629 2268; x_wconf 88' lang='lat' dir='ltr'><strong>papa,</strong></span> <span class='ocrx_word' id='word_1_125' title='bbox 658 2191 709 2265; x_wconf 89' lang='lat' dir='ltr'><strong>qui</strong></span> <span class='ocrx_word' id='word_1_126' title='bbox 734 2191 825 2248; x_wconf 88' lang='lat' dir='ltr'><strong>etiam</strong></span> <span class='ocrx_word' id='word_1_127' title='bbox 849 2190 957 2248; x_wconf 86' lang='lat' dir='ltr'><strong>tertius</strong></span> <span class='ocrx_word' id='word_1_128' title='bbox 981 2195 1012 2247; x_wconf 88' lang='lat' dir='ltr'><strong>et</strong></span> <span class='ocrx_word' id='word_1_129' title='bbox 1035 2192 1158 2248; x_wconf 88' lang='lat' dir='ltr'><strong>ultimus</strong></span> <span class='ocrx_word' id='word_1_130' title='bbox 1182 2193 1326 2253; x_wconf 77' lang='lat' dir='ltr'><strong>scismatis</strong></span> <span class='ocrx_word' id='word_1_131' title='bbox 1350 2197 1499 2271; x_wconf 73' lang='lat' dir='ltr'><strong>hujnsrhs</strong></span> <span class='ocrx_word' id='word_1_132' title='bbox 1507 2206 1568 2250; x_wconf 77' lang='lat' dir='ltr'><strong>auti·</strong></span> <span class='ocrx_word' id='word_1_133' title='bbox 1599 2260 1605 2271; x_wconf 38' lang='lat'>,</span> 
     </span>
     <span class='ocr_line' id='line_1_16' title="bbox 383 2267 1563 2353; baseline 0.002 -18"><span class='ocrx_word' id='word_1_134' title='bbox 383 2279 522 2351; x_wconf 86' lang='lat' dir='ltr'><strong>antipapa</strong></span> <span class='ocrx_word' id='word_1_135' title='bbox 538 2278 683 2344; x_wconf 84' lang='lat' dir='ltr'><strong>extiterat,</strong></span> <span class='ocrx_word' id='word_1_136' title='bbox 703 2274 879 2347; x_wconf 72' lang='lat' dir='ltr'><strong>degradatus</strong></span> <span class='ocrx_word' id='word_1_137' title='bbox 903 2279 958 2343; x_wconf 89' lang='lat' dir='ltr'><strong>est,</strong></span> <span class='ocrx_word' id='word_1_138' title='bbox 978 2279 1008 2331; x_wconf 91' lang='lat' dir='ltr'><strong>et</strong></span> <span class='ocrx_word' id='word_1_139' title='bbox 1024 2274 1062 2330; x_wconf 88' lang='lat' dir='ltr'><strong>ab</strong></span> <span class='ocrx_word' id='word_1_140' title='bbox 1079 2275 1144 2348; x_wconf 93' lang='lat' dir='ltr'><strong>ipso</strong></span> <span class='ocrx_word' id='word_1_141' title='bbox 1161 2276 1335 2349; x_wconf 81' lang='lat' dir='ltr'><strong>imperatore</strong></span> <span class='ocrx_word' id='word_1_142' title='bbox 1353 2286 1384 2337; x_wconf 91' lang='lat' dir='ltr'><strong>et</strong></span> <span class='ocrx_word' id='word_1_143' title='bbox 1401 2279 1437 2336; x_wconf 91' lang='lat' dir='ltr'><strong>ab</strong></span> <span class='ocrx_word' id='word_1_144' title='bbox 1449 2267 1563 2353; x_wconf 58' lang='lat' dir='ltr'><strong>fflffi,</strong></span> 
     </span>
     <span class='ocr_line' id='line_1_17' title="bbox 383 2357 1439 2432; baseline 0.004 -16"><span class='ocrx_word' id='word_1_145' title='bbox 383 2361 518 2417; x_wconf 90' lang='lat' dir='ltr'><strong>omnibus</strong></span> <span class='ocrx_word' id='word_1_146' title='bbox 541 2358 732 2432; x_wconf 87' lang='lat' dir='ltr'><strong>principibus,</strong></span> <span class='ocrx_word' id='word_1_147' title='bbox 764 2358 967 2415; x_wconf 75' lang='lat' dir='ltr'><strong>ecclesiasticis</strong></span> <span class='ocrx_word' id='word_1_148' title='bbox 992 2357 1041 2414; x_wconf 64' lang='lat' dir='ltr'><strong>eti</strong></span> <span class='ocrx_word' id='word_1_149' title='bbox 1068 2359 1257 2429; x_wconf 86' lang='lat' dir='ltr'><strong>secularibus,</strong></span> <span class='ocrx_word' id='word_1_150' title='bbox 1286 2361 1439 2420; x_wconf 80' lang='lat' dir='ltr'><strong>Teutonici</strong></span> 
     </span>
     <span class='ocr_line' id='line_1_18' title="bbox 381 2441 1607 2518; baseline 0.002 -18"><span class='ocrx_word' id='word_1_151' title='bbox 381 2444 470 2517; x_wconf 78' lang='lat' dir='ltr'><strong>regni</strong></span> <span class='ocrx_word' id='word_1_152' title='bbox 496 2442 718 2500; x_wconf 85' lang='lat' dir='ltr'><strong>abrenuntiatas</strong></span> <span class='ocrx_word' id='word_1_153' title='bbox 745 2447 798 2497; x_wconf 83' lang='lat' dir='ltr'><strong>est.</strong></span> <span class='ocrx_word' id='word_1_154' title='bbox 844 2441 989 2500; x_wconf 81' lang='lat' dir='ltr'><strong>Similiter</strong></span> <span class='ocrx_word' id='word_1_155' title='bbox 1013 2458 1114 2498; x_wconf 90' lang='lat' dir='ltr'><strong>omnes</strong></span> <span class='ocrx_word' id='word_1_156' title='bbox 1139 2443 1357 2518; x_wconf 85' lang='lat' dir='ltr'><strong>archiepiscopi,</strong></span> <span class='ocrx_word' id='word_1_157' title='bbox 1377 2447 1438 2516; x_wconf 89' lang='lat' dir='ltr'><strong>epi·</strong></span> <span class='ocrx_word' id='word_1_158' title='bbox 1557 2473 1607 2518; x_wconf 56' lang='lat'><strong>50„</strong></span> 
     </span>
     <span class='ocr_line' id='line_1_19' title="bbox 381 2471 1606 2620; baseline 0.001 -35"><span class='ocrx_word' id='word_1_159' title='bbox 381 2528 470 2600; x_wconf 87' lang='lat' dir='ltr'><strong>scopi,</strong></span> <span class='ocrx_word' id='word_1_160' title='bbox 490 2531 522 2584; x_wconf 91' lang='lat' dir='ltr'><strong>et</strong></span> <span class='ocrx_word' id='word_1_161' title='bbox 537 2527 656 2583; x_wconf 90' lang='lat' dir='ltr'><strong>abbates</strong></span> <span class='ocrx_word' id='word_1_162' title='bbox 673 2524 824 2581; x_wconf 78' lang='lat' dir='ltr'><strong>Teutonici</strong></span> <span class='ocrx_word' id='word_1_163' title='bbox 841 2525 939 2596; x_wconf 84' lang='lat' dir='ltr'><strong>regni,</strong></span> <span class='ocrx_word' id='word_1_164' title='bbox 959 2525 1010 2597; x_wconf 88' lang='lat' dir='ltr'><strong>qui</strong></span> <span class='ocrx_word' id='word_1_165' title='bbox 1030 2525 1068 2580; x_wconf 88' lang='lat' dir='ltr'><strong>ab</strong></span> <span class='ocrx_word' id='word_1_166' title='bbox 1087 2542 1122 2581; x_wconf 91' lang='lat' dir='ltr'><strong>eo</strong></span> <span class='ocrx_word' id='word_1_167' title='bbox 1142 2527 1190 2582; x_wconf 83' lang='lat' dir='ltr'><strong>vel</strong></span> <span class='ocrx_word' id='word_1_168' title='bbox 1211 2528 1248 2585; x_wconf 87' lang='lat' dir='ltr'><strong>ab</strong></span> <span class='ocrx_word' id='word_1_169' title='bbox 1271 2528 1338 2586; x_wconf 85' lang='lat' dir='ltr'><strong>aliis</strong></span> <span class='ocrx_word' id='word_1_170' title='bbox 1361 2531 1437 2586; x_wconf 89' lang='lat' dir='ltr'><strong>anti·</strong></span> <span class='ocrx_word' id='word_1_171' title='bbox 1449 2471 1606 2620; x_wconf 52' lang='lat' dir='ltr'><strong>ffliffl</strong></span> 
     </span>
     <span class='ocr_line' id='line_1_20' title="bbox 381 2607 1556 2685; baseline 0.003 -18"><span class='ocrx_word' id='word_1_172' title='bbox 381 2612 465 2684; x_wconf 88' lang='lat' dir='ltr'><strong>papis</strong></span> <span class='ocrx_word' id='word_1_173' title='bbox 482 2607 742 2683; x_wconf 73' lang='lat' dir='ltr'><strong>predecessoribus</strong></span> <span class='ocrx_word' id='word_1_174' title='bbox 759 2609 828 2675; x_wconf 87' lang='lat' dir='ltr'><strong>suis,</strong></span> <span class='ocrx_word' id='word_1_175' title='bbox 849 2608 962 2665; x_wconf 86' lang='lat' dir='ltr'><strong>scilicet</strong></span> <span class='ocrx_word' id='word_1_176' title='bbox 985 2609 1022 2665; x_wconf 91' lang='lat' dir='ltr'><strong>ab</strong></span> <span class='ocrx_word' id='word_1_177' title='bbox 1046 2607 1214 2676; x_wconf 84' lang='lat' dir='ltr'><strong>Octaviano,</strong></span> <span class='ocrx_word' id='word_1_178' title='bbox 1233 2611 1283 2683; x_wconf 89' lang='lat' dir='ltr'><strong>qui</strong></span> <span class='ocrx_word' id='word_1_179' title='bbox 1306 2616 1338 2668; x_wconf 88' lang='lat' dir='ltr'><strong>et</strong></span> <span class='ocrx_word' id='word_1_180' title='bbox 1362 2631 1438 2685; x_wconf 87' lang='lat' dir='ltr'><strong>papa</strong></span> <span class='ocrx_word' id='word_1_181' title='bbox 1448 2623 1556 2676; x_wconf 60' lang='lat' dir='ltr'><strong>orsam</strong></span> 
     </span>
     <span class='ocr_line' id='line_1_21' title="bbox 381 2690 1436 2763; baseline 0.001 -12"><span class='ocrx_word' id='word_1_182' title='bbox 381 2694 486 2751; x_wconf 85' lang='lat' dir='ltr'><strong>Victor</strong></span> <span class='ocrx_word' id='word_1_183' title='bbox 503 2693 671 2759; x_wconf 86' lang='lat' dir='ltr'><strong>vocabatur,</strong></span> <span class='ocrx_word' id='word_1_184' title='bbox 689 2691 737 2747; x_wconf 85' lang='lat' dir='ltr'><strong>vel</strong></span> <span class='ocrx_word' id='word_1_185' title='bbox 755 2708 773 2745; x_wconf 91' lang='lat' dir='ltr'><strong>a</strong></span> <span class='ocrx_word' id='word_1_186' title='bbox 790 2692 914 2749; x_wconf 87' lang='lat' dir='ltr'><strong>Widone</strong></span> <span class='ocrx_word' id='word_1_187' title='bbox 933 2691 970 2747; x_wconf 92' lang='lat' dir='ltr'><strong>de</strong></span> <span class='ocrx_word' id='word_1_188' title='bbox 988 2690 1103 2759; x_wconf 78' lang='lat' dir='ltr'><strong>Oreine,</strong></span> <span class='ocrx_word' id='word_1_189' title='bbox 1122 2692 1174 2763; x_wconf 86' lang='lat' dir='ltr'><strong>qui</strong></span> <span class='ocrx_word' id='word_1_190' title='bbox 1191 2692 1349 2750; x_wconf 84' lang='lat' dir='ltr'><strong>vocabatur</strong></span> <span class='ocrx_word' id='word_1_191' title='bbox 1366 2696 1436 2752; x_wconf 87' lang='lat' dir='ltr'><strong>Pas-</strong></span> 
     </span>
     <span class='ocr_line' id='line_1_22' title="bbox 382 2774 1437 2851; baseline 0.003 -18"><span class='ocrx_word' id='word_1_192' title='bbox 382 2777 483 2846; x_wconf 88' lang='lat' dir='ltr'><strong>chalis,</strong></span> <span class='ocrx_word' id='word_1_193' title='bbox 495 2776 632 2834; x_wconf 82' lang='lat' dir='ltr'><strong>ordinati</strong></span> <span class='ocrx_word' id='word_1_194' title='bbox 648 2776 773 2843; x_wconf 75' lang='lat' dir='ltr'><strong>fuerant,</strong></span> <span class='ocrx_word' id='word_1_195' title='bbox 790 2775 946 2847; x_wconf 80' lang='lat' dir='ltr'><strong>&#39;degradati</strong></span> <span class='ocrx_word' id='word_1_196' title='bbox 962 2781 1039 2832; x_wconf 84' lang='lat' dir='ltr'><strong>sunt</strong></span> <span class='ocrx_word' id='word_1_197' title='bbox 1078 2774 1223 2832; x_wconf 83' lang='lat' dir='ltr'><strong>Similiter</strong></span> <span class='ocrx_word' id='word_1_198' title='bbox 1245 2777 1351 2834; x_wconf 89' lang='lat' dir='ltr'><strong>altaria</strong></span> <span class='ocrx_word' id='word_1_199' title='bbox 1371 2796 1437 2851; x_wconf 77' lang='lat' dir='ltr'><strong>quae</strong></span> 
     </span>
     <span class='ocr_line' id='line_1_23' title="bbox 381 2859 1264 2926; baseline -0.001 -1"><span class='ocrx_word' id='word_1_200' title='bbox 381 2870 419 2925; x_wconf 90' lang='lat' dir='ltr'><strong>ab</strong></span> <span class='ocrx_word' id='word_1_201' title='bbox 436 2869 547 2926; x_wconf 91' lang='lat' dir='ltr'><strong>eisdem</strong></span> <span class='ocrx_word' id='word_1_202' title='bbox 556 2859 750 2926; x_wconf 79' lang='lat' dir='ltr'><strong>scismaticis</strong></span> <span class='ocrx_word' id='word_1_203' title='bbox 768 2866 901 2922; x_wconf 86' lang='lat' dir='ltr'><strong>dedicata</strong></span> <span class='ocrx_word' id='word_1_204' title='bbox 911 2867 1027 2922; x_wconf 85' lang='lat' dir='ltr'><strong>fuerant</strong></span> <span class='ocrx_word' id='word_1_205' title='bbox 1038 2866 1177 2925; x_wconf 81' lang='lat' dir='ltr'><strong>subversa</strong></span> <span class='ocrx_word' id='word_1_206' title='bbox 1188 2874 1264 2924; x_wconf 88' lang='lat' dir='ltr'><strong>sunt.</strong></span> 
     </span>
    </p>
   </div>
   <div class='ocr_carea' id='block_1_7' title="bbox 403 2950 1571 3036">
    <p class='ocr_par' dir='ltr' id='par_1_8' title="bbox 403 2950 1571 3036">
     <span class='ocr_line' id='line_1_24' title="bbox 403 2950 1571 3036; baseline 0.006 -23"><span class='ocrx_word' id='word_1_207' title='bbox 403 2959 440 3013; x_wconf 88' lang='lat' dir='ltr'><strong>In</strong></span> <span class='ocrx_word' id='word_1_208' title='bbox 448 2950 520 3036; x_wconf 83' lang='lat' dir='ltr'><strong>ipso</strong></span> <span class='ocrx_word' id='word_1_209' title='bbox 530 2957 654 3015; x_wconf 88' lang='lat' dir='ltr'><strong>concilio</strong></span> <span class='ocrx_word' id='word_1_210' title='bbox 662 2954 812 3013; x_wconf 85' lang='lat' dir='ltr'><strong>Gonredns</strong></span> <span class='ocrx_word' id='word_1_211' title='bbox 819 2954 910 3010; x_wconf 87' lang='lat' dir='ltr'><strong>frater</strong></span> <span class='ocrx_word' id='word_1_212' title='bbox 918 2955 1105 3012; x_wconf 86' lang='lat' dir='ltr'><strong>consobrinus</strong></span> <span class='ocrx_word' id='word_1_213' title='bbox 1111 2956 1244 3028; x_wconf 67' lang='lat' dir='ltr'><strong>predicti</strong></span> <span class='ocrx_word' id='word_1_214' title='bbox 1252 2957 1435 3031; x_wconf 87' lang='lat' dir='ltr'><strong>imperatoris</strong></span> <span class='ocrx_word' id='word_1_215' title='bbox 1447 2972 1539 3019; x_wconf 75' lang='lat' dir='ltr'><strong>conrsd</strong></span> <span class='ocrx_word' id='word_1_216' title='bbox 1547 2978 1571 3020; x_wconf 83' lang='lat' dir='ltr'><strong>or</strong></span> 
     </span>
    </p>
   </div>
   <div class='ocr_carea' id='block_1_8' title="bbox 379 3025 1602 3121">
    <p class='ocr_par' dir='ltr' id='par_1_9' title="bbox 379 3025 1602 3121">
     <span class='ocr_line' id='line_1_25' title="bbox 379 3025 1602 3121; baseline 0.007 -20"><span class='ocrx_word' id='word_1_217' title='bbox 379 3047 492 3119; x_wconf 85' lang='lat' dir='ltr'><strong>recepit</strong></span> <span class='ocrx_word' id='word_1_218' title='bbox 509 3063 528 3101; x_wconf 89' lang='lat' dir='ltr'><strong>a</strong></span> <span class='ocrx_word' id='word_1_219' title='bbox 543 3061 636 3101; x_wconf 86' lang='lat' dir='ltr'><strong>manu</strong></span> <span class='ocrx_word' id='word_1_220' title='bbox 647 3032 814 3100; x_wconf 83' lang='lat' dir='ltr'><strong>Alexandri</strong></span> <span class='ocrx_word' id='word_1_221' title='bbox 825 3053 921 3120; x_wconf 83' lang='lat' dir='ltr'><strong>papae</strong></span> <span class='ocrx_word' id='word_1_222' title='bbox 932 3043 1215 3117; x_wconf 87' lang='lat' dir='ltr'><strong>archiepiscopatum</strong></span> <span class='ocrx_word' id='word_1_223' title='bbox 1229 3044 1434 3121; x_wconf 78' lang='lat' dir='ltr'><strong>Sauoeburgae,</strong></span> <span class='ocrx_word' id='word_1_224' title='bbox 1447 3025 1602 3121; x_wconf 32' lang='lat' dir='ltr'><strong>aspergebant</strong></span> 
     </span>
    </p>
   </div>
   <div class='ocr_carea' id='block_1_9' title="bbox 378 3123 1566 4304">
    <p class='ocr_par' dir='ltr' id='par_1_10' title="bbox 378 3123 1566 4304">
     <span class='ocr_line' id='line_1_26' title="bbox 380 3123 1566 3232; baseline 0.005 -43"><span class='ocrx_word' id='word_1_225' title='bbox 380 3138 410 3189; x_wconf 90' lang='lat' dir='ltr'><strong>et</strong></span> <span class='ocrx_word' id='word_1_226' title='bbox 437 3138 585 3189; x_wconf 87' lang='lat' dir='ltr'><strong>annuente</strong></span> <span class='ocrx_word' id='word_1_227' title='bbox 611 3123 684 3210; x_wconf 82' lang='lat' dir='ltr'><strong>ipso</strong></span> <span class='ocrx_word' id='word_1_228' title='bbox 709 3132 884 3205; x_wconf 85' lang='lat' dir='ltr'><strong>imperatore</strong></span> <span class='ocrx_word' id='word_1_229' title='bbox 909 3131 1045 3189; x_wconf 89' lang='lat' dir='ltr'><strong>dominus</strong></span> <span class='ocrx_word' id='word_1_230' title='bbox 1068 3151 1145 3206; x_wconf 88' lang='lat' dir='ltr'><strong>papa</strong></span> <span class='ocrx_word' id='word_1_231' title='bbox 1168 3136 1314 3192; x_wconf 85' lang='lat' dir='ltr'><strong>concessit</strong></span> <span class='ocrx_word' id='word_1_232' title='bbox 1338 3138 1435 3194; x_wconf 91' lang='lat' dir='ltr'><strong>eidem</strong></span> <span class='ocrx_word' id='word_1_233' title='bbox 1448 3126 1566 3232; x_wconf 54' lang='lat' dir='ltr'><strong>ffiffi</strong></span> 
     </span>
     <span class='ocr_line' id='line_1_27' title="bbox 380 3222 1433 3299; baseline 0.006 -19"><span class='ocrx_word' id='word_1_234' title='bbox 380 3223 513 3280; x_wconf 81' lang='lat' dir='ltr'><strong>Conredo</strong></span> <span class='ocrx_word' id='word_1_235' title='bbox 530 3224 673 3296; x_wconf 81' lang='lat' dir='ltr'><strong>legatiam</strong></span> <span class='ocrx_word' id='word_1_236' title='bbox 689 3223 781 3281; x_wconf 86' lang='lat' dir='ltr'><strong>totins</strong></span> <span class='ocrx_word' id='word_1_237' title='bbox 798 3222 953 3278; x_wconf 79' lang='lat' dir='ltr'><strong>Teutonici</strong></span> <span class='ocrx_word' id='word_1_238' title='bbox 973 3224 1061 3295; x_wconf 83' lang='lat' dir='ltr'><strong>regni</strong></span> <span class='ocrx_word' id='word_1_239' title='bbox 1079 3224 1220 3296; x_wconf 88' lang='lat' dir='ltr'><strong>quamdiu</strong></span> <span class='ocrx_word' id='word_1_240' title='bbox 1237 3227 1301 3299; x_wconf 89' lang='lat' dir='ltr'><strong>ipse</strong></span> <span class='ocrx_word' id='word_1_241' title='bbox 1317 3227 1433 3298; x_wconf 79' lang='lat' dir='ltr'><strong>viserit,</strong></span> 
     </span>
     <span class='ocr_line' id='line_1_28' title="bbox 380 3297 1436 3382; baseline 0.005 -21"><span class='ocrx_word' id='word_1_242' title='bbox 380 3297 459 3382; x_wconf 88' lang='lat' dir='ltr'><strong>quia</strong></span> <span class='ocrx_word' id='word_1_243' title='bbox 483 3306 540 3361; x_wconf 90' lang='lat' dir='ltr'><strong>iste</strong></span> <span class='ocrx_word' id='word_1_244' title='bbox 562 3303 721 3369; x_wconf 82' lang='lat' dir='ltr'><strong>Oonredus,</strong></span> <span class='ocrx_word' id='word_1_245' title='bbox 742 3320 810 3360; x_wconf 88' lang='lat' dir='ltr'><strong>oum</strong></span> <span class='ocrx_word' id='word_1_246' title='bbox 836 3303 946 3360; x_wconf 89' lang='lat' dir='ltr'><strong>electus</strong></span> <span class='ocrx_word' id='word_1_247' title='bbox 971 3308 1048 3360; x_wconf 88' lang='lat' dir='ltr'><strong>esset</strong></span> <span class='ocrx_word' id='word_1_248' title='bbox 1070 3309 1202 3377; x_wconf 84' lang='lat' dir='ltr'><strong>tempore</strong></span> <span class='ocrx_word' id='word_1_249' title='bbox 1225 3308 1371 3366; x_wconf 88' lang='lat' dir='ltr'><strong>scismatis</strong></span> <span class='ocrx_word' id='word_1_250' title='bbox 1397 3310 1436 3366; x_wconf 91' lang='lat' dir='ltr'><strong>ad</strong></span> 
     </span>
     <span class='ocr_line' id='line_1_29' title="bbox 380 3382 1436 3463; baseline 0.005 -22"><span class='ocrx_word' id='word_1_251' title='bbox 380 3386 660 3458; x_wconf 85' lang='lat' dir='ltr'><strong>archiepiscopatum</strong></span> <span class='ocrx_word' id='word_1_252' title='bbox 685 3382 903 3455; x_wconf 57' lang='lat' dir='ltr'><strong>limentinum,</strong></span> <span class='ocrx_word' id='word_1_253' title='bbox 928 3384 1025 3441; x_wconf 89' lang='lat' dir='ltr'><strong>noluit</strong></span> <span class='ocrx_word' id='word_1_254' title='bbox 1049 3386 1086 3441; x_wconf 89' lang='lat' dir='ltr'><strong>ab</strong></span> <span class='ocrx_word' id='word_1_255' title='bbox 1113 3385 1271 3444; x_wconf 81' lang='lat' dir='ltr'><strong>Octaviano</strong></span> <span class='ocrx_word' id='word_1_256' title='bbox 1298 3390 1436 3463; x_wconf 74' lang='lat' dir='ltr'><strong>antipapa</strong></span> 
     </span>
     <span class='ocr_line' id='line_1_30' title="bbox 380 3467 1433 3539; baseline 0.004 -14"><span class='ocrx_word' id='word_1_257' title='bbox 380 3469 562 3535; x_wconf 87' lang='lat' dir='ltr'><strong>consecrari;</strong></span> <span class='ocrx_word' id='word_1_258' title='bbox 581 3468 633 3525; x_wconf 87' lang='lat' dir='ltr'><strong>sed</strong></span> <span class='ocrx_word' id='word_1_259' title='bbox 649 3468 763 3523; x_wconf 82' lang='lat' dir='ltr'><strong>metens</strong></span> <span class='ocrx_word' id='word_1_260' title='bbox 782 3467 859 3522; x_wconf 87' lang='lat' dir='ltr'><strong>inter</strong></span> <span class='ocrx_word' id='word_1_261' title='bbox 874 3467 1034 3525; x_wconf 87' lang='lat' dir='ltr'><strong>catholicos</strong></span> <span class='ocrx_word' id='word_1_262' title='bbox 1051 3485 1105 3539; x_wconf 90' lang='lat' dir='ltr'><strong>pro</strong></span> <span class='ocrx_word' id='word_1_263' title='bbox 1120 3471 1240 3526; x_wconf 90' lang='lat' dir='ltr'><strong>nomine</strong></span> <span class='ocrx_word' id='word_1_264' title='bbox 1257 3470 1368 3527; x_wconf 78' lang='lat' dir='ltr'><strong>Christi</strong></span> <span class='ocrx_word' id='word_1_265' title='bbox 1385 3474 1433 3530; x_wconf 88' lang='lat' dir='ltr'><strong>de-</strong></span> 
     </span>
     <span class='ocr_line' id='line_1_31' title="bbox 380 3549 1431 3624; baseline 0.004 -17"><span class='ocrx_word' id='word_1_266' title='bbox 380 3570 459 3623; x_wconf 86' lang='lat' dir='ltr'><strong>gere,</strong></span> <span class='ocrx_word' id='word_1_267' title='bbox 478 3569 567 3624; x_wconf 88' lang='lat' dir='ltr'><strong>qnam</strong></span> <span class='ocrx_word' id='word_1_268' title='bbox 590 3552 669 3607; x_wconf 89' lang='lat' dir='ltr'><strong>inter</strong></span> <span class='ocrx_word' id='word_1_269' title='bbox 686 3550 866 3607; x_wconf 86' lang='lat' dir='ltr'><strong>scismaticos</strong></span> <span class='ocrx_word' id='word_1_270' title='bbox 890 3549 1002 3606; x_wconf 85' lang='lat' dir='ltr'><strong>divitiis</strong></span> <span class='ocrx_word' id='word_1_271' title='bbox 1026 3555 1057 3606; x_wconf 87' lang='lat' dir='ltr'><strong>et</strong></span> <span class='ocrx_word' id='word_1_272' title='bbox 1080 3552 1255 3609; x_wconf 85' lang='lat' dir='ltr'><strong>transitoriis</strong></span> <span class='ocrx_word' id='word_1_273' title='bbox 1273 3555 1431 3624; x_wconf 86' lang='lat' dir='ltr'><strong>abundare,</strong></span> 
     </span>
     <span class='ocr_line' id='line_1_32' title="bbox 379 3633 1434 3713; baseline 0.006 -23"><span class='ocrx_word' id='word_1_274' title='bbox 379 3635 516 3692; x_wconf 85' lang='lat' dir='ltr'><strong>electioni</strong></span> <span class='ocrx_word' id='word_1_275' title='bbox 533 3652 593 3690; x_wconf 75' lang='lat' dir='ltr'><strong>suae</strong></span> <span class='ocrx_word' id='word_1_276' title='bbox 610 3633 838 3699; x_wconf 84' lang='lat' dir='ltr'><strong>abrenuntiavit,</strong></span> <span class='ocrx_word' id='word_1_277' title='bbox 850 3638 883 3689; x_wconf 90' lang='lat' dir='ltr'><strong>et</strong></span> <span class='ocrx_word' id='word_1_278' title='bbox 898 3634 981 3690; x_wconf 82' lang='lat' dir='ltr'><strong>venit</strong></span> <span class='ocrx_word' id='word_1_279' title='bbox 998 3634 1031 3690; x_wconf 91' lang='lat' dir='ltr'><strong>in</strong></span> <span class='ocrx_word' id='word_1_280' title='bbox 1048 3640 1146 3707; x_wconf 89' lang='lat' dir='ltr'><strong>partes</strong></span> <span class='ocrx_word' id='word_1_281' title='bbox 1162 3634 1325 3694; x_wconf 79' lang='lat' dir='ltr'><strong>Galliarum</strong></span> <span class='ocrx_word' id='word_1_282' title='bbox 1342 3657 1434 3713; x_wconf 87' lang='lat' dir='ltr'><strong>usque</strong></span> 
     </span>
     <span class='ocr_line' id='line_1_33' title="bbox 379 3716 1434 3783; baseline 0.006 -9"><span class='ocrx_word' id='word_1_283' title='bbox 379 3717 417 3774; x_wconf 93' lang='lat' dir='ltr'><strong>ad</strong></span> <span class='ocrx_word' id='word_1_284' title='bbox 444 3718 640 3774; x_wconf 82' lang='lat' dir='ltr'><strong>Senonensem</strong></span> <span class='ocrx_word' id='word_1_285' title='bbox 667 3717 826 3783; x_wconf 82' lang='lat' dir='ltr'><strong>civitatem,</strong></span> <span class='ocrx_word' id='word_1_286' title='bbox 856 3720 887 3771; x_wconf 88' lang='lat' dir='ltr'><strong>et</strong></span> <span class='ocrx_word' id='word_1_287' title='bbox 912 3716 1031 3775; x_wconf 85' lang='lat' dir='ltr'><strong>invento</strong></span> <span class='ocrx_word' id='word_1_288' title='bbox 1058 3717 1100 3773; x_wconf 91' lang='lat' dir='ltr'><strong>ibi</strong></span> <span class='ocrx_word' id='word_1_289' title='bbox 1126 3718 1294 3777; x_wconf 81' lang='lat' dir='ltr'><strong>Alexandro</strong></span> <span class='ocrx_word' id='word_1_290' title='bbox 1319 3738 1434 3780; x_wconf 90' lang='lat' dir='ltr'><strong>summo</strong></span> 
     </span>
     <span class='ocr_line' id='line_1_34' title="bbox 379 3799 1435 3874; baseline 0.006 -18"><span class='ocrx_word' id='word_1_291' title='bbox 379 3802 525 3874; x_wconf 89' lang='lat' dir='ltr'><strong>pontifice,</strong></span> <span class='ocrx_word' id='word_1_292' title='bbox 545 3801 596 3873; x_wconf 90' lang='lat' dir='ltr'><strong>qui</strong></span> <span class='ocrx_word' id='word_1_293' title='bbox 613 3817 648 3856; x_wconf 92' lang='lat' dir='ltr'><strong>ea</strong></span> <span class='ocrx_word' id='word_1_294' title='bbox 670 3803 846 3872; x_wconf 85' lang='lat' dir='ltr'><strong>tempestate</strong></span> <span class='ocrx_word' id='word_1_295' title='bbox 870 3799 945 3856; x_wconf 86' lang='lat' dir='ltr'><strong>citra</strong></span> <span class='ocrx_word' id='word_1_296' title='bbox 967 3806 1082 3857; x_wconf 88' lang='lat' dir='ltr'><strong>montes</strong></span> <span class='ocrx_word' id='word_1_297' title='bbox 1104 3801 1176 3858; x_wconf 88' lang='lat' dir='ltr'><strong>ilinc</strong></span> <span class='ocrx_word' id='word_1_298' title='bbox 1198 3810 1374 3873; x_wconf 86' lang='lat' dir='ltr'><strong>pervenerat</strong></span> <span class='ocrx_word' id='word_1_299' title='bbox 1396 3806 1435 3862; x_wconf 88' lang='lat' dir='ltr'><strong>ad</strong></span> 
     </span>
     <span class='ocr_line' id='line_1_35' title="bbox 378 3883 1434 3964; baseline 0.005 -23"><span class='ocrx_word' id='word_1_300' title='bbox 378 3883 585 3942; x_wconf 85' lang='lat' dir='ltr'><strong>celebrandum</strong></span> <span class='ocrx_word' id='word_1_301' title='bbox 602 3883 768 3950; x_wconf 86' lang='lat' dir='ltr'><strong>concilium,</strong></span> <span class='ocrx_word' id='word_1_302' title='bbox 787 3900 842 3955; x_wconf 90' lang='lat' dir='ltr'><strong>pro</strong></span> <span class='ocrx_word' id='word_1_303' title='bbox 860 3900 958 3939; x_wconf 88' lang='lat' dir='ltr'><strong>amore</strong></span> <span class='ocrx_word' id='word_1_304' title='bbox 976 3884 1032 3939; x_wconf 90' lang='lat' dir='ltr'><strong>Dei</strong></span> <span class='ocrx_word' id='word_1_305' title='bbox 1055 3890 1087 3942; x_wconf 89' lang='lat' dir='ltr'><strong>et</strong></span> <span class='ocrx_word' id='word_1_306' title='bbox 1108 3904 1180 3958; x_wconf 88' lang='lat' dir='ltr'><strong>pace</strong></span> <span class='ocrx_word' id='word_1_307' title='bbox 1203 3888 1333 3944; x_wconf 83' lang='lat' dir='ltr'><strong>ecoleeiae</strong></span> <span class='ocrx_word' id='word_1_308' title='bbox 1357 3892 1434 3964; x_wconf 89' lang='lat' dir='ltr'><strong>seip-</strong></span> 
     </span>
     <span class='ocr_line' id='line_1_36' title="bbox 378 3966 1433 4040; baseline 0.007 -16"><span class='ocrx_word' id='word_1_309' title='bbox 378 3986 446 4024; x_wconf 86' lang='lat' dir='ltr'><strong>sum</strong></span> <span class='ocrx_word' id='word_1_310' title='bbox 468 3973 572 4039; x_wconf 87' lang='lat' dir='ltr'><strong>sponte</strong></span> <span class='ocrx_word' id='word_1_311' title='bbox 595 3966 738 4040; x_wconf 89' lang='lat' dir='ltr'><strong>deposuit,</strong></span> <span class='ocrx_word' id='word_1_312' title='bbox 761 3970 792 4022; x_wconf 90' lang='lat' dir='ltr'><strong>et</strong></span> <span class='ocrx_word' id='word_1_313' title='bbox 814 3983 833 4022; x_wconf 88' lang='lat' dir='ltr'><strong>a</strong></span> <span class='ocrx_word' id='word_1_314' title='bbox 854 3968 978 4038; x_wconf 79' lang='lat' dir='ltr'><strong>praefato</strong></span> <span class='ocrx_word' id='word_1_315' title='bbox 1004 3985 1081 4040; x_wconf 90' lang='lat' dir='ltr'><strong>papa</strong></span> <span class='ocrx_word' id='word_1_316' title='bbox 1107 3969 1251 4027; x_wconf 87' lang='lat' dir='ltr'><strong>catholico</strong></span> <span class='ocrx_word' id='word_1_317' title='bbox 1273 3973 1433 4031; x_wconf 89' lang='lat' dir='ltr'><strong>honorifice</strong></span> 
     </span>
     <span class='ocr_line' id='line_1_37' title="bbox 378 4048 1434 4123; baseline 0.006 -15"><span class='ocrx_word' id='word_1_318' title='bbox 378 4054 538 4122; x_wconf 88' lang='lat' dir='ltr'><strong>susceptus,</strong></span> <span class='ocrx_word' id='word_1_319' title='bbox 558 4051 637 4107; x_wconf 87' lang='lat' dir='ltr'><strong>inter</strong></span> <span class='ocrx_word' id='word_1_320' title='bbox 654 4050 804 4123; x_wconf 86' lang='lat' dir='ltr'><strong>episcopos</strong></span> <span class='ocrx_word' id='word_1_321' title='bbox 830 4048 992 4107; x_wconf 87' lang='lat' dir='ltr'><strong>cardinales</strong></span> <span class='ocrx_word' id='word_1_322' title='bbox 1016 4058 1242 4111; x_wconf 80' lang='lat' dir='ltr'><strong>connumeratus</strong></span> <span class='ocrx_word' id='word_1_323' title='bbox 1267 4061 1320 4123; x_wconf 87' lang='lat' dir='ltr'><strong>est,</strong></span> <span class='ocrx_word' id='word_1_324' title='bbox 1346 4062 1378 4113; x_wconf 92' lang='lat' dir='ltr'><strong>et</strong></span> <span class='ocrx_word' id='word_1_325' title='bbox 1402 4058 1434 4114; x_wconf 91' lang='lat' dir='ltr'><strong>in</strong></span> 
     </span>
     <span class='ocr_line' id='line_1_38' title="bbox 380 4133 1434 4215; baseline 0.009 -27"><span class='ocrx_word' id='word_1_326' title='bbox 380 4134 444 4206; x_wconf 91' lang='lat' dir='ltr'><strong>ipso</strong></span> <span class='ocrx_word' id='word_1_327' title='bbox 468 4133 594 4189; x_wconf 88' lang='lat' dir='ltr'><strong>concilio</strong></span> <span class='ocrx_word' id='word_1_328' title='bbox 617 4134 711 4189; x_wconf 79' lang='lat' dir='ltr'><strong>tactus</strong></span> <span class='ocrx_word' id='word_1_329' title='bbox 741 4133 799 4188; x_wconf 85' lang='lat' dir='ltr'><strong>fuit</strong></span> <span class='ocrx_word' id='word_1_330' title='bbox 828 4133 981 4205; x_wconf 89' lang='lat' dir='ltr'><strong>episcopus</strong></span> <span class='ocrx_word' id='word_1_331' title='bbox 1009 4134 1167 4192; x_wconf 86' lang='lat' dir='ltr'><strong>cardinalis</strong></span> <span class='ocrx_word' id='word_1_332' title='bbox 1197 4137 1234 4193; x_wconf 93' lang='lat' dir='ltr'><strong>de</strong></span> <span class='ocrx_word' id='word_1_333' title='bbox 1264 4140 1434 4215; x_wconf 89' lang='lat' dir='ltr'><strong>episcopatu</strong></span> 
     </span>
     <span class='ocr_line' id='line_1_39' title="bbox 380 4226 1564 4304; baseline 0.008 -21"><span class='ocrx_word' id='word_1_334' title='bbox 380 4226 517 4284; x_wconf 82' lang='lat' dir='ltr'><strong>Saviniae.</strong></span> <span class='ocrx_word' id='word_1_335' title='bbox 553 4226 736 4283; x_wconf 75' lang='lat' dir='ltr'><strong>Christianm</strong></span> <span class='ocrx_word' id='word_1_336' title='bbox 761 4237 892 4303; x_wconf 88' lang='lat' dir='ltr'><strong>quoque</strong></span> <span class='ocrx_word' id='word_1_337' title='bbox 916 4226 1108 4282; x_wconf 84' lang='lat' dir='ltr'><strong>cancellarius</strong></span> <span class='ocrx_word' id='word_1_338' title='bbox 1132 4227 1223 4300; x_wconf 87' lang='lat' dir='ltr'><strong>ipsius</strong></span> <span class='ocrx_word' id='word_1_339' title='bbox 1249 4231 1433 4304; x_wconf 89' lang='lat' dir='ltr'><strong>imperatoris</strong></span> <span class='ocrx_word' id='word_1_340' title='bbox 1446 4247 1564 4295; x_wconf 72' lang='lat' dir='ltr'><strong>ohrtean</strong></span> 
     </span>
    </p>
   </div>
   <div class='ocr_carea' id='block_1_10' title="bbox 380 4300 1584 4381">
    <p class='ocr_par' dir='ltr' id='par_1_11' title="bbox 380 4300 1584 4381">
     <span class='ocr_line' id='line_1_40' title="bbox 380 4300 1584 4381; baseline 0.007 -19"><span class='ocrx_word' id='word_1_341' title='bbox 380 4306 519 4363; x_wconf 86' lang='lat' dir='ltr'><strong>successit</strong></span> <span class='ocrx_word' id='word_1_342' title='bbox 535 4306 657 4379; x_wconf 74' lang='lat' dir='ltr'><strong>prefato</strong></span> <span class='ocrx_word' id='word_1_343' title='bbox 675 4304 809 4362; x_wconf 83' lang='lat' dir='ltr'><strong>Oonredo</strong></span> <span class='ocrx_word' id='word_1_344' title='bbox 827 4307 860 4362; x_wconf 90' lang='lat' dir='ltr'><strong>in</strong></span> <span class='ocrx_word' id='word_1_345' title='bbox 878 4305 1147 4378; x_wconf 72' lang='lat' dir='ltr'><strong>archipraesulatum</strong></span> <span class='ocrx_word' id='word_1_346' title='bbox 1168 4308 1385 4381; x_wconf 84' lang='lat' dir='ltr'><strong>Maguntinum‚</strong></span> <span class='ocrx_word' id='word_1_347' title='bbox 1404 4321 1433 4373; x_wconf 89' lang='lat' dir='ltr'><strong>et</strong></span> <span class='ocrx_word' id='word_1_348' title='bbox 1445 4300 1584 4354; x_wconf 76' lang='lat' dir='ltr'><strong>mhbahop</strong></span> 
     </span>
    </p>
   </div>
   <div class='ocr_carea' id='block_1_11' title="bbox 379 4352 1578 4467">
    <p class='ocr_par' dir='ltr' id='par_1_12' title="bbox 379 4352 1578 4467">
     <span class='ocr_line' id='line_1_41' title="bbox 379 4352 1578 4467; baseline -0.032 -24"><span class='ocrx_word' id='word_1_349' title='bbox 379 4386 503 4459; x_wconf 86' lang='lat' dir='ltr'><strong>pallium</strong></span> <span class='ocrx_word' id='word_1_350' title='bbox 527 4386 656 4457; x_wconf 83' lang='lat' dir='ltr'><strong>suscepit</strong></span> <span class='ocrx_word' id='word_1_351' title='bbox 679 4403 698 4442; x_wconf 88' lang='lat' dir='ltr'><strong>a</strong></span> <span class='ocrx_word' id='word_1_352' title='bbox 720 4385 845 4443; x_wconf 87' lang='lat' dir='ltr'><strong>Widone</strong></span> <span class='ocrx_word' id='word_1_353' title='bbox 870 4386 906 4442; x_wconf 90' lang='lat' dir='ltr'><strong>de</strong></span> <span class='ocrx_word' id='word_1_354' title='bbox 935 4385 1049 4443; x_wconf 64' lang='lat' dir='ltr'><strong>(treme,</strong></span> <span class='ocrx_word' id='word_1_355' title='bbox 1094 4377 1239 4467; x_wconf 64' lang='lat' dir='ltr'><strong>Ideoque</strong></span> <span class='ocrx_word' id='word_1_356' title='bbox 1262 4391 1340 4448; x_wconf 55' lang='lat' dir='ltr'><strong>fam</strong></span> <span class='ocrx_word' id='word_1_357' title='bbox 1362 4352 1578 4466; x_wconf 55' lang='lat' dir='ltr'><strong>pmormontaz</strong></span> 
     </span>
    </p>
   </div>
   <div class='ocr_carea' id='block_1_12' title="bbox 378 4464 1433 4620">
    <p class='ocr_par' dir='ltr' id='par_1_13' title="bbox 378 4464 1433 4620">
     <span class='ocr_line' id='line_1_42' title="bbox 378 4464 1433 4545; baseline 0.008 -25"><span class='ocrx_word' id='word_1_358' title='bbox 378 4465 457 4521; x_wconf 84' lang='lat' dir='ltr'><strong>inter</strong></span> <span class='ocrx_word' id='word_1_359' title='bbox 481 4464 634 4520; x_wconf 89' lang='lat' dir='ltr'><strong>dominum</strong></span> <span class='ocrx_word' id='word_1_360' title='bbox 656 4482 762 4537; x_wconf 90' lang='lat' dir='ltr'><strong>papam</strong></span> <span class='ocrx_word' id='word_1_361' title='bbox 788 4470 819 4521; x_wconf 90' lang='lat' dir='ltr'><strong>et</strong></span> <span class='ocrx_word' id='word_1_362' title='bbox 844 4465 1058 4538; x_wconf 88' lang='lat' dir='ltr'><strong>imperatorem,</strong></span> <span class='ocrx_word' id='word_1_363' title='bbox 1078 4470 1205 4542; x_wconf 84' lang='lat' dir='ltr'><strong>propriis</strong></span> <span class='ocrx_word' id='word_1_364' title='bbox 1221 4470 1355 4527; x_wconf 88' lang='lat' dir='ltr'><strong>menibus</strong></span> <span class='ocrx_word' id='word_1_365' title='bbox 1372 4473 1433 4545; x_wconf 91' lang='lat' dir='ltr'><strong>pal·</strong></span> 
     </span>
     <span class='ocr_line' id='line_1_43' title="bbox 378 4541 1433 4620; baseline 0.007 -20"><span class='ocrx_word' id='word_1_366' title='bbox 378 4545 453 4600; x_wconf 89' lang='lat' dir='ltr'><strong>lium</strong></span> <span class='ocrx_word' id='word_1_367' title='bbox 471 4560 558 4600; x_wconf 89' lang='lat' dir='ltr'><strong>suum</strong></span> <span class='ocrx_word' id='word_1_368' title='bbox 584 4543 742 4601; x_wconf 88' lang='lat' dir='ltr'><strong>combussit</strong></span> <span class='ocrx_word' id='word_1_369' title='bbox 767 4544 911 4611; x_wconf 75' lang='lat' dir='ltr'><strong>Venetia,</strong></span> <span class='ocrx_word' id='word_1_370' title='bbox 930 4541 1085 4617; x_wconf 73' lang='lat' dir='ltr'><strong>prasente</strong></span> <span class='ocrx_word' id='word_1_371' title='bbox 1111 4564 1188 4620; x_wconf 86' lang='lat' dir='ltr'><strong>papa</strong></span> <span class='ocrx_word' id='word_1_372' title='bbox 1213 4548 1379 4606; x_wconf 78' lang='lat' dir='ltr'><strong>Alexandro</strong></span> <span class='ocrx_word' id='word_1_373' title='bbox 1402 4557 1433 4607; x_wconf 91' lang='lat' dir='ltr'><strong>et</strong></span> 
     </span>
    </p>
   </div>
   <div class='ocr_carea' id='block_1_13' title="bbox 412 4814 1174 4886">
    <p class='ocr_par' dir='ltr' id='par_1_14' title="bbox 412 4814 1174 4886">
     <span class='ocr_line' id='line_1_44' title="bbox 412 4814 1174 4886; baseline 0.004 -20"><span class='ocrx_word' id='word_1_374' title='bbox 412 4814 543 4881; x_wconf 81' lang='lat' dir='ltr'><strong>¹recepto]</strong></span> <span class='ocrx_word' id='word_1_375' title='bbox 557 4820 671 4880; x_wconf 84' lang='lat' dir='ltr'><strong>accepto,</strong></span> <span class='ocrx_word' id='word_1_376' title='bbox 682 4815 715 4866; x_wconf 90' lang='grc' dir='ltr'><strong>Β.</strong></span> <span class='ocrx_word' id='word_1_377' title='bbox 903 4814 910 4884; x_wconf 88' lang='grc' dir='ltr'>Ι</span> <span class='ocrx_word' id='word_1_378' title='bbox 957 4817 1018 4886; x_wconf 72' lang='grc' dir='ltr'><strong>ἐέ]</strong></span> <span class='ocrx_word' id='word_1_379' title='bbox 1032 4832 1082 4869; x_wconf 86' lang='lat' dir='ltr'><strong>em.</strong></span> <span class='ocrx_word' id='word_1_380' title='bbox 1094 4819 1128 4869; x_wconf 84' lang='lat' dir='ltr'><strong>A.</strong></span> <span class='ocrx_word' id='word_1_381' title='bbox 1141 4821 1174 4871; x_wconf 91' lang='grc' dir='ltr'><strong>Β.</strong></span> 
     </span>
    </p>
   </div>
   <div class='ocr_carea' id='block_1_14' title="bbox 0 0 1828 5720">
    <p class='ocr_par' dir='ltr' id='par_1_15' title="bbox 0 0 1828 5720">
     <span class='ocr_line' id='line_1_45' title="bbox 0 0 1828 5720; baseline 0 2"><span class='ocrx_word' id='word_1_382' title='bbox 0 0 1828 5720; x_wconf 95' lang='lat' dir='ltr'><strong> </strong></span> 
     </span>
    </p>
   </div>
  </div>
 </body>
</html>
