3662 5728
441 893 505 957 156
641 907 803 959 ouavssn
826 909 987 959 mousom
1009 910 1282 961 osnruiuisusrs
1310 982 1313 987 μ

287 1092 410 1138 Lm&
439 1099 544 1149 centes.
581 1091 643 1150 Rex
667 1098 766 1150 autom
790 1092 940 1150 obsederat
968 1093 1119 1151 castellum
1148 1093 1185 1151 de
1209 1092 1384 1168 Gipeswich‚
1413 1089 1626 1165 quodEHuut.

272 1153 391 1250 ffffiff'd
434 1186 547 1231 comes
581 1173 671 1245 Hugo
689 1172 787 1244 Bigod
810 1180 912 1230 contra
935 1191 1003 1230 eum
1029 1176 1155 1231 tonabat.
1193 1175 1285 1249 Cujus
1309 1172 1490 1231 obsidionem
1503 1162 1612 1214 libfffi'h

272 1256 377 1359 ‹1110me
440 1280 508 1317 cum
524 1259 785 1406 nolletddinrsitffi
800 1279 853 1407 nplc
869 1260 990 1357 inclusis
1007 1276 1028 1319 a
1050 1254 1140 1360 duco·
1154 1262 1295 1319 auxilium
1313 1258 1489 1406 {ippondara
1502 1230 1537 1282 ὡ·
1549 1233 1607 1283 ²⁹⁷·

271 1357 340 1401 audi
398 1355 428 1400 oh
1225 1352 1232 1365 '
1334 1350 1341 1364 '
1481 1390 1489 1404 .

270 1355 414 1460 cairi
441 1351 718 1496 ‘diffini
739 1349 1327 1518 istiptttptitttttt
1343 1353 1489 1495 itti.

440 1524 636 1663 Baptautem
658 1525 857 1598 Notingeham
874 1530 961 1603 petiit
978 1535 1009 1586 et
1030 1522 1168 1601 obsedit,
1185 1535 1215 1588 et
1249 1521 1372 1606 absque
1399 1539 1492 1585 mora

271 1700 415 1803 ffifflm
440 1625 809 1756 001dheodboldusintorim
820 1693 1063 1763 cantuariensis
1078 1704 1312 1778 archiepiscopus
1329 1720 1397 1759 oum
1408 1718 1489 1773 rege,
1503 1716 1539 1769 H.
1550 1716 1630 1769 nm

272 1802 391 1855 torpesca
441 1806 510 1844 oum
528 1788 601 1843 duco
619 1786 655 1841 do
675 1789 876 1857 componenda
896 1803 976 1869 pace
998 1795 1142 1850 tractabat
1149 1814 1158 1857 3
1195 1805 1271 1850 cum
1291 1808 1360 1863 rege
1378 1781 1489 1868 singu-
1501 1785 1546 1836 lib.
1557 1783 1609 1836 viii.

441 1868 557 1935 lariter
590 1873 766 1945 colloquens,
796 1876 864 1933 duci
894 1897 963 1935 vero
998 1881 1164 1953 frequenter
1198 1880 1316 1937 nuntios
1344 1870 1489 1936 mittem.
1502 1850 1608 1903 mm·

442 1966 589 2023 Hauricus
620 1952 721 2019 ver0¹
744 1965 894 2038 episcopus
923 1968 1142 2036 wintoniensis,
1173 1970 1223 2041 qui
1252 1969 1334 2041 prius
1358 1960 1491 2047 quidem

441 2063 567 2117 regnum
579 2049 690 2108 funeste
706 2049 885 2111 turbaverat,
898 2065 965 2103 oum
977 2048 1076 2104 omnia
1092 2048 1205 2104 viderat
1215 2046 1338 2122 rapinis,
1349 2049 1493 2106 incendiis

442 2122 478 2183 et
507 2127 633 2187 uadibus
668 2128 816 2190 demolita,
851 2125 1026 2197 poenitentia
1059 2134 1156 2185 motus
1184 2128 1222 2183 ad
1251 2133 1397 2186 tantorum
1427 2129 1492 2185 fini·

443 2207 562 2272 endam
580 2219 724 2273 malorum
748 2205 910 2271 malitiam
933 2215 1094 2271 concordia
1119 2216 1285 2288 principum
1309 2216 1491 2288 invigilabat.

443 2297 582 2363 Factum
606 2302 657 2362 eat
682 2302 795 2362 autem
821 2299 862 2360 ut
884 2315 996 2360 mense
1011 2294 1202 2374 Novembri,
1217 2296 1253 2359 in
1275 2295 1340 2360 fine
1362 2297 1492 2373 mensio,

272 2410 413 2506 ΜΨ
442 2422 485 2467 ex
498 2404 662 2487 praecepto
681 2399 768 2487 regis
790 2403 826 2464 et
840 2396 932 2485 ducis
955 2398 1169 2463 convenirent
1183 2397 1271 2499 appd
1287 2397 1493 2464 Wintoniam

272 2512 421 2606 pertim-
440 2501 597 2591 praesules
622 2506 657 2567 et
679 2500 843 2588 principes
867 2499 971 2587 regni,
993 2504 1033 2565 ut
1056 2505 1091 2565 et
1117 2500 1181 2586 ipsi
1201 2499 1273 2585 jam
1299 2499 1394 2566 initae
1419 2501 1494 2586 poci

274 2611 372 2659 onear.
440 2605 625 2693 praeberent
661 2624 839 2695 ussonpum,
864 2606 899 2667 et
937 2602 1140 2668 unanimiter
1173 2602 1357 2688 juramenti
1388 2624 1494 2668 sacra·

442 2712 554 2773 mento
589 2705 827 2772 confirmarent.
885 2704 986 2770 Facto
1016 2704 1130 2790 itaque
1159 2704 1196 2769 iu
1226 2704 1370 2771 'civitate
1400 2704 1495 2771 Win-

443 2810 545 2876 toniae
567 2814 734 2893 convcutp
749 2807 889 2895 publico,
905 2814 940 2874 et
962 2808 1045 2874 duce
1066 2829 1142 2875 oum
1164 2808 1292 2894 ingenti
1313 2809 1435 2895 gaudio
1456 2809 1493 2874 in

442 2910 618 3000 episcopali
640 2910 717 2976 sede
747 2915 907 2999 suscepto,
936 2935 989 2975 rex
1019 2909 1208 2997 Stephanus
1244 2920 1342 2992 ipsum
1379 2912 1495 2978 ducem

374 3078 381 3091 ,
441 3015 569 3081 cunctis
592 3012 783 3078 videntibus
805 3013 968 3094 adoptavit
990 3021 1022 3075 in
1042 3020 1146 3086 filium,
1170 3017 1279 3098 atque,
1301 3013 1495 3101 interposito

442 3116 590 3183 omnium
612 3115 813 3201 juramento,
843 3114 1003 3180 concessit
1032 3119 1067 3179 et
1096 3113 1305 3181 confirmavit
1330 3116 1361 3181 ei
1393 3117 1497 3184 totius

442 3217 575 3305 Angliae
613 3216 845 3303 principatum.
900 3214 981 3280 Dux
1018 3221 1130 3282 autem
1167 3217 1311 3304 smoopit
1346 3241 1423 3284 eum
1460 3220 1497 3285 in

443 3321 551 3386 locum
572 3318 739 3405 genitoris,
755 3318 935 3383 concedens
958 3317 989 3383 ci
1012 3316 1164 3383 omnibus
1187 3318 1303 3385 diebus
1325 3320 1405 3387 vitae
1427 3343 1496 3388 suae

279 3433 361 3485 fleur
369 3429 417 3474 mr
443 3442 564 3488 nomeu
601 3424 636 3485 at
673 3440 742 3484 rem
780 3419 863 3506 regii
901 3418 1055 3485 culminis
1084 3420 1240 3507 optinere.
1286 3421 1351 3488 His
1384 3422 1498 3509 itaque

277 3481 418 3579 poam
443 3525 540 3591 rebus
569 3521 659 3609 apud
685 3520 892 3587 Wintouiam
915 3520 1059 3587 feliciter
1082 3522 1193 3609 gestis,
1207 3549 1259 3587 rex
1276 3532 1380 3588 ducem
1399 3550 1498 3590 secum

444 3637 560 3693 ducens
597 3644 671 3689 oum
708 3645 828 3711 magno
857 3644 1027 3710 procerum
1064 3629 1099 3689 et
1132 3622 1499 3710 praesulum'comitatu

445 3734 625 3791 Londoniam
647 3726 846 3813 properavit,
874 3725 1110 3812 dominumque
1133 3726 1237 3791 totius
1260 3726 1393 3813 Angliae
1415 3750 1499 3815 prae-

445 3829 548 3895 dicari
575 3851 651 3895 cum
681 3827 845 3916 pracepit.
907 3828 1019 3914 Hujus
1049 3828 1097 3893 rei
1127 3827 1216 3894 fama
1246 3828 1499 3916 circumquaque

353 3930 359 3939 ’
445 3931 652 4010 diffunditur,
675 3937 710 3997 ot
732 3930 881 4018 quisquis
903 3931 993 4018 pacis
1015 3930 1105 3995 fliius
1130 3931 1308 3997 admodum
1330 3932 1498 4019 gloriatur.

447 4040 495 4097 Sic
520 4041 575 4097 Dei
601 4040 800 4097 misericordia
820 4033 942 4098 nostris
961 4033 1122 4112 aerumpnis
1148 4041 1245 4107 finem,
1264 4041 1345 4113 pacis
1363 4059 1498 4098 auroram

278 4129 411 4179 momme-
445 4145 536 4200 reguo
566 4128 665 4185 diruto
694 4128 800 4185 tribuit
828 4130 1002 4203 Anglorsm.
1052 4129 1107 4185 His
1136 4129 1231 4200 igitur
1259 4129 1399 4206 peractis,
1431 4147 1499 4186 cum

278 4181 404 4273 fffflgdoen'
447 4225 562 4263 summo
586 4208 695 4281 gaudio
719 4212 751 4263 et
774 4226 872 4266 amore
898 4228 949 4266 rex
976 4208 1141 4280 Stephanus
1167 4213 1198 4264 et
1222 4208 1301 4265 filius
1326 4209 1388 4280 ejus
1404 4226 1499 4265 novus

279 4279 415 4375 'cmm
446 4280 624 4366 adoptatus
646 4301 752 4367 nuper
774 4289 947 4345 conventuri
964 4288 1166 4344 discesserunt.
1203 4288 1276 4346 Haeo
1301 4289 1408 4345 etenim
1431 4306 1499 4344 oon.

446 4376 546 4434 oordia
562 4384 631 4435 ante
647 4377 756 4435 Natale
773 4376 894 4434 Domini
912 4378 1082 4435 confirmato
1097 4381 1151 4434 ost.
1196 4368 1374 4455 Utrimque
1395 4368 1500 4457 igitur

447 4457 484 4521 in
505 4477 585 4544 paca
607 4457 786 4524 disceswm
808 4453 882 4523 <ast²

483 4728 574 4799 ¹oero]
588 4746 699 4798 quoque,
711 4730 742 4784 C.
972 4730 978 4801 Ι
1022 4730 1176 4813 'istisque
1193 4769 1200 4784 .
1219 4769 1227 4784 .
1245 4769 1253 4785 .
1269 4733 1320 4801 eet]
1334 4748 1384 4785 om.
1397 4733 1428 4786 0.
