3666 5724
439 894 505 962 374
639 911 800 961 onnvssn
823 910 983 961 nossem
1007 909 1279 960 emausnrmsrs

290 1094 345 1139 sn.
353 1096 411 1140 11⁸7.
440 1089 520 1158 pacis
543 1090 657 1152 inierat,
677 1087 711 1146 et
734 1089 772 1145 ad
795 1090 965 1145 instantiam
989 1081 1129 1147 multem
1153 1106 1220 1145 cum
1243 1090 1373 1146 lacrimis
1396 1089 1594 1155 domi-Bm

270 1159 320 1204 '1¹¹0
328 1160 385 1221 ¹¹¹⁰&
440 1184 546 1222 norum
569 1168 605 1222 de
628 1168 762 1235 Tabaria,
779 1168 830 1239 qni
848 1167 886 1223 ed
909 1186 1078 1226 succursum
1100 1169 1204 1225 matris
1227 1169 1412 1236 anhelabant,
1436 1187 1487 1224 rex
1496 1170 1523 1220 ii.
1537 1175 1575 1221 11.

270 1221 411 1305 {illidii
441 1247 584 1317 processit
598 1247 635 1302 ad
652 1248 763 1303 beilum
776 1265 876 1303 versus
887 1248 1041 1304 Tabariam
1052 1266 1105 1320 per
1117 1248 1226 1303 dietam
1237 1265 1334 1303 unam.
1371 1239 1488 1304 Deinde

269 1310 385 1404 mm
440 1350 537 1389 eomes
558 1333 765 1407 Tripolitanae,
785 1336 843 1390 dux
862 1338 892 1389 et
915 1336 1042 1405 praevius
1065 1334 1190 1403 itineris
1210 1341 1306 1391 tetum
1329 1337 1489 1391 exereitum

439 1413 593 1477 conduxit
614 1423 647 1477 in
669 1423 845 1478 eminentem
869 1426 900 1476 et
923 1423 1072 1477 saxosum¹
1091 1423 1197 1479 locum.
1234 1423 1282 1476 Ibi
1300 1439 1369 1478 vero
1394 1422 1491 1477 immi-

438 1502 574 1557 nantibus
597 1501 742 1566 hostibus,
761 1500 889 1571 undique
908 1501 1080 1556 necessitate
1105 1502 1281 1574 compulsus,
1305 1518 1357 1555 rex
1380 1500 1417 1555 de
1441 1501 1490 1555 ba-

438 1599 543 1637 ronum
561 1583 682 1638 consilio
703 1583 812 1638 bellum
833 1582 1015 1638 committere
1035 1583 1158 1654 dignum
1177 1584 1270 1648 duxit,
1284 1588 1314 1638 et
1332 1582 1370 1636 ad
1389 1600 1489 1638 eorum

438 1665 610 1722 instantiam
633 1666 775 1738 magistro
797 1671 828 1720 et
848 1664 992 1720 militibus
1012 1666 1126 1739 Templi
1149 1668 1259 1738 primos
1280 1666 1356 1722 ictus
1374 1683 1490 1722 eonces-

438 1744 486 1809 sit,
509 1745 658 1817 dispositis
678 1763 731 1816 per
752 1745 830 1800 acies
849 1756 909 1800 sue
931 1736 1046 1802 ordine
1065 1747 1178 1801 caeteris
1199 1745 1343 1800 militibus
1363 1745 1402 1800 ed
1415 1761 1593 1816 pag-Bm,

438 1840 515 1890 nam,
539 1829 583 1891 et,
599 1824 700 1879 comiti
727 1822 907 1894 Tripolitano
936 1827 1107 1895 caeterisque
1135 1823 1280 1896 capitibus
1312 1823 1488 1879 bellatorum
1499 1829 1526 1878 ii.
1542 1834 1580 1879 ln.

437 1907 554 1964 truditis
574 1908 696 1963 vexillis.
733 1907 836 1976 Itaque
857 1906 966 1963 militia
978 1908 1103 1978 Templi,
1123 1907 1199 1962 sicut
1213 1907 1259 1962 leo
1270 1907 1356 1962 fortis
1374 1905 1405 1961 in
1423 1907 1489 1962 hes·

437 1996 481 2045 tes
502 2008 685 2055 concurrens,
707 1996 821 2061 partem
845 1992 959 2056 stravit,
979 1998 1090 2062 partem
1116 1991 1239 2063 fugavit.
1288 1989 1396 2046 (lateri
1418 2008 1489 2046 vero

437 2073 520 2144 regio
543 2079 641 2145 spreto
656 2072 805 2139 mandate,
818 2090 877 2128 non
893 2077 1094 2145 processerunt
1112 2073 1150 2129 ed
1166 2090 1304 2146 pugnam,
1321 2092 1376 2129 nec
1394 2074 1487 2129 ullum

436 2156 479 2211 eis
502 2157 703 2226 prestiterunt
726 2173 902 2213 succursum.
951 2157 1036 2212 Unde
1060 2157 1170 2213 milites
1191 2156 1306 2227 Templi
1326 2157 1434 2213 retenti
1458 2163 1489 2212 et

435 2235 576 2290 trucidati
607 2240 683 2290 sunt.
733 2234 922 2289 Postmodum
951 2249 1029 2293 vero
1062 2236 1295 2292 Christianorum
1327 2236 1487 2291 exercitum

436 2321 582 2378 laborioso
601 2322 705 2377 itinere
727 2323 901 2387 coniectum,
922 2328 953 2378 et
971 2324 1063 2379 nimio
1087 2315 1194 2379 caloris
1217 2319 1303 2380 aestu
1323 2340 1488 2394 praegrava·

435 2406 511 2466 tum,
534 2418 609 2472 aqua
624 2401 784 2467 deficiente,
806 2399 910 2457 Parthi
931 2402 999 2474 igne
1024 2402 1285 2459 circumdederunt.
1333 2403 1414 2457 Tune
1438 2421 1487 2459 sex

436 2498 472 2536 ex
494 2480 638 2536 militibus
657 2480 749 2550 regis,
771 2493 908 2552 quorum
938 2474 1095 2539 memorie
1116 2474 1153 2537 in
1175 2473 1405 2540 maledictione
1428 2479 1487 2551 est,

435 2568 578 2624 diabolico
597 2568 703 2639 spiritu
722 2569 840 2639 arrepti,
859 2569 897 2623 ad
913 2569 1083 2637 saladinum
1102 2572 1305 2643 confugerunt,
1321 2578 1352 2627 et
1369 2568 1487 2647 sponte

434 2669 494 2712 sua
516 2648 744 2713 renuntiantes
765 2656 801 2711 de
826 2657 907 2712 omni
925 2675 987 2714 esse
1008 2663 1038 2713 et
1058 2657 1207 2729 proposito
1226 2663 1312 2729 atque
1335 2658 1484 2714 eontinen-

433 2737 483 2792 tiis
502 2736 734 2793 Christianorum
752 2735 960 2791 instruxerunt.
998 2735 1152 2791 Saladinus
1171 2735 1291 2802 autem,²
1308 2736 1360 2807 qui
1380 2735 1417 2792 de
1428 2736 1485 2791 dis·

417 2816 555 2875 'erimine
575 2818 671 2891 prelii
690 2817 793 2873 anxius
814 2818 974 2884 dubitabat,
996 2819 1154 2889 resumpsit
1171 2820 1256 2884 viros,
1270 2824 1301 2873 et
1321 2835 1388 2873 cum
1407 2820 1486 2875 tubis

431 2908 462 2958 et
479 2903 595 2958 infinita
612 2900 801 2957 multitudine
819 2901 995 2957 bellatorum
1020 2902 1052 2956 in
1071 2902 1259 2966 Christianos,
1279 2901 1330 2972 qui
1347 2919 1399 2973 per
1422 2903 1486 2958 loca

432 3004 533 3041 saxosa
550 2992 580 3041 et
597 2985 677 3040 invio
697 3001 828 3055 pugnare
853 3002 911 3039 non
937 2991 1081 3056 poterant,
1106 2986 1247 3040 assultum
1273 2984 1353 3049 fecit,
1380 2990 1409 3040 et
1435 3002 1484 3040 eos

433 3070 512 3123 omni
524 3067 652 3123 bellandi
663 3084 769 3138 genere
787 3067 972 3138 impugnavit
990 3075 1019 3123 et
1038 3069 1223 3140 expugnavit.
1261 3067 1390 3123 Tandem
1408 3067 1484 3123 Tho-

262 3233 377 3288 att
432 3139 1298 3295 titleillitiptitntttltttiltttt
1314 3150 1483 3295 ἰίρίῗέἲ

262 3284 339 3331 “¹⁰³⁸
432 3307 531 3373 eidati,
550 3314 580 3363 et
598 3305 723 3362 vinculis
747 3306 907 3379 mancipati
928 3319 1006 3374 sunt,
1025 3308 1062 3362 ab
1081 3309 1151 3379 ipsis
1169 3308 1285 3364 Parthis
1303 3324 1405 3378 campo
1423 3325 1483 3362 om·

426 3388 512 3457 nino,
531 3387 606 3460 proh
632 3385 731 3441 dolori
761 3392 905 3457 superato.
943 3385 1098 3442 Saladinus
1123 3394 1223 3443 antem
1249 3386 1350 3441 statim
1368 3386 1483 3442 miiitiae

431 3467 546 3539 Templi
564 3473 594 3522 et
611 3465 773 3537 Hospitalis
791 3466 901 3522 milites
919 3466 1070 3537 segregari
1088 3467 1159 3522 iecit
1182 3465 1219 3521 ab
1236 3465 1314 3531 aliis,
1332 3471 1363 3519 et
1386 3482 1483 3520 coram

262 3560 405 3659 nepisinw
432 3568 463 3605 se
482 3549 650 3623 decapitari.
688 3549 755 3620 lpse
779 3550 897 3621 propria
922 3566 1011 3604 manu
1036 3549 1198 3619 principem
1224 3546 1422 3618 Reginaldum
1446 3549 1483 3603 de

259 3615 380 3711 fflffm
432 3633 610 3689 Castellione
628 3630 784 3688 interiecit
821 3631 933 3687 Deinde
960 3630 1108 3686 civitatem
1134 3631 1234 3686 Aoeon
1258 3630 1337 3700 oepit
1355 3636 1387 3686 et
1404 3630 1482 3701 adju·

430 3712 528 3767 centia
553 3712 616 3766 locs
642 3715 673 3764 et
699 3710 876 3766 munitiones
893 3710 954 3764 fere
972 3727 1073 3765 omnes
1090 3709 1128 3764 de
1145 3709 1277 3780 partibus
1295 3709 1365 3764 illia.
1411 3710 1482 3766 Sirii

428 3788 1067 3870 autem,quiJerosolimisremans01-ant,
1087 3796 1163 3852 sient
1187 3796 1343 3864 ferebatur,
1363 3797 1481 3852 nuntios

429 3881 466 3935 de
493 3876 641 3935 reddenda
666 3877 785 3933 civitate
805 3877 943 3934 Saladino
960 3876 1125 3932 mittebant.
1161 3876 1199 3931 In
1217 3875 1287 3931 Tiro
1304 3894 1405 3932 omnes
1429 3876 1480 3947 qui

429 3964 466 4018 de
483 3962 583 4018 Acoen
600 3961 792 4031 confugerant
815 3966 845 4015 et
862 3959 1019 4017 multitudo
1036 3960 1228 4031 profugorum
1246 3958 1478 4015 Christianorum

429 4061 460 4098 se
487 4040 606 4112 recepit.
652 4038 797 4096 Asealom
822 4040 998 4096 victualibus
1026 4045 1056 4094 et
1080 4038 1270 4095 bellatoribus
1295 4040 1368 4094 bene
1395 4052 1478 4116 prae-

258 4142 389 4198 eitlemp
431 4130 543 4186 munita
570 4119 657 4199 luit3
679 4125 714 4184 et
738 4126 897 4182 Antiochia
913 4132 944 4182 et
955 4125 1138 4197 Margutum⁴
1156 4144 1223 4183 oum
1241 4130 1304 4181 tota
1321 4124 1382 4182 fere
1400 4134 1479 4183 terra

258 4194 335 4239 Μ’
431 4209 587 4282 principis;
606 4213 685 4263 tarra
702 4206 817 4261 comitis
835 4205 1010 4276 Tripolitani
1027 4204 1121 4259 adhuc
1139 4204 1221 4260 salva
1238 4210 1308 4260 erat.

473 4293 572 4359 Unde
602 4292 752 4358 Tunicas
782 4311 921 4376 magnus
952 4294 1134 4375 praeceptor
1167 4289 1295 4374 Templi
1325 4290 1478 4355 omnibus

428 4395 586 4461 imbribus
608 4393 798 4480 hujusmodi
821 4393 913 4456 misit
934 4388 1127 4478 epistolam:

433 4577 510 4585 -—-

461 4674 468 4706 ¹
480 4673 610 4739 amnem]
624 4674 766 4736 Quonam,
776 4674 807 4725 B.
1008 4672 1169 4738 3σοιιίναειί]
1183 4679 1209 4722 et
1220 4669 1303 4735 baed,
1313 4672 1343 4723 c.

459 4753 576 4824 ¹,uulch
591 4768 661 4819 ⁹¹8⁰»
672 4753 702 4805 0·
1007 4750 1193 4818 *Mercalst
1208 4753 1331 4818 Msrgsr’,
1341 4752 1377 4803 Δ.
1390 4753 1421 4803 Β.
1433 4751 1463 4805 G.
