3646 5720
413 899 478 969 286
613 912 777 963 osavssn
799 911 960 963 nossem
983 911 1257 964 cssrusumssm

262 1101 385 1197 affin.
413 1094 434 1204 ἶ
449 1091 627 1165 poenitentia
651 1092 825 1149 relaxamus.
862 1092 970 1149 Antei
995 1092 1159 1164 longiorem
1183 1107 1296 1148 moram
1313 1090 1356 1148 ibi
1373 1090 1574 1157 habu-Bam

242 1216 397 1314 hamt&
415 1259 434 1286 ‘⁶
453 1257 587 1330 injuncta
616 1258 837 1324 committimus,
861 1263 897 1314 nt
920 1257 959 1314 sd
986 1275 1087 1314 sorum
1117 1256 1272 1315 arbitrium
1302 1256 1461 1313 secundum

241 1317 397 1413 {mmm
414 1342 432 1369 ‘⁴
451 1341 570 1396 modum
587 1341 696 1398 laboris
707 1340 802 1413 major
819 1341 862 1396 sis
879 1339 1064 1412 indulgentia
1080 1339 1236 1396 tribuatur.
1273 1338 1345 1395 Illos
1362 1343 1461 1395 autem

242 1418 331 1474 hm
412 1425 433 1452 “
452 1424 503 1495 qui
521 1423 559 1481 ad
583 1424 776 1481 monitionem
801 1423 1004 1496 episcoporum
1028 1423 1061 1478 in
1084 1416 1251 1496 hujusmodi
1275 1438 1377 1494 perere
1394 1438 1462 1478 ccu-

453 1176 539 1241 erint,
559 1175 760 1248 episcopcrum
785 1174 955 1232 discretioni
981 1175 1086 1247 quibua
1110 1175 1200 1247 hujus
1216 1174 1262 1231 rei
1286 1191 1357 1230 cura
1374 1173 1465 1230 luerit
1477 1170 1494 1222 i·
1507 1177 1565 1223 229.

412 1510 431 1535 “
449 1507 632 1579 temptarint,
663 1525 682 1563 a
710 1507 897 1579 perceptione
926 1504 1064 1578 Corporis
1093 1510 1124 1561 et
1155 1504 1314 1577 Sanguinis
1343 1503 1463 1560 Domini

410 1592 431 1618 “
444 1590 582 1661 jubemus
609 1588 674 1645 fieri
698 1588 819 1645 alienos.
855 1587 913 1644 Eos
930 1604 1001 1644 vero
1018 1588 1071 1660 qui
1088 1587 1193 1645 ardore
1210 1586 1280 1644 fidei
1297 1586 1336 1643 ad
1353 1604 1463 1660 expug-

409 1675 428 1701 “
446 1672 558 1729 naudos
586 1673 667 1745 ipsos
695 1671 826 1728 laborem
855 1670 944 1727 istum
974 1669 1194 1744 assumpserint,
1225 1670 1303 1727 sicut
1331 1687 1381 1727 eos
1410 1670 1462 1742 qui

408 1757 428 1785 ‘¹
447 1756 615 1827 sepulcrum
633 1754 752 1810 Domini
777 1752 908 1819 visitant,
933 1753 989 1810 sub
1006 1754 1138 1811 ecclesias
1163 1754 1331 1811 defensione
1356 1754 1462 1826 recipi·

408 1840 428 1867 “
446 1855 521 1905 mus,
540 1843 571 1894 et
597 1837 634 1894 ab
660 1836 804 1893 universis
821 1836 1087 1910 inquietationibus
1114 1843 1177 1893 tam
1204 1836 1236 1892 in
1260 1837 1348 1894 rebus
1371 1854 1460 1910 quam

407 1924 427 1950 ‘⁸
446 1920 494 1977 in¹
513 1920 656 1994 personia,
677 1920 835 1977 statuimus
857 1937 977 1977 manere
1003 1935 1129 1977 securos.
1167 1919 1287 1977 sivero
1305 1920 1461 1992 qnisquam

407 2006 426 2034 ⁴¹
445 2005 567 2061 interim
591 2020 640 2060 eos
673 2003 833 2061 molestare
859 2003 1089 2077 presumpserit,
1120 2020 1174 2077 per
1202 2002 1372 2076 episcopum
1402 2004 1460 2060 loci

406 2089 426 2116 ‘⁸
445 2086 752 2144 excommunicationis
779 2087 923 2144 sententia
952 2086 1086 2155 feriatur,
1113 2092 1145 2143 et
1169 2086 1285 2143 tamdiu
1313 2087 1461 2143 sententis

406 2172 426 2200 “
445 2170 483 2226 ab
509 2170 645 2227 omnibus
670 2170 850 2236 observetur,
880 2168 972 2226 donec
997 2169 1095 2226 ablata
1119 2169 1231 2237 reddat,
1251 2168 1338 2226 etde
1367 2170 1459 2227 illatis

405 2256 425 2282 “
443 2253 579 2325 dmpnis
596 2270 725 2325 congrue
752 2251 921 2309 satisfaciat.
957 2252 1097 2325 Episcopi
1113 2269 1184 2309 vero
1202 2252 1267 2310 sire
1283 2252 1456 2325 presbiteri,

405 2338 424 2365 '⁴
444 2336 497 2408 qni
519 2335 629 2392 talibus
653 2335 770 2392 fortiter
793 2353 852 2392 non
876 2335 1052 2401 restiterint,
1078 2335 1166 2391 officii
1193 2335 1241 2392 sni
1265 2335 1456 2408 suspensione

403 2419 426 2447 “
443 2420 616 2487 multentur,
634 2417 726 2477 donec
743 2418 977 2476 misericordiam
994 2417 1162 2491 apostolice
1180 2417 1259 2475 sedis
1277 2419 1437 2476 obtineant.

440 2504 460 2533 “
478 2502 545 2560 XV.
563 2502 633 2560 Nou
648 2503 748 2559 minus
766 2519 819 2575 pro
836 2518 939 2559 eorum
956 2507 1077 2575 peccato
1092 2502 1144 2574 qui
1162 2502 1277 2559 fuciunt
1293 2519 1382 2575 quem
1402 2521 1456 2575 pro
1469 2519 1566 2571 nem,

404 2588 423 2616 ‘⁴
442 2585 560 2643 illorum
579 2585 756 2643 detrimento
767 2585 818 2657 qui
835 2586 984 2643 sustinent
999 2602 1090 2658 grave
1106 2585 1197 2642 nimis
1209 2602 1272 2643 esse
1282 2584 1456 2655 dinoscitur,
1470 2585 1488 2636 i.
1500 2591 1558 2637 2³⁵.

404 2671 422 2698 “
442 2670 521 2742 quod
538 2670 570 2725 in
596 2669 723 2726 dirersis
748 2668 881 2743 partibus
905 2669 1008 2726 mundi
1032 2672 1161 2726 rectores
1178 2673 1210 2726 et
1234 2669 1368 2725 consules
1385 2668 1456 2726 civi·

403 2755 422 2783 ‘⁸
440 2758 545 2818 tatum,
573 2770 687 2811 necnon
705 2759 735 2808 et
752 2752 804 2808 alii
831 2751 883 2823 qui
908 2755 1084 2825 potestatem
1109 2752 1218 2808 habers
1243 2751 1392 2818 videntur,
1410 2759 1457 2809 tot

397 2837 422 2866 *¹
441 2836 573 2894 ecclesiis
599 2852 690 2893 onera
718 2836 886 2908 frequenter
914 2834 1080 2908 imponunt,
1105 2834 1149 2889 ita
1177 2834 1318 2908 gravibus
1346 2852 1395 2892 eas
1424 2841 1456 2892 et

402 2919 551 2976 “crebris
576 2916 776 2975 exustionibus
800 2922 947 2990 premunt,
966 2922 1001 2974 ut
1025 2915 1178 2973 deterioris
1204 2916 1382 2974 conditionis
1400 2918 1455 2974 sub

401 3004 421 3032 ‘⁶
440 3001 485 3058 eis
503 3003 615 3059 iactum
632 3000 828 3058 sacerdotium
844 3000 989 3065 rideatur,
1009 3017 1099 3071 quam
1116 3000 1172 3056 sub
1189 3000 1342 3057 Pharaone
1353 3000 1453 3068 fuerit,

402 3087 421 3114 “
442 3084 493 3156 qui
510 3084 619 3141 divina
635 3083 712 3155 legis
732 3083 870 3140 notitiam
886 3100 946 3138 nou
963 3082 1097 3138 habebut.
1135 3082 1192 3139 Ille
1210 3083 1340 3155 quidem,
1360 3084 1454 3140 omni·

401 3170 421 3196 “
440 3167 494 3224 bus
511 3168 579 3224 aliis
602 3165 738 3224 servituti
755 3164 921 3239 subjectis,¹
937 3165 1101 3223 sacerdotes
1117 3183 1185 3223 suos
1203 3171 1234 3223 et
1256 3168 1454 3240 possessiones

401 3252 419 3279 “
439 3267 540 3307 eorum
564 3250 596 3307 in
620 3249 745 3324 pristina
767 3249 904 3306 libertate
931 3248 1055 3316 dimisit,
1081 3255 1112 3306 et
1138 3247 1175 3305 de
1197 3249 1316 3325 publico
1333 3250 1376 3307 eis
1399 3250 1453 3307 ali·

400 3336 419 3362 ‘⁴
439 3334 568 3390 moniam
597 3333 787 3389 ministrarit.
835 3331 892 3389 Isti
916 3349 985 3388 vero
1014 3332 1151 3389 universe
1179 3332 1241 3387 fere
1276 3348 1368 3388 onera
1396 3350 1451 3389 sua

400 3418 419 3445 “
438 3417 592 3489 imponunt
609 3416 747 3482 ecclesiis,
761 3422 791 3471 et
814 3419 860 3471 tot
876 3413 1007 3489 angariis
1023 3412 1101 3485 ipsas
1118 3413 1258 3486 affligant,
1277 3414 1403 3471 utillud
1421 3416 1450 3472 ei

397 3502 418 3530 ‘⁸
438 3500 517 3571 quod
534 3500 677 3557 Jeremias
695 3499 829 3571 deploret
844 3503 1008 3569 competere
1032 3496 1175 3563 videatur,
1196 3496 1356 3572 ‘Princeps
1381 3516 1448 3571 pro·
1461 3510 1582 3558 Iantr.

398 3587 418 3614 “
438 3584 622 3641 ‘rinomrurn
640 3584 718 3640 facta
729 3589 775 3639 est
790 3581 846 3639 snb
862 3580 1006 3638 tributo:’
1025 3579 1088 3636 sive
1106 3580 1224 3653 quidem
1241 3582 1359 3650 fossata,
1386 3584 1449 3640 sire

397 3669 416 3695 ‘⁴
435 3666 641 3741 expeditiones,
659 3667 720 3724 sive
746 3666 805 3722 alis
829 3665 968 3738 quelibet
984 3663 1041 3721 sibi
1064 3664 1242 3721 arbitrentur
1268 3666 1391 3737 agenda,
1412 3667 1449 3722 de

396 3754 415 3780 “
434 3751 518 3809 bonis
544 3751 740 3818 ecclesiarum,
768 3749 949 3815 clericorum,
973 3753 1004 3805 et
1026 3764 1188 3821 pauperum
1214 3748 1325 3807 (lhristi
1348 3751 1450 3808 usibus

395 3836 414 3863 ‘⁸
434 3836 589 3909 deputatis,
614 3840 720 3892 cuncta
749 3835 808 3890 iere
837 3834 941 3889 volunt
965 3831 1112 3905 compleri.
1149 3831 1389 3891 iurisdictionem
1419 3842 1450 3892 st

395 3921 414 3947 “
433 3918 637 3976 austeritatem
661 3918 863 3990 episcoporum
880 3920 912 3971 et
936 3914 1060 3970 aliorum
1077 3915 1264 3987 prelatorum
1280 3917 1324 3972 ita
1347 3935 1450 3975 evacu-

396 4003 415 4031 “
433 4008 495 4070 snt,
514 4008 549 4059 ut
573 4001 667 4058 nichil
683 3999 834 4074 potestatis
851 3999 884 4054 in
908 3997 968 4055 suis
994 3997 1129 4055 videatur
1150 3999 1318 4058 hominibus
1334 4018 1449 4058 reman-

394 4084 414 4111 “
433 4085 512 4142 sisse.
550 4084 643 4157 Super
660 4099 720 4155 quo
744 4081 902 4138 dolendum
918 4086 964 4137 est
988 4097 1041 4153 pro
1065 4081 1203 4150 ecclesiis,
1223 4083 1381 4141 dolendum
1402 4092 1447 4142 est

395 4168 414 4196 ⁴‘
433 4167 641 4224 nichilominus
657 4170 689 4222 et
713 4181 766 4237 pro
783 4163 855 4236 ipsis
881 4163 933 4236 qui
957 4164 1092 4221 timorem
1109 4163 1174 4232 Dei,
1202 4170 1233 4221 et
1258 4167 1447 4226 ecclesisstici

394 4252 415 4279 ‘⁴
433 4252 544 4309 ordinis
561 4249 763 4314 reverentiam,
775 4247 913 4305 ridentur
922 4246 1039 4321 penitus
1056 4247 1202 4321 abjecisse
1239 4248 1381 4319 Quocirca
1392 4253 1447 4309 sub

392 4335 625 4392 “anethamatis
650 4332 832 4390 districticm
859 4331 988 4389 severius
1021 4332 1217 4405 prohibemus,
1244 4350 1283 4390 ne
1309 4335 1383 4391 talia
1409 4337 1446 4393 ds

392 4420 413 4448 ‘¹
432 4424 537 4476 osteo
555 4422 728 4490 ettennptare
748 4420 935 4488 presumant,
954 4415 1014 4471 nisi
1034 4415 1185 4489 episcopus
1201 4417 1250 4473 rel
1267 4417 1363 4476 clerus
1380 4425 1445 4476 tun·

392 4502 413 4530 ‘⁶
431 4504 496 4557 tem
512 4501 716 4557 necessitatem
733 4503 763 4554 et
788 4497 947 4554 utilitatem
971 4496 1161 4571 inspexerint,
1180 4504 1214 4555 ut
1236 4499 1346 4572 absque
1363 4518 1444 4560 cosc-

424 4803 486 4872 ιιἰι]
500 4817 552 4855 om.
564 4801 595 4856 0.
913 4800 919 4859 l
967 4800 1118 4871 ἐιιῌοοεῶ]
1133 4805 1249 4871 subjecti,
1259 4806 1295 4860 A.
1307 4808 1338 4861 B.
