3646 5720
757 900 871 951 orans
893 898 1084 949 msrosrm
1369 879 1436 950 247

212 1091 308 1170 ,ΒΜ
332 1157 338 1171 ,
382 1090 496 1157 oensis.
553 1098 674 1153 Interea
707 1095 850 1152 Ricardus
874 1094 1092 1152 cantuariensis
1115 1096 1234 1159 electas,
1269 1084 1436 1151 nonnullis
1466 1102 1588 1148 sunta

211 1175 228 1209 a
241 1163 283 1219 ω’
296 1159 338 1215 ⁷⁰·
381 1179 549 1246 laboribus
582 1184 617 1244 et
648 1177 801 1264 expensis
829 1175 999 1263 fatigatus,
1022 1182 1146 1239 Romam
1177 1176 1340 1262 pervenit,
1373 1174 1437 1239 ibi-
1448 1164 1600 1268 ffiffigot

382 1282 524 1366 demque
553 1284 624 1347 lam
647 1277 815 1344 electionis
838 1298 938 1363 quam
960 1277 1212 1343 consecrationis
1238 1299 1307 1359 sure
1333 1267 1597 1369 fortesssfflwgn,

381 1381 528 1469 repperit
551 1387 740 1445 advesarios.
789 1378 934 1458 Quidam
972 1380 1060 1444 enim
1098 1400 1159 1465 pro
1196 1400 1272 1465 rege
1310 1366 1592 1477 seniorem&

383 1505 458 1550 cum
480 1483 583 1567 electo
613 1482 755 1558 stabant,
779 1481 915 1567 quidam
944 1501 1023 1547 vero
1053 1503 1113 1566 pro
1143 1502 1219 1568 rege
1244 1481 1378 1567 juniore
1400 1467 1514 1544 ἱηᾸΡΠΙ
1523 1468 1542 1512 ⁷·

354 1638 358 1641 v
383 1586 584 1654 contrarium
610 1583 812 1649 nitebantur.
850 1582 917 1649 Sed
940 1582 1085 1669 disperso
1106 1583 1260 1649 rum01e¹
1281 1581 1437 1651 simulato

383 1691 424 1755 de
447 1688 620 1755 concordia
641 1708 765 1772 regum,
787 1707 864 1751 curn
887 1685 1009 1751 electus
1034 1686 1106 1772 jam
1129 1685 1224 1771 quasi
1245 1685 1436 1772 desperatus

382 1790 510 1877 regredi
533 1789 713 1867 simularet,
736 1809 758 1854 a
780 1787 913 1853 domiuo
942 1808 1029 1874 papa
1050 1788 1241 1854 Alexandro
1266 1792 1437 1854 revocatus

383 1897 443 1969 est,
474 1897 509 1965 et
540 1890 699 1956 electione
732 1888 933 1967 confirmata,
968 1893 1173 1955 consecratus
1205 1894 1256 1955 est
1289 1889 1332 1954 ab
1364 1889 1436 1974 ipso

383 2016 470 2081 papa
484 1992 660 2059 Dominica
681 1996 757 2078 post
778 1990 904 2057 Pascha
926 1989 1081 2077 quando²
1103 1992 1233 2057 canitur
1254 1991 1299 2057 ad
1319 1992 1436 2057 introi-

384 2101 458 2161 tum
484 2089 764 2160 Mamudtw
784 2090 938 2157 Dormiat.
983 2091 1113 2157 Deinde
1135 2113 1225 2158 more
1255 2099 1438 2157 antecesso-

384 2219 459 2262 rum
489 2217 622 2261 suorum
652 2194 799 2280 primatu
828 2192 967 2280 Angliae,
986 2193 1160 2280 legatione,
1190 2194 1438 2281 privilegiisque

385 2299 530 2366 vallatus
553 2318 668 2362 versus
691 2294 848 2382 Angliam
870 2296 935 2361 iter
955 2295 1096 2362 reflexit
1136 2294 1278 2362 Coactus
1301 2301 1352 2361 est
1372 2295 1594 2361 bimomtmu

387 2400 503 2467 diebus
540 2398 816 2485 peregrinationis
851 2418 921 2463 suae
953 2418 1035 2483 quos
1072 2418 1243 2482 nunquam
1277 2364 1608 2464 habuerattldlll‘ffl*

386 2506 558 2572 thesauros
588 2504 764 2581 effundere,
787 2508 827 2568 ut
856 2502 911 2569 vel
940 2503 988 2569 sic
1017 2502 1272 2588 malignantium
1301 2503 1439 2569 insidias

387 2609 538 2674 evitaret
585 2605 800 2671 Praecluserat
829 2605 918 2670 enim
940 2598 1152 2670 macellarius
1174 2603 1380 2690 imperatoris
1403 2604 1440 2669 in

387 2709 502 2775 odium
525 2727 621 2794 papae
642 2704 826 2771 Alexandri
855 2706 1003 2772 omnium
1033 2705 1266 2791 cisalpinorum
1296 2705 1439 2783 semitas,
1451 2729 1567 2782 mamae
1575 2729 1601 2773 in

388 2812 471 2876 adeo
500 2814 540 2874 ut
569 2808 630 2872 vix
658 2829 717 2893 per
747 2827 836 2873 mare
866 2808 910 2873 ad
938 2829 1015 2873 eum
1044 2807 1218 2893 quisquam
1248 2828 1292 2873 ex
1316 2807 1439 2873 nostris
1449 2792 1561 2885 „w”

389 2913 515 2979 valeret
536 2905 710 2977 accedere.⁴

434 3013 524 3078 Dum
547 3013 660 3097 itaque
690 3010 940 3078 (lentuariensis
967 3011 1231 3099 archiepiscopus
1259 3012 1440 3099 repedaret,

390 3121 426 3182 et
455 3116 544 3180 inter
565 3135 657 3199 reges
688 3116 723 3177 et
752 3113 916 3200 principes
947 3119 1076 3181 nosnos
1108 3115 1215 3181 omnis
1247 3135 1327 3202 spes,
1351 3104 1441 3202 pacis

390 3217 580 3303 deperisset,
610 3211 811 3299 perfidorum
844 3213 990 3280 invaluit
1014 3215 1131 3294 rabies,
1153 3219 1189 3281 et
1220 3215 1258 3280 in
1289 3216 1441 3282 omnibus
1454 3230 1596 3292 nmmos

391 3319 487 3384 terris
509 3317 596 3403 regis
621 3313 754 3401 Angue
784 3316 990 3400 proditorum
1012 3318 1104 3384 furor
1125 3318 1305 3384 incanduit.
1352 3319 1442 3384 Nam
1454 3281 1585 3386 {lgffln

391 3442 452 3485 rex
473 3416 644 3484 Franciae⁶
666 3421 701 3480 et
723 3436 831 3482 comes
853 3418 1019 3486 Flandriae
1051 3420 1175 3485 milites
1204 3420 1324 3486 electos
1346 3421 1442 3486 mise-

392 3526 473 3587 runt
510 3522 546 3585 in
583 3517 749 3605 Angliam,
787 3541 870 3604 quos
908 3544 951 3587 ex
987 3522 1144 3587 mandato
1176 3522 1262 3607 regis
1300 3523 1443 3608 junioris

393 3644 500 3695 comes
522 3622 623 3708 Hugo
645 3620 682 3684 in
704 3618 774 3683 suis
796 3623 921 3709 recepit
942 3623 1091 3690 castellis.
1137 3621 1324 3688 Willelmus
1342 3625 1444 3689 etiam

392 3746 452 3789 rex
491 3722 619 3801 Scotiae,
649 3720 738 3807 parti
772 3719 887 3789 favens
924 3725 1010 3810 regis
1043 3723 1194 3809 junioris
1232 3745 1307 3789 cum
1338 3724 1445 3793 mirlto

394 3824 542 3892 exercitu
564 3821 769 3890 Walensium
793 3829 827 3889 et
855 3824 1042 3892 Scottorum
1074 3824 1339 3890 Northimbriam
1372 3847 1444 3891 vas.
1457 3834 1603 3887 manuscr

1458 3888 1524 3932 Secta
1532 3886 1566 3928 ln·

393 3928 490 3993 tavit
513 4015 521 4031 ὑ
544 3925 640 3993 Nulli
670 3924 772 4002 aetati,
805 3930 908 4006 sexui,
941 3928 995 3993 vel
1025 3927 1141 4005 ordini,
1174 3926 1304 4013 gladius
1342 3928 1446 4014 ipsius
1458 3936 1586 4033 {3⁴2pr

394 4020 547 4103 peperoli.
604 4016 694 4083 Nam
729 4024 824 4081 Scotti
854 4032 885 4082 et
912 4026 1064 4083 Walensas
1092 4023 1230 4079 mulieres
1259 4030 1447 4096 praegnantes
1459 4039 1562 4096 basiem

394 4114 553 4182 aalma,
576 4111 611 4172 a
639 4107 783 4173 aranas
809 4115 976 4171 anam
997 4103 1188 4190 capidibus
1217 4105 1447 4191 aucipastas,
1460 4086 1577 4133 nme.

395 4201 517 4258 elericos
542 4207 573 4258 et
600 4205 764 4260 sacerdotes
781 4202 813 4257 iu
831 4202 903 4275 ipsis
921 4203 1050 4258 ecclesiis
1072 4193 1292 4271 trucidabant,
1318 4201 1353 4259 ot
1383 4194 1450 4259 alia

395 4281 432 4345 in
453 4280 543 4348 hune
568 4285 703 4348 modum
733 4282 887 4359 enormia,
917 4281 1004 4348 sicut
1033 4303 1146 4346 rumor
1174 4289 1253 4360 erat,
1276 4282 1449 4349 faciebant.

396 4383 473 4468 Ipse
517 4385 653 4450 tandem
696 4407 757 4450 rex
802 4383 973 4469 castellum
1018 4384 1059 4449 de
1102 4382 1277 4451 Alnewic⁰
1313 4383 1449 4450 obsedit.

431 4596 478 4645 lla
490 4596 641 4646 manerium
659 4633 665 4646 .
684 4632 691 4646 .
709 4594 839 4661 .rumorc]
852 4610 901 4644 om.
979 4593 1171 4645 ⁴Proecluaerut
1188 4632 1194 4646 .
1212 4630 1220 4647 .
1239 4594 1386 4662 .uecedere]
1400 4612 1452 4648 om.

326 4788 334 4803 .
398 4677 444 4787 B}
455 4751 568 4819 qando]
584 4767 641 4817 qna,
653 4753 688 4803 A.
698 4752 727 4806 c.
948 4674 1133 4818 Aillitterata]
1147 4751 1361 4816 Lodovicuains.
1373 4754 1403 4808 0.

432 4832 443 4865 ³
456 4830 664 4898 Misericordiae]
679 4830 867 4891 Misericordia,
873 4828 903 4882 (l.
982 4827 1129 4896 ‘Alaean
1144 4829 1285 4894 Alnewike,
1297 4829 1326 4884 0.
