3588 5740
430 886 494 958 576
629 903 791 955 suavssn
813 902 973 955 uouscm
996 904 1269 956 cmrusmmsrs

271 1103 402 1199 &BQ
426 1089 567 1168 ensibus,
582 1091 694 1157 nuntii
709 1091 943 1180 archiepiscopi
965 1092 1002 1157 in
1021 1088 1212 1158 consistorio
1234 1090 1368 1157 domino
1383 1091 1482 1178 Papae

259 1215 385 1262 measse
427 1212 502 1258 cum
524 1194 694 1260 advocatis
716 1195 785 1259 suis
815 1194 973 1280 quicquid
996 1194 1266 1280 excogitaverant
1295 1194 1385 1269 licite
1408 1216 1482 1281 pro-

169 1340 170 1343 *
258 1266 394 1363 hhffm
427 1302 609 1381 posuerunt
629 1296 683 1361 xio
704 1297 863 1362 kalendas
878 1296 1086 1362 Novembris.
1132 1296 1196 1361 Die
1214 1296 1318 1362 vero1
1340 1297 1485 1362 crastina

427 1395 568 1483 simplex
590 1397 825 1479 monachorum
847 1398 971 1463 veritas
994 1404 1029 1463 et
1050 1419 1130 1463 vera
1152 1397 1346 1485 simplicitas
1368 1399 1484 1464 audita

427 1502 485 1563 est.
532 1499 576 1563 Et
598 1499 652 1564 die
675 1500 775 1565 tertia
796 1498 909 1564 nuntii
931 1497 1167 1586 archiepiscopi
1189 1520 1228 1565 ea
1250 1521 1326 1586 quae
1347 1499 1486 1565 nudius·

426 1600 545 1665 tertius
576 1605 694 1687 sponte
725 1600 954 1686 praeterierant
984 1600 1039 1666 vel
1070 1600 1171 1665 inviti
1200 1601 1339 1688 placidis
1362 1607 1397 1669 et
1427 1602 1483 1667 be·

425 1702 537 1788 nignis
568 1702 775 1768 auditoribus
808 1702 1002 1768 referebant
1049 1701 1199 1783 Quorum
1232 1703 1349 1770 audita
1381 1705 1484 1790 perti·

425 1804 528 1882 nscia,
545 1804 698 1869 dominus
719 1825 806 1890 papa
827 1824 903 1869 cum
927 1803 1149 1870 cardinalibus
1172 1806 1314 1883 recessit,
1328 1805 1483 1892 factaque

256 1905 373 2000 fflfgw
425 1928 524 1993 super
561 1905 613 1971 his
651 1928 726 1992 quse
771 1905 946 1971 audierant
983 1927 1112 1971 morosa
1157 1906 1403 1986 deliberatione,
1441 1908 1484 1974 de

257 2007 377 2059 mecm
426 2008 639 2075 demolitione
661 2007 796 2095 capellae
819 2009 860 2074 de
884 2007 1028 2075 Lamhee
1050 2014 1086 2075 et
1107 2009 1322 2075 restituendis
1352 2010 1484 2089 ablatis,

257 2061 371 2102 mutereo.

426 2112 506 2177 data
543 2110 680 2177 tandem
713 2114 828 2196 optata
861 2110 1036 2186 sententia,
1067 2108 1198 2176 litteras
1239 2109 1484 2199 archiepiscopo

425 2235 525 2300 super
554 2213 617 2279 hoc
647 2234 707 2299 per
743 2212 914 2299 proprium
951 2212 1108 2278 nuntium
1147 2214 1184 2278 in
1220 2213 1311 2279 hunc
1348 2215 1483 2280 modum

426 2316 630 2382 destinavit:

256 2432 369 2477 rhesum
463 2431 482 2458 “
501 2429 711 2486 Innocentins²
742 2427 904 2501 episcopus,
924 2445 1024 2485 servus
1057 2447 1207 2486 servorum
1237 2429 1303 2496 Dei,
1322 2431 1483 2486 venerabili

194 2562 197 2567 ,
257 2486 373 2579 ῗὲἓὲδῗ·
426 2513 552 2568 “fratri
575 2513 708 2569 Huberto
727 2512 934 2568 Oantusriensi
958 2510 1183 2585 archiepiscopo,
1210 2513 1389 2570 salutemet
1413 2531 1482 2586 apo·

257 2588 315 2629 ¹¹⁹⁸·
425 2600 444 2627 “
463 2598 596 2654 stolicam
614 2597 852 2654 benedictionem.
890 2596 965 2652 Cum
982 2613 1019 2652 ex
1044 2596 1177 2668 injuncto
1193 2596 1279 2652 nobis
1303 2597 1482 2668 apostolatus

426 2683 447 2711 “
465 2681 557 2737 officio
575 2682 671 2738 locum
689 2680 760 2752 Ejus
777 2680 850 2735 licet
872 2680 1003 2735 inmeriti
1020 2686 1169 2737 teneamus
1187 2678 1244 2750 Qui
1257 2680 1343 2752 juxta
1359 2680 1483 2736 verbum
1494 2689 1638 2735 Palmam

427 2767 667 2840 “propheticum
694 2765 832 2822 liberavit
860 2781 1017 2836 pauperem
1047 2782 1065 2820 a
1090 2768 1208 2834 potente
1235 2769 1265 2820 et
1290 2763 1409 2835 inopem
1434 2765 1482 2819 cni

427 2853 446 2878 ‘⁴
464 2869 523 2908 non
541 2855 605 2907 erat
628 2849 755 2922 adjutor,
782 2847 920 2919 diligenti
947 2847 1044 2903 studio
1070 2852 1202 2918 satagere
1225 2864 1279 2903 nos
1305 2854 1419 2919 oportet
1444 2865 1483 2905 ne

427 2936 446 2962 ‘¹
466 2934 593 2989 minores
611 2950 629 2988 a
645 2931 803 3003 majoribus
821 2931 1035 3003 opprimantur,
1061 2929 1111 2986 sed
1128 2936 1163 2986 ut
1181 2929 1296 3002 praelati
1313 2930 1356 2987 sic
1380 2949 1482 3005 accep·

427 3018 446 3046 “
464 3024 526 3074 tam
544 3021 699 3073 exerceant
721 3013 957 3087 jurisdictionem
974 3014 1006 3070 in
1030 3012 1174 3080 subditos,
1193 3018 1227 3069 ut
1253 3013 1391 3087 prodesse
1416 3033 1482 3087 pro·

426 3103 445 3129 “
464 3102 572 3156 bantur
600 3098 698 3172 potius
727 3115 815 3170 quam
844 3114 976 3169 praesse.
1012 3096 1077 3152 Hoc
1106 3114 1178 3168 ergo
1207 3097 1481 3168 secandum‚officii

427 3184 557 3240 “nostri
576 3176 709 3237 debitum
734 3179 925 3251 attendentes,
945 3179 997 3235 diu
1014 3179 1070 3235 tibi
1096 3179 1229 3236 dishicta
1241 3181 1373 3254 jussione
1398 3200 1480 3238 man·

426 3269 445 3297 “
463 3266 596 3322 davimm
620 3267 655 3319 ut
682 3263 714 3318 in
739 3261 859 3333 negotio
886 3256 1006 3333 capellas
1032 3262 1069 3317 de
1094 3262 1222 3319 Lamhee
1245 3264 1331 3335 juxta
1355 3266 1481 3321 formam

427 3353 446 3380 “
464 3350 572 3406 litteris
584 3346 749 3418 apostolicis
765 3345 1007 3417 comprehensam
1018 3346 1056 3401 ab
1073 3349 1260 3418 oppressione
1272 3348 1481 3405 monachornm
1554 3412 1558 3423 ,

426 3437 445 3463 “
465 3431 716 3491 Oantnariensium
741 3429 860 3485 omnino
887 3446 1021 3485 cessares.
1059 3429 1154 3502 Super
1180 3448 1238 3503 qno
1266 3432 1417 3490 venientes
1443 3435 1483 3492 ad

427 3521 446 3546 ‘⁴
464 3524 595 3575 nostram
621 3513 806 3588 praesentiam
831 3512 933 3568 dilecti
959 3513 1015 3567 filii
1040 3514 1135 3573 nostri
1160 3514 1197 3570 de
1223 3515 1359 3573 Boxeleia
1384 3525 1416 3574 et
1444 3520 1481 3576 de

427 3603 559 3657 “Ponte
585 3597 708 3655 Roberti
740 3597 868 3662 abbates,
887 3595 986 3652 nuntii
1003 3596 1058 3662 tui,
1081 3613 1168 3669 super
1195 3598 1270 3653 facto
1295 3598 1414 3669 capellas
1444 3601 1481 3657 de

425 3688 445 3714 “
465 3683 593 3740 Lamhee
604 3680 821 3737 fraternitatem
832 3686 915 3735 tuam
932 3679 1101 3735 nitebantur
1111 3680 1315 3753 multipliciter
1326 3701 1480 3742 excusares

426 3771 446 3798 “
465 3767 538 3823 -In
555 3765 658 3839 primis
676 3764 819 3835 siquidem
839 3768 1032 3834 proponentes
1044 3762 1131 3834 quod,
1144 3780 1212 3819 oum
1229 3764 1313 3820 bonae
1330 3768 1482 3824 memorias

426 3855 445 3879 “
464 3848 669 3907 'theodbaldus
676 3847 909 3919 archiepiscopus
919 3846 1136 3902 Cantuariensis
1148 3852 1179 3902 et
1189 3846 1348 3918 gloriosus⁸
1356 3850 1482 3908 Thomas

425 3940 614 3994 “successor
637 3933 728 4003 ipsius
753 3931 943 3994 attendentes,
967 3930 1046 4002 quod
1069 3947 1155 3986 nemo
1179 3931 1311 3988 militans
1336 3932 1400 3990 Deo
1424 3936 1624 3992 immas,

426 4023 445 4049 “
463 4020 553 4093 plicat
581 4037 612 4075 se
637 4015 764 4089 negotiis
789 4014 975 4081 secularibus,
1005 4021 1036 4070 et
1061 4014 1191 4071 nolentes
1220 4016 1376 4073 monachos
1406 4017 1479 4076 Gan-

426 4107 445 4132 “
464 4105 624 4161 tuarienses
651 4100 763 4157 relictis
789 4097 897 4155 divinis
923 4097 1025 4154 officiis
1051 4097 1089 4154 ad
1112 4098 1233 4169 negotia
1262 4100 1404 4157 secularia
1429 4106 1480 4160 se⁴

425 4191 445 4216 “
463 4188 633 4252 transferre,
652 4184 689 4240 ad
716 4184 856 4239 honorem
877 4182 1123 4254 prothomartyris
1150 4180 1292 4255 Stephani
1318 4184 1480 4242 aedificandi

426 4275 445 4300 “
464 4272 616 4329 ecclesiam
644 4269 825 4324 voluntatem
855 4270 887 4321 et
916 4264 1096 4337 propositum
1124 4265 1302 4335 habuissent,
1329 4272 1361 4323 et
1386 4268 1419 4325 in
1445 4288 1482 4327 ea

426 4357 445 4383 “
464 4356 584 4412 clericos
601 4353 745 4411 seculares
761 4347 927 4416 ordinandi,
945 4346 982 4404 dc
1007 4347 1067 4405 suis
1084 4349 1274 4420 proventibus
1291 4354 1325 4408 et
1348 4351 1480 4410 ecclesiis

403 4640 430 4685 ,ἢ
458 4624 550 4692 lm]
563 4639 613 4676 om·
626 4624 656 4678 c·
977 4592 1100 4685 itpistoloe
1112 4593 1479 4663 InnocentiiIII.,ed.Balme‚

458 4726 654 4794 ammas]
668 4725 925 4820 cessassem-
976 4673 1362 4822 hbiffimff'fflgimc,

425 4809 574 4870 tuarienses,
584 4809 633 4861 Nc.
647 4822 802 4869 ccccxcvua,
819 4822 845 4873 p·
857 4810 924 4868 45⁹3
1007 4833 1070 4900 ⁴30]
1084 4849 1136 4886 om,
1147 4832 1178 4886 Β,
