3646 5720
731 886 844 938 ornas
865 885 1057 936 mammos.
1347 869 1411 933 313

362 1070 539 1158 proposito,
573 1069 760 1136 Romanum
797 1067 953 1134 adienmt
989 1068 1188 1156 pontificem,
1226 1073 1414 1156 satagentes
1443 1091 1564 1136 anun

362 1172 511 1238 animum
533 1169 637 1256 ipsius
660 1190 750 1235 more
772 1168 922 1234 Romano
945 1169 1100 1247 emollire,
1115 1174 1151 1235 et
1165 1168 1415 1235 cantuariensis
1426 1157 1557 1252 {mh

362 1272 506 1340 eeclesiae
528 1269 720 1336 subvertere
742 1268 950 1356 dignitatem.

408 1372 560 1438 Dilatum
582 1375 635 1436 est
655 1370 785 1436 interea
805 1370 976 1457 negotium
999 1369 1249 1438 Cantuariensis
1271 1369 1415 1436 ecelesiae
1427 1370 1570 1465 mmm

364 1474 407 1541 ob
440 1473 623 1538 adrentum
657 1469 862 1537 Ooloniensis
896 1471 1142 1559 arehiepiseopi,
1177 1493 1275 1556 quem
1309 1491 1417 1536 eomes
1427 1434 1567 1525 3⁰0¹*ss

364 1573 531 1640 Flandriae
553 1573 596 1638 ad
630 1593 742 1658 praees
770 1572 909 1638 Henriei
938 1572 1026 1660 regis
1048 1573 1144 1659 quasi
1170 1572 1286 1639 orandi
1308 1572 1418 1659 gratia

365 1676 551 1741 adduxerat
580 1673 617 1738 in
639 1672 805 1760 Angliam.
852 1671 981 1755 Quibus
1004 1694 1064 1739 rex
1085 1674 1176 1760 apud
1201 1672 1416 1740 Cantuariam

365 1773 629 1867 gratulabundus
660 1795 839 1852 occurrens,
863 1779 899 1840 et
920 1796 996 1841 oum
1024 1773 1130 1862 gloria
1159 1796 1263 1861 usque
1286 1773 1418 1839 Lundo·
1431 1772 1557 1868 ξιξζῑξξθῡξ

366 1878 457 1944 niam
483 1876 674 1963 perduoens,
697 1876 870 1963 satagebat
899 1876 1096 1943 omnimodis
1125 1898 1283 1963 generum
1313 1822 1565 1953 suumflffl‘fflIL

367 1981 484 2047 duoem
518 1976 674 2043 videlieet
708 1976 888 2056 Saxonum,
922 1977 1165 2066 amhiepisoopo
1202 1977 1420 2054 roooneiliare‚

368 2081 426 2167 qui
442 2079 545 2166 ipsius
560 2077 654 2144 duois
668 2077 871 2144 fortissimus
893 2078 999 2145 hostis
1020 2079 1182 2146 haetenus
1196 2086 1277 2146 erat
1324 2078 1420 2160 Quod

368 2204 443 2250 eum
465 2202 525 2247 rex
546 2179 640 2247 nullo
660 2185 783 2247 oonatu
804 2178 934 2246 valeret
958 2179 1093 2259 effioara,
1115 2181 1293 2268 prefatum
1314 2178 1422 2247 arehi-

369 2284 559 2370 episoopum
581 2281 797 2369 indignanter
817 2280 954 2347 remisit

415 2384 501 2450 Cum
515 2388 628 2449 autern
642 2382 734 2468 prior
749 2382 997 2449 cantuariensis
1011 2387 1082 2449 tam
1104 2384 1174 2470 regi
1188 2404 1288 2470 quam
1308 2383 1422 2450 oomiti
1434 2391 1557 2486 m*

370 2489 559 2552 reverenter
569 2488 760 2560 ooeurroret
772 2489 971 2570 oonquestus
985 2490 1037 2550 est
1050 2506 1110 2550 rex
1120 2485 1235 2552 eomiti
1249 2486 1291 2552 de
1305 2485 1414 2571 priore
1433 2493 1510 2535 ‘m
1518 2489 1560 2535 ὓ»

1414 2537 1546 2593 'blotand

371 2587 483 2653 disens
515 2606 592 2650 eum
622 2584 777 2671 superbia
807 2584 963 2651 inflatum
984 2585 1070 2651 velle
1100 2585 1350 2654 Cantuariensis
1371 2589 1591 2689 eo-ghlffljg

293 2762 298 2767 ,
371 2687 479 2755 desire
501 2685 634 2772 propria
648 2684 821 2752 voluntate
843 2686 1123 2774 amhiepisoopum
1145 2687 1263 2765 faeere,
1278 2693 1313 2753 et
1335 2688 1423 2773 quod
1435 2689 1586 2792 ΜΝ

372 2786 518 2855 voluerit
538 2786 576 2852 in
598 2786 722 2874 Anglia
743 2787 906 2855 secundm
935 2809 1023 2875 papa
1044 2810 1121 2855 esse.
1167 2788 1313 2857 Dederat
1334 2791 1423 2857 enim
1436 2791 1503 2835 *¹¹¹¹-

373 2890 410 2955 in
432 2886 599 2953 mandatis
621 2886 775 2953 dominus
804 2908 891 2975 papa
917 2888 1019 2974 priori
1042 2888 1282 2968 Cantuariensi,
1305 2894 1345 2956 ut
1366 2913 1425 2978 per

373 2995 481 3057 totam
502 2987 660 3075 angliam
690 2988 862 3054 denarium
893 2988 983 3055 beati
1013 2989 1104 3056 Petri
1133 2990 1310 3080 oolligeret,
1332 2992 1425 3059 etin

375 3091 512 3159 eeclesia
542 3089 775 3157 cantuariensi
807 3097 1007 3172 reservaret;
1038 3093 1127 3158 unde
1148 3114 1209 3159 rex
1230 3094 1273 3159 ad
1299 3093 1426 3160 instan-

376 3193 460 3259 tiam
496 3190 705 3279 quorundam
744 3190 971 3279 episeoporum
1007 3192 1182 3260 irritatus¹
1216 3194 1311 3274 dixit
1338 3195 1426 3283 quod

376 3294 466 3381 prior
487 3292 592 3359 vellet
610 3292 647 3357 in
661 3291 786 3380 anglia
800 3295 963 3360 secundus
984 3315 1071 3381 papa
1085 3317 1163 3362 esse.
1209 3296 1273 3363 Oui
1295 3319 1426 3385 raspon-

377 3395 430 3462 dit
451 3415 559 3461 oomes
590 3392 711 3469 dioens,
734 3393 823 3479 quod
853 3401 933 3461 anto
963 3397 1067 3462 totius
1098 3403 1196 3465 terrae
1226 3420 1295 3466 suae
1325 3400 1427 3466 etiam

378 3496 529 3565 eeclesias
559 3495 773 3573 oomburorat,
795 3516 895 3582 quam
926 3496 989 3564 hoo
1021 3499 1207 3566 sustineret
1254 3500 1320 3566 Sed
1352 3522 1428 3567 eum

378 3599 467 3667 idom
496 3598 657 3686 gloriosus
686 3597 802 3664 eadem
824 3618 845 3663 a
866 3596 1038 3665 Londonia
1058 3599 1116 3666 via
1144 3601 1276 3679 rediret,
1297 3591 1554 3696 audivitffl

378 3702 416 3766 in
438 3706 561 3766 terram
590 3719 684 3765 suam
711 3700 871 3786 quosdam
900 3721 976 3767 anm
1004 3702 1105 3767 annis
1134 3702 1282 3781 intrasse,
1304 3704 1430 3791 rapinis

379 3801 479 3867 simul
501 3806 536 3867 et
558 3799 863 3887 depredationibus
891 3801 1052 3868 nonnulla
1080 3808 1235 3870 vastasse
1280 3804 1428 3871 Festina-

380 3904 433 3969 vit
453 3903 558 3991 igitur
579 3907 679 3971 terre
699 3924 768 3969 sure
797 3903 948 3969 tiammm
974 3903 1166 3992 extinguere
1188 3904 1247 3992 qui
1269 3906 1306 3972 in
1327 3907 1427 3993 patri-

381 4003 492 4069 monio
516 4003 677 4070 Oruoifixi
699 4002 891 4070 minabatur
912 4004 1063 4072 aoelesias
1084 4027 1296 4074 eonoremare.

315 4126 320 4137 ·
425 4106 500 4173 Rex
526 4111 639 4172 autem
661 4105 793 4193 Angliae
814 4105 908 4172 misit
929 4107 1065 4175 nuntios
1084 4114 1120 4175 et
1139 4108 1269 4177 litteras
1289 4111 1334 4178 ad
1355 4133 1432 4178 oon·
1444 4114 1602 4210 ffiffl·

382 4216 521 4274 ventum
537 4206 784 4273 cantuariensis
798 4206 950 4286 eoelesisa
959 4207 1166 4295 precipiens,
1181 4215 1222 4276 ut
1235 4232 1309 4278 eum
1325 4210 1431 4297 priore
1444 4213 1561 4308 m

382 4335 442 4379 suo
464 4311 575 4400 prm-a
596 4311 640 4378 aa
662 4331 738 4377 eum
761 4311 934 4379 miserens
955 4313 1131 4380 monachos
1152 4315 1196 4380 as
1212 4295 1559 4382 wmaoreewan’

384 4414 458 4496 Quo
489 4434 566 4480 eum
595 4411 767 4478 venissent
797 4411 852 4478 die
884 4413 1101 4480 ordinationis
1126 4415 1240 4484 Sancti
1263 4417 1432 4484 Dunstani

383 4514 483 4602 simul
498 4535 574 4582 oum
597 4512 757 4600 episeopis
771 4512 906 4581 etalem
919 4513 1060 4601 Angliae,
1082 4515 1171 4582 dixit
1191 4518 1236 4585 ad
1257 4520 1433 4587 monachos

417 4783 566 4852 meam]
579 4782 725 4846 enac.
904 4779 911 4851 ι
957 4779 1144 4854 ’ornem
1158 4786 1417 4854 nmmo,
