3572 5744
689 926 802 977 orsus
824 927 1015 977 msromcs.
1308 917 1370 980 115

363 1106 442 1164 ricus
466 1107 569 1173 erexit,
587 1107 645 1165 iste
671 1108 789 1181 dejecit,
808 1110 859 1166 ille
884 1109 1031 1179 instruxit,
1060 1111 1115 1166 iste
1142 1111 1296 1178 destruxit,
1316 1112 1372 1168 eri·
1403 1108 1525 1203 Afflfflass·

326 1191 344 1217 ‘⁸
363 1190 425 1264 gite
442 1192 563 1258 animm,
583 1196 614 1247 et
632 1192 668 1248 de
686 1192 848 1250 virtutibus
865 1194 981 1260 vestris,
999 1194 1089 1250 immo
1115 1194 1151 1251 de
1176 1195 1232 1251 Dei
1255 1196 1403 1268 justitias
1470 1190 1506 1266 'or

326 1276 346 1301 “
364 1275 474 1341 confisi,
492 1275 652 1331 vindictam
668 1277 752 1332 vobis
773 1295 791 1333 a
808 1276 871 1333 Deo
896 1278 1024 1334 oblatam
1049 1277 1085 1334 de
1103 1279 1273 1337 facinorosis
1299 1298 1374 1353 proe·
1386 1271 1522 1368 ultumi

325 1359 344 1384 ‘¹
361 1359 479 1424 sumite,
499 1364 529 1414 et
545 1357 671 1429 gloriam
689 1360 770 1416 vobis
788 1364 818 1416 et
835 1361 958 1433 posteris
975 1361 1080 1418 vestris
1104 1362 1249 1435 adquirite
1267 1366 1373 1436 sempi·
1521 1353 1527 1366 ’

325 1442 344 1468 “
362 1446 484 1497 ternam.
521 1441 560 1498 Et
586 1441 646 1513 jam
671 1442 697 1497 si
724 1443 807 1500 vobis
837 1443 915 1500 idem
940 1445 1056 1501 animus
1083 1451 1137 1513 est,
1164 1446 1202 1500 ad
1231 1447 1286 1502 hoo
1316 1446 1372 1502 Dei

326 1523 506 1596 “judicium
522 1524 756 1596 perpetrandum
781 1527 1012 1598 progressionem
1029 1534 1142 1594 vovete,
1161 1529 1264 1600 sugam
1290 1531 1372 1604 abju-

324 1609 345 1634 “
362 1612 434 1674 rate,
453 1609 558 1665 erectis
574 1609 606 1664 in
626 1611 731 1666 caelum
749 1610 927 1666 unanimiter
944 1610 1085 1668 dextris.’'

358 1701 418 1758 Vix
434 1701 563 1774 linierat,
582 1708 614 1760 et
634 1719 744 1775 omnes,
763 1701 889 1758 extensis
906 1703 937 1757 in
960 1704 1065 1759 caelum
1082 1704 1224 1770 manibus,
1244 1706 1371 1762 terribili
1386 1715 1485 1762 emersi

324 1781 450 1837 clamore
479 1784 581 1857 fugam
610 1783 830 1856 abjuraverunt,
860 1788 890 1839 et
914 1800 945 1840 se
961 1784 995 1839 in
1019 1786 1108 1843 armis
1133 1786 1315 1858 colligentes,
1341 1779 1512 1865 inm·

324 1865 421 1921 hostes
438 1867 590 1939 splendide
606 1865 845 1940 progrediuntur.

293 1988 297 1993 .
359 1948 423 2004 Rex
439 1950 553 2007 interea
571 1949 739 2022 Stephanus
757 1967 895 2006 omarum
912 1951 1027 2023 magnis
1045 1959 1206 2017 exastuans
1223 1954 1371 2023 fluctibus,

325 2038 364 2097 ut
396 2035 591 2120 preadictum
622 2038 682 2112 est,
704 2043 824 2099 missam
850 2044 882 2099 in
909 2048 993 2100 tauta
1016 2045 1190 2103 solennitate
1216 2037 1372 2105 Purifioa
1385 2059 1521 2104 amouens

325 2123 426 2188 oona
444 2126 568 2191 susat.
613 2122 746 2190 leuat
767 2128 879 2189 auem
902 2123 1025 2190 isidem
1047 2127 1142 2192 uae
1174 2109 1542 2215 presagiumgtittffl

324 2211 522 2281 futurorum.
571 2222 647 2279 Oum
676 2213 766 2278 onim
797 2237 913 2276 cereum
953 2238 1023 2293 rege
1059 2222 1183 2294 dignum
1219 2225 1256 2281 de
1292 2242 1373 2281 more

325 2304 448 2368 offerens
473 2314 611 2370 manibus
635 2308 797 2367 Alexandri
824 2309 951 2381 episcopi
978 2310 1150 2383 imponeret,
1177 2303 1213 2368 in
1244 2305 1374 2370 fiusw

325 2411 437 2458 cereus
459 2406 503 2458 est
521 2404 694 2458 confractus.
733 2399 813 2455 Pixis
831 2412 969 2476 quoque,
985 2413 1149 2476 quaecum
1165 2393 1380 2461 Eucharistia

326 2480 454 2562 desuper
475 2490 566 2548 altare
583 2481 758 2571 pendebat,
782 2487 904 2559 abrupto
922 2487 1040 2544 vinculo
1065 2482 1196 2562 corruit,
1228 2485 1373 2570 signum·

326 2592 390 2656 que
413 2570 506 2635 dedit
536 2592 676 2640 odessus.
722 2579 786 2634 Rex
812 2574 923 2634 tamen
955 2568 1188 2636 nichilominus
1210 2581 1374 2636 strenuissi-

326 2685 392 2724 mus
410 2659 566 2727 audacter:
583 2681 725 2742 egressus
748 2663 807 2736 est,
829 2668 965 2739 aciesque
984 2684 1051 2722 oum
1077 2685 1193 2723 summa
1220 2669 1375 2724 securitate

325 2748 403 2804 bello
420 2747 585 2821 disposuit.²
620 2750 689 2822 Ipse
714 2747 804 2821 pedes
829 2745 908 2802 circa
935 2762 967 2800 so
993 2763 1110 2802 omnem
1135 2744 1375 2803 multitudinem³

326 2830 514 2886 loricatorum
532 2833 614 2903 equis
633 2829 766 2887 abductis
783 2827 966 2884 strictissime
987 2828 1148 2884 collocarit.
1186 2828 1289 2885 Comes
1306 2844 1376 2885 vero

327 2932 394 2970 cum
423 2914 484 2970 suis
510 2914 541 2970 in
566 2914 679 2972 duabus
705 2912 822 2970 aciebus
848 2913 930 2984 equis
955 2918 1136 2984 pugnaturos
1159 2912 1297 2980 instituit,
1324 2911 1377 2967 sed

327 2996 485 3053 admodum
511 3015 609 3069 parvas
637 3001 782 3072 equestres
809 2996 885 3053 acies
911 2997 971 3053 illae
995 3003 1236 3068 comparuerunt3
1269 3012 1376 3067 pancos
1390 3002 1524 3056 theutes

328 3081 408 3137 enim
426 3099 524 3137 secum
542 3082 604 3138 ficti
623 3088 654 3138 et
671 3080 785 3137 factiosi
803 3080 936 3136 consules
953 3079 1142 3139 adduxerant.
1176 3080 1264 3137 Acies
1279 3086 1376 3136 autem
1389 3065 1495 3150 iffi*

328 3164 437 3236 regalis
454 3165 581 3220 maxima
599 3170 670 3230 erat,
682 3182 740 3221 uno
758 3170 872 3220 tantum
890 3162 1001 3219 scilicet
1017 3164 1097 3235 regis
1108 3164 1250 3236 insignita
1260 3165 1376 3221 vexillo.

329 3257 409 3313 Tunc
427 3258 496 3329 quia
511 3275 564 3313 rex
576 3256 745 3330 Stephanus
764 3257 870 3312 festiva
886 3248 993 3313 caruit
1011 3272 1091 3324 voce,
1109 3256 1277 3314 Baldewino
1296 3274 1376 3329 mag·

328 3366 374 3403 nae
391 3348 554 3405 nobilitatis
579 3350 642 3405 viro
669 3365 763 3405 sermo
788 3350 980 3409 exortatorius
1006 3348 1045 3404 ud
1070 3349 1241 3407 universum
1269 3354 1377 3405 coetum
1467 3399 1470 3405 ,

328 3432 478 3505 injunctus
495 3438 547 3488 est.
585 3431 641 3501 Qui
659 3432 722 3487 loco
741 3438 821 3488 stam
839 3432 990 3497 eminenti,
1010 3432 1141 3488 omnium
1152 3433 1244 3489 oculis
1262 3433 1293 3487 in
1310 3449 1377 3488 oum

329 3513 443 3580 erectis,
463 3511 515 3568 nbi
533 3512 725 3567 attentionem
741 3528 842 3567 eorum
859 3511 990 3567 modesta
1006 3511 1207 3568 taciturnitate
1232 3525 1378 3589 compes·

329 3594 406 3671 cuit,
438 3593 475 3657 in
505 3590 594 3675 hunc
626 3591 761 3657 modum
790 3616 908 3655 exorsus
934 3604 996 3656 cst:
1036 3598 1173 3656 “Omnes
1192 3601 1242 3673 qui
1260 3602 1378 3657 aciebus
1392 3607 1510 3666 speeobot

332 3682 351 3707 ‘¹
371 3670 518 3753 dispositis
536 3680 701 3736 conflicturi
719 3684 797 3746 sunt,
816 3680 876 3735 tria
901 3678 1071 3751 praevidisse
1084 3686 1207 3751 oportet.
1246 3681 1378 3736 Primum
1392 3659 1535 3757 {iffiiffl

331 3765 515 3838 “justitiam
533 3781 643 3831 oansae3
672 3763 776 3820 deinde
801 3762 931 3835 militnm
956 3762 1085 3835 copiam;
1110 3768 1257 3835 postremo
1282 3768 1379 3820 astan-
1393 3762 1472 3804 mm·

332 3850 351 3874 “
371 3849 447 3903 tium
476 3848 660 3919 probitatem.
711 3845 866 3902 iustitiam
893 3863 998 3912 causa,
1024 3863 1061 3901 ne
1086 3847 1247 3919 perieulum
1273 3847 1379 3903 animae

331 3932 350 3957 “
370 3931 544 3986 incurratur.
602 3930 723 4001 Copiam
759 3929 898 3996 militum,
935 3947 973 3985 ne
1009 3929 1138 3986 hostium
1173 3931 1380 3985 numerositate

331 4015 350 4041 “
369 4014 587 4086 comprimatur.
624 4013 806 4068 Probitatem
837 4013 1004 4080 astantium,
1035 4030 1073 4068 ne
1102 4030 1225 4069 numero
1261 4014 1378 4081 confisa,

332 4098 516 4155 “debilibus
543 4100 642 4153 tamen
668 4098 769 4153 innixa
795 4097 960 4154 subruatur.
996 4097 1033 4152 ln
1060 4096 1107 4152 his
1131 4097 1265 4152 omnibus
1291 4114 1380 4168 nego·

330 4181 351 4207 “
369 4180 445 4235 tium
464 4196 519 4251 qno
537 4184 673 4235 tenemur
691 4180 882 4252 conspicimus
910 4179 1093 4252 expeditum
1118 4196 1211 4235 caussa
1237 4179 1381 4250 siquidem

332 4265 351 4293 ⁴⁸
370 4268 477 4320 nostrae
498 4263 617 4336 justitia
635 4267 688 4329 est,
709 4262 785 4335 quod
802 4264 878 4334 regi,
901 4281 936 4319 ea
956 4281 1022 4334 quae
1048 4280 1144 4318 coram
1169 4261 1231 4317 Deo
1249 4262 1383 4318 vovimus

332 4352 350 4376 “
370 4354 528 4416 servantes,
549 4355 649 4405 contra
667 4367 735 4405 snos
759 4349 791 4403 in
818 4366 884 4404 eum
908 4350 1041 4421 perjuros
1067 4348 1099 4403 in
1123 4347 1253 4421 periculo
1279 4347 1383 4403 mortis

333 4435 352 4460 “
371 4438 508 4489 astamus.
545 4433 696 4488 Numerus
713 4450 784 4490 vero
801 4432 885 4488 nobis
902 4433 934 4488 in
953 4431 1099 4503 equitibus
1116 4448 1174 4487 non
1200 4431 1331 4497 inferior,
1352 4430 1383 4486 in

334 4516 518 4589 “peditibus
550 4517 716 4573 confertior.
754 4516 934 4572 Probitatem
963 4532 1032 4572 vero
1066 4521 1112 4571 tot
1147 4515 1307 4583 consulum,
1340 4519 1384 4570 iot

366 4750 374 4782 ¹
379 4750 483 4817 frusta]
498 4750 601 4813 irnsma,
612 4748 647 4800 A.
657 4751 688 4801 B.
915 4748 1125 4816 imullr'tudiaem]
1141 4764 1190 4799 om.
1204 4748 1234 4800 C.

364 4828 522 4896 ²dispossc‘t]
536 4828 654 4895 disponit,
667 4829 696 4883 0.

1179 4910 1249 4972 112
