3666 5724
425 890 491 955 394
626 904 788 955 enavesn
811 904 974 955 nonaum
995 905 1269 957 carrusaruusrs

272 1106 394 1201 *nltliii'
426 1097 441 1123 “
465 1090 619 1155 dominus
648 1111 736 1178 papa
765 1092 823 1177 qui
846 1092 941 1158 nobis
964 1094 1098 1160 unicum
1121 1098 1193 1159 erat
1214 1092 1378 1178 refugium
1406 1093 1421 1177 j

254 1218 413 1313 scorpiorum
426 1200 441 1224 ‘⁸
465 1192 645 1269 decesserit,
669 1194 757 1279 quod
787 1216 846 1259 rex
880 1195 1038 1281 insurgat,
1062 1195 1150 1280 quod
1181 1200 1277 1280 pater
1298 1199 1333 1258 et
1366 1199 1479 1279 pastor

252 1270 394 1364 ffdbdiii
425 1301 443 1326 “
465 1299 577 1359 noster
598 1316 658 1359 nos
681 1296 827 1382 undique
857 1297 1060 1382 comprimat,
1083 1297 1170 1361 fame
1193 1302 1227 1361 et
1248 1296 1307 1361 siti
1336 1317 1478 1360 conven-

252 1369 359 1414 ΒΜ·
425 1402 443 1429 “
465 1401 538 1460 tum
569 1396 699 1476 afficiat,
726 1404 838 1484 captos
870 1399 971 1465 etiam
1003 1399 1032 1463 si
1066 1397 1210 1464 voluerit
1243 1399 1280 1462 in
1317 1419 1476 1463 carcerem

424 1505 442 1532 “
464 1499 587 1574 trudat,
618 1500 729 1585 capita
763 1521 894 1587 quoque
928 1500 984 1565 vel
1014 1521 1132 1566 manus
1166 1500 1302 1576 auferat,
1336 1521 1398 1565 nec
1430 1500 1478 1564 sic

422 1598 595 1665 “volente
617 1600 689 1666 Deo
720 1622 826 1668 causae
857 1607 979 1668 nostrae
1011 1601 1223 1687 dispendium
1246 1600 1299 1666 vel
1333 1600 1476 1666 ecclesiae

422 1702 636 1767 “discrimen
666 1704 840 1788 spontanei
874 1704 1040 1781 faciemus,
1063 1726 1124 1769 nec
1158 1703 1329 1769 infamiam
1363 1703 1475 1789 gloriae

421 1811 438 1835 “
460 1808 583 1869 nostrae
605 1804 790 1869 inferemus.
838 1805 956 1870 Causae
986 1804 1110 1870 etenim
1140 1804 1275 1889 justitia
1305 1809 1365 1880 est,
1388 1803 1476 1888 quod

421 1912 438 1937 “
459 1903 647 1970 libertatem
670 1905 814 1970 ccclesiae
846 1906 1033 1991 quaerimus,
1056 1906 1110 1970 eui
1143 1909 1294 1970 tenemur
1325 1926 1367 1969 ex
1400 1926 1474 1991 pro-

420 2014 437 2039 “
460 2005 609 2083 fassione,
632 2007 721 2091 quod
752 2012 877 2072 statum
899 2028 920 2072 a
942 2007 1092 2093 patribus
1119 2007 1280 2072 traditum
1304 2012 1338 2071 et
1360 2006 1476 2072 confir·

420 2115 437 2140 “
460 2114 587 2173 matum
618 2129 807 2174 conservare
837 2109 1075 2174 contendimus.
1123 2108 1214 2173 Scias
1245 2107 1386 2193 denique
1416 2128 1475 2193 pro

420 2216 437 2242 “
460 2214 557 2286 certo,
580 2209 668 2294 quod
691 2208 817 2275 abhoc
839 2215 909 2275 tam
939 2211 1032 2295 justo
1056 2215 1191 2294 tamque
1222 2209 1346 2274 salubri
1370 2210 1474 2274 eonsi-

419 2317 437 2343 “
460 2306 514 2386 lio,
536 2310 654 2395 quovis
677 2309 770 2376 illato
793 2316 828 2376 et
850 2308 1020 2376 inferendo
1042 2310 1246 2396 gravamine,
1262 2332 1330 2375 non
1352 2311 1475 2395 poteri-

421 2418 437 2444 “
460 2432 534 2475 mus
564 2411 690 2477 avelli'’
735 2412 818 2477 Haec
851 2413 963 2498 itaque
995 2433 1070 2479 cum
1104 2413 1251 2478 audisset
1273 2412 1475 2478 Herebertus

338 2586 341 2591 4
419 2512 560 2578 miratur
582 2514 811 2591 constantiam,
826 2518 996 2598 tantaeque
1019 2513 1282 2601 congregationis
1304 2513 1473 2599 obstupes-

420 2614 467 2680 cit
499 2616 762 2681 unanimitatem
821 2623 838 2650 “
851 2612 966 2701 Ergo,”
1001 2615 1120 2700 inquit,
1153 2616 1208 2680 “si
1242 2615 1291 2680 ita
1321 2621 1380 2690 est,
1414 2621 1475 2680 aut

420 2724 436 2750 “
460 2717 643 2782 cedendum
672 2722 723 2782 est
745 2716 897 2802 turpiter,
918 2722 980 2782 aut
1001 2717 1158 2781 standum
1182 2716 1351 2781 viriliter.'’
1397 2716 1472 2782 Sta

420 2825 438 2851 “
460 2823 533 2882 tum
556 2817 632 2895 est,'’
656 2819 766 2903 inquit
787 2819 947 2904 supprior,
964 2825 1052 2903 “per
1067 2818 1130 2884 Dei
1145 2818 1288 2904 gratiam
1310 2839 1413 2903 usque
1437 2818 1473 2883 in

419 2927 436 2953 “
459 2940 610 3005 praesens,
632 2925 669 2985 et
690 2919 727 2985 in
748 2919 811 2985 hac
832 2920 1078 3005 perseverantia
1099 2920 1261 2985 stabimus
1288 2921 1391 2986 donee
1414 2941 1473 3005 per

420 3020 639 3086 “Dominum
666 3021 881 3107 perficiatur.''
927 3021 968 3084 In
998 3020 1088 3088 hunc
1119 3023 1253 3088 modum
1285 3021 1474 3108 allegabant

419 3122 554 3209 plurimi
576 3125 671 3209 quasi
694 3146 736 3189 ex
759 3123 1010 3219 devotione'vel
1044 3126 1265 3211 compassione
1295 3124 1472 3191 familiares

419 3225 517 3290 amici
547 3231 583 3291 et
611 3226 654 3291 ad
686 3246 831 3290 mensam
865 3226 953 3303 socii,
983 3232 1185 3312 temptantes
1216 3227 1245 3291 si
1271 3248 1345 3312 -quo
1376 3227 1473 3293 modo

420 3327 570 3394 valerent
600 3332 730 3393 tantam
760 3326 874 3392 sedare
905 3316 1196 3413 perturbationem,
1226 3327 1280 3393 vel
1312 3328 1473 3415 archiepi-

421 3449 518 3514 scopo
547 3428 619 3514 jam
642 3429 678 3492 in
699 3427 856 3513 Angliam
879 3429 1068 3515 properanti
1091 3435 1169 3495 ante
1195 3450 1341 3516 pugnam
1363 3451 1475 3516 repor-

251 3547 385 3592 nnaorae
422 3536 494 3596 tare
528 3530 709 3596 victoriam.
756 3529 798 3593 In
830 3529 883 3595 his
915 3529 1019 3616 igitur
1053 3551 1160 3595 annus
1184 3531 1309 3597 Gratiae
1340 3544 1399 3595 erue
1421 3545 1474 3595 0¹¹³

248 3609 310 3653 Μ’
422 3645 647 3709 axxxuevrruss,
677 3636 712 3697 et
750 3630 875 3696 domini
913 3630 1098 3697 Baldewini
1125 3632 1254 3709 tertius,
1291 3631 1472 3719 completus

422 3739 481 3801 est

749 4037 1143 4106 notumne-xl.

267 4220 391 4266 anuas.
466 4195 653 4261 Gilebertus
691 4194 860 4281 episcopus
891 4192 1061 4270 Roffensia,
1094 4196 1227 4277 accepto
1261 4192 1418 4258 mandato
1451 4213 1472 4257 a

250 4271 375 4379 affl,
421 4296 555 4364 domino
592 4296 785 4361 Baldewino
831 4293 1062 4361 cantuariensi
1099 4293 1350 4381 archiepiscopo,
1396 4313 1471 4360 curn

249 4345 586 4488 ettelrl¹uiquieus
608 4399 771 4464 militibus
793 4403 828 4463 a
849 4397 1028 4485 prophanis
1044 4395 1290 4462 Haketonensis
1305 4399 1471 4486 simgogae

249 4487 356 4529 eavea.
419 4504 544 4570 clericis
583 4500 797 4570 Cantuariam
835 4500 937 4576 venit,
969 4505 1003 4565 et
1045 4499 1223 4585 impetrata
1255 4520 1276 4565 a
1305 4506 1471 4567 conventu

419 4606 553 4672 licentia
575 4604 692 4690 quinto
727 4603 802 4667 idus
823 4601 975 4666 «Ianuarii
1007 4600 1190 4687 capitulum
1213 4598 1378 4688 ingressus
1413 4610 1470 4670 est.

420 4706 594 4793 Proposuit
631 4705 744 4790 itaque
778 4701 955 4769 conventui
1002 4701 1109 4768 faceto
1143 4701 1273 4788 eloquio
1301 4704 1351 4769 de
1385 4706 1472 4790 regia

418 4806 651 4883 benivolentia,
689 4804 777 4891 quod
813 4825 881 4869 non
918 4802 1044 4869 modice
1082 4806 1186 4869 tantae
1228 4807 1472 4891 compateretur
