3544 5724
679 925 790 976 ornus
813 925 1004 976 msrosros.
1340 914 1360 978 9

112 1112 326 1173 sarnetum·
344 1116 394 1168 tur
420 1112 577 1169 inclusum.
612 1110 662 1168 Ad
686 1111 741 1169 hoo
765 1113 858 1169 altare
887 1131 955 1168 oum
983 1110 1115 1169 saosrdos
1137 1116 1240 1183 agaret
1261 1109 1519 1213 divinattigosffin·

115 1180 256 1245 Belia&
276 1250 283 1263 ,
307 1198 327 1222 “
345 1195 490 1261 misteria,
507 1196 612 1251 faeiem
629 1195 666 1251 ad
684 1197 824 1268 populum
842 1194 893 1267 qui
910 1196 1045 1251 deorsum
1063 1191 1361 1251 stabstsdorientem
1394 1211 1511 1306 raom

115 1246 294 1370 {Lffffi’
308 1281 326 1305 ‘⁸
346 1297 461 1335 versam
496 1279 630 1345 habebat,
658 1285 725 1351 post
749 1297 782 1334 so
812 1296 881 1334 vero
914 1279 951 1334 ad
981 1278 1162 1334 oooidentsm
1193 1280 1360 1335 cathedram
1394 1223 1490 1356 ‘bii'moh

114 1352 182 1433 ιη’,
285 1355 327 1389 ’“
345 1362 544 1436 pontificalem
571 1363 684 1418 deoouti
710 1380 796 1435 opere
822 1381 857 1418 ex
881 1362 997 1434 magnis
1014 1361 1159 1433 lapidibus
1177 1368 1207 1418 et
1229 1370 1360 1419 cemento
1379 1343 1530 1443 omer-effi

307 1450 326 1473 “
345 1453 553 1513 constructam,
572 1456 602 1503 st
620 1447 696 1502 hano
713 1447 800 1517 longe
819 1465 838 1501 a
855 1446 1009 1502 Dominioa
1024 1463 1128 1501 mensa
1144 1454 1296 1512 remotum,
1313 1454 1359 1503 ut·
1371 1463 1494 1507 unstrou-

306 1532 325 1556 “
344 1536 414 1601 pote
425 1531 532 1602 parieti
549 1530 678 1587 soolssire
696 1531 747 1601 qui
764 1530 856 1586 totius
874 1529 978 1601 templi
995 1529 1156 1601 eomplexio
1167 1537 1231 1585 erat
1242 1531 1360 1585 omnino
1373 1514 1475 1610 ffifl’

306 1615 325 1640 “
344 1614 523 1684 oontiguum.
554 1615 614 1670 Hie
624 1615 700 1670 situs
711 1615 808 1670 fuerat
819 1614 948 1669 eoolesiae
959 1614 1184 1670 Cantuarieusis.
1220 1615 1314 1683 Quem
1326 1633 1362 1670 ea

306 1699 325 1722 “
343 1715 377 1752 re
393 1698 444 1753 hio
460 1699 504 1753 its
520 1699 621 1769 paucis
637 1698 854 1771 descripsimus,
872 1704 907 1754 ut
924 1716 991 1754 oum
1009 1698 1162 1770 praesentis
1185 1698 1281 1755 estatis
1306 1700 1358 1755 ho·

305 1784 324 1809 “
343 1783 439 1838 mines
465 1790 496 1839 et
521 1785 628 1840 suturas
653 1784 840 1856 antiquorum
866 1784 903 1839 de
928 1784 984 1839 hoo
1004 1783 1114 1854 scripta
1131 1782 1288 1850 audierint,
1308 1800 1361 1838 nso

304 1868 324 1893 “
338 1865 424 1937 juxta
447 1865 617 1923 relationem
641 1867 759 1922 illorum
789 1867 832 1922 ita
860 1866 1036 1929 invenerint,
1060 1866 1156 1922 sciant
1185 1866 1238 1921 ssla
1261 1872 1361 1922 vetera

305 1950 323 1974 ‘⁶
342 1948 481 2005 tramine
498 1956 530 2006 at
546 1949 645 2005 omnia
662 1950 715 2004 illa
731 1948 824 2004 uova¹
837 1966 908 2005 esse.
942 1948 1093 2021 Siquidem
1110 1938 1181 2021 post'
1194 1946 1359 2005 innumeras

222 2102 229 2111 ·
305 2036 324 2060 ‘¹
343 2034 558 2106 persecutiones
576 2053 648 2106 quas
665 2030 826 2105 saepissim'e
842 2052 926 2107 passo
944 2040 991 2090 est
1007 2034 1087 2090 intus
1106 2040 1137 2090 et
1153 2034 1235 2100 soris,
1248 2034 1360 2091 oeoulto

305 2123 324 2146 “
343 2120 450 2176 nostris
479 2119 581 2175 diebus
610 2119 660 2175 sed
687 2119 768 2192 justo
793 2119 908 2192 judicio
937 2120 1002 2187 Dei,
1027 2119 1160 2176 inoendio
1189 2127 1360 2191 consumpta
1373 2108 1524 2203 fflffl

304 2206 322 2228 '⁴
342 2210 398 2268 ast,
416 2209 530 2259 etcum
549 2203 685 2259 omnibus
703 2203 881 2259 ornamentis
899 2209 930 2259 et
942 2202 1114 2259 utensilibus
1139 2202 1200 2258 suis
1217 2202 1249 2258 in
1266 2202 1358 2258 nichi-
1372 2210 1524 2269 interimere

304 2288 323 2311 “
343 2285 406 2342 lum
424 2304 499 2357 pene
517 2285 643 2342 redacta.
681 2286 740 2342 Sed
756 2286 803 2341 his
827 2286 1013 2357 dispensante
1031 2287 1093 2342 Deo
1110 2286 1240 2357 patratis,
1259 2262 1498 2363 pansis-iiiiiffiiy

303 2369 524 2441 “interpositis
553 2369 637 2425 annis
665 2369 856 2426 Lamfranous
886 2369 1073 2426 cadomensis
1106 2370 1231 2426 ooenobii
1260 2371 1357 2434 abbas,
1373 2362 1495 2407 hunam,

305 2456 324 2480 ‘⁴
343 2453 391 2508 vir
407 2471 533 2525 magnus
549 2458 580 2510 st
596 2454 733 2526 prudens,
747 2454 877 2510 eoelesise
897 2452 989 2525 ipsius
1005 2454 1255 2526 arehiepisoopotu
1279 2455 1358 2510 suno·

304 2541 322 2564 ‘⁴
342 2542 392 2592 tus
409 2543 464 2602 est,
479 2544 511 2593 et
528 2537 654 2593 inoendii
669 2536 809 2609 reliquias
826 2554 903 2593 nora
913 2537 1012 2593 omnia
1022 2543 1242 2595 sensuum
1252 2539 1360 2595 evortit

303 2623 323 2647 ⁴⁴
343 2621 496 2677 funditus.²
537 2622 656 2679 Levatis
684 2622 776 2694 igitur
805 2621 974 2693 corporibus
999 2621 1213 2695 praeoipuorum
1240 2628 1359 2695 patrum

303 2706 323 2732 ‘⁴
343 2705 488 2772 Dunstmri
515 2711 602 2778 atquo
628 2706 740 2778 AElsegi
764 2724 878 2762 neonon
902 2712 933 2762 et
955 2704 1079 2762 aliorum
1105 2711 1271 2762 sanatorum
1289 2724 1359 2778 quo·

303 2790 323 2814 “
343 2806 411 2843 rum
436 2789 604 2860 patrosiniis
633 2790 715 2846 loeus
744 2789 806 2862 ipse
836 2788 979 2860 gloriatur
1005 2794 1092 2860 atque
1118 2788 1258 2854 munitur,
1293 2808 1359 2845 oum

303 2875 324 2900 ⁴⁴
343 2873 450 2929 altaria
479 2891 546 2946 ques
562 2873 800 2930 nominavimus³
816 2874 1061 2939 subverterentur,
1081 2873 1247 2930 sanctuaria
1263 2874 1360 2929 omnia
1372 2843 1530 2938 ffihssiffim

302 2959 322 2983 “
343 2974 410 3029 qun
430 2956 531 3021 ineis,
549 2964 583 3014 ut
608 2957 742 3023 diximus,
761 2957 949 3028 antiquorum
971 2956 1128 3013 auotoritas
1153 2961 1269 3029 potrum
1297 2975 1360 3013 esse
1371 2940 1514 3041 ἓξὲξ.

302 3042 320 3066 “
342 3046 515 3111 astruxerat,
532 3041 595 3097 sine
617 3040 813 3097 diminutione
836 3047 952 3114 reperta
975 3047 1052 3098 sunt.
1089 3039 1161 3111 Qum
1185 3041 1228 3097 ita
1253 3059 1285 3097 se
1309 3041 1360 3096 ba·

301 3128 321 3151 “
342 3125 438 3181 buisse
465 3125 528 3181 sine
553 3125 615 3181 ulla
639 3125 832 3198 ambiguitate
850 3126 937 3181 fateri
953 3125 1098 3182 voraciter
1114 3143 1241 3197 possum,
1254 3125 1361 3198 quippe

301 3212 322 3237 “
343 3208 393 3279 qui
418 3208 543 3280 propriis
565 3208 657 3265 oeulis
671 3208 771 3264 omnia
789 3225 856 3264 oum
874 3209 978 3264 fierent
995 3208 1119 3264 intuitus
1137 3226 1212 3274 sum,
1237 3214 1268 3264 st
1293 3208 1359 3265 dili·

302 3303 323 3328 “
342 3301 471 3371 gentiori
489 3300 585 3358 studio
611 3302 709 3359 tenaci
726 3301 874 3357 memoriae
893 3300 1120 3357 commendavi?
1157 3292 1234 3359 Huc
1256 3314 1359 3378 usque
1372 3315 1471 3359 Genese

301 3393 504 3459 AEdnrerua.⁸
532 3393 711 3480 Sequentia
741 3415 819 3460 vero
849 3394 936 3459 siout
966 3397 1001 3458 et
1029 3394 1249 3479 praecedentia
1279 3417 1358 3480 quo
1371 3378 1480 3411 mum.

301 3516 433 3581 cunque
454 3496 532 3562 stilo
553 3502 769 3583 prosequetur
791 3495 977 3561 Gervasius.

348 3595 460 3662 Primo
491 3597 595 3684 igitur
626 3619 708 3685 opus
741 3594 952 3663 Lamfranei⁴
984 3616 1006 3662 a
1039 3598 1162 3684 majore
1193 3604 1285 3663 turre
1308 3599 1358 3663 in-
1372 3618 1506 3664 munus·

301 3699 429 3785 cipiens
469 3700 659 3765 summatim
701 3699 892 3778 describam,
929 3720 996 3765 non
1035 3700 1114 3785 quia
1146 3705 1219 3766 tota
1257 3701 1360 3787 ipsius
1373 3669 1484 3764 bibi?

302 3802 439 3868 ecelesia
471 3801 638 3869 destructa
669 3803 721 3880 sit,
745 3802 803 3867 sed
835 3801 915 3888 quia
945 3800 1058 3886 aliqua
1089 3823 1164 3888 pars
1198 3802 1302 3888 ipsius
1324 3804 1359 3868 in

301 3903 406 3969 alium
429 3910 554 3970 statum
576 3909 712 3972 mutata
759 3904 873 3969 Turris
903 3924 980 3989 ergo
1010 3903 1046 3967 in
1079 3904 1188 3969 medio
1217 3905 1360 3972 eeclesiae

302 4006 458 4073 maximis
480 4008 623 4074 subnixa
643 4007 770 4095 pilariis
792 4007 902 4094 posita
923 4010 983 4083 est,
999 4006 1086 4072 siout
1107 4007 1144 4072 in
1166 4006 1276 4072 medio
1298 4010 1359 4074 oir-
1372 4027 1518 4122 Quis&

303 4110 528 4176 oumferentiae
559 4115 719 4177 esntrum.
780 4110 864 4176 Haeo
900 4108 1047 4174 habebat
1085 4109 1121 4174 in
1158 4110 1262 4196 pinna
1300 4129 1504 4224 suagplgffiaign

303 4212 464 4278 cherubin
486 4212 690 4280 deauratum.
735 4212 791 4276 Ab
811 4211 875 4278 huo
897 4212 1011 4276 versus
1034 4210 1238 4278 occidentem
1263 4234 1359 4279 navis
1420 4286 1427 4303 .

303 4314 359 4380 vel
380 4314 458 4381 aula
490 4322 542 4382 est
572 4316 723 4393 eeclesiae,
747 4314 891 4381 subnixa
921 4314 1079 4399 utrinque
1105 4314 1234 4401 pilariis
1267 4323 1360 4397 ooto;

303 4416 391 4485 hano
412 4439 530 4484 navem
546 4418 598 4485 vel
621 4418 731 4485 aulam
745 4417 869 4483 finiunt
892 4415 966 4482 duae
982 4421 1089 4482 turres
1112 4417 1269 4485 sublimes
1283 4442 1357 4486 oum
1372 4428 1498 4524 {131¹}ng
1549 4438 1551 4441 ·

305 4521 491 4607 pinnaoulis
526 4521 698 4586 deauratis.
756 4520 798 4585 In
819 4519 929 4585 medio
951 4517 1052 4605 hujus
1074 4519 1217 4586 ecolesiae
1240 4542 1359 4588 corona
1371 4531 1516 4626 {dmm

306 4624 470 4710 dependet
500 4623 667 4690 deaurata.
712 4622 883 4710 Pulpitum
906 4642 984 4686 vero
1019 4626 1143 4688 turrem
1166 4624 1358 4710 praedictam

362 4799 408 4849 itio
419 4799 497 4865 asro]
513 4816 580 4851 nora
589 4799 665 4859 faeta,
677 4799 706 4853 C.
889 4797 901 4829 ³
912 4797 1100 4864 nominavimus]
1115 4800 1282 4862 nominamus,
1293 4802 1323 4851 B.

341 4880 447 4931 ’martit
450 4878 584 4946 funditus]
599 4886 642 4930 trs.
654 4878 683 4932 C.
891 4875 1271 4944 *lamfrancs]1aussunoi‚c.
