3572 5744
389 899 453 961 102
589 912 751 964 suavem]
775 911 937 962 Moralem
959 910 1238 966 clarmuntem

215 1085 355 1181 affl&
385 1099 532 1166 niensem
548 1102 736 1189 episcopum
758 1102 924 1189 legatione
946 1102 1056 1189 potita
1069 1102 1205 1189 privari,
1220 1122 1287 1188 qua
1301 1105 1442 1168 vacante

215 1187 346 1234 &mli
384 1201 461 1269 sed'e
477 1201 709 1271 cantuariensi
731 1205 910 1271 admodum
931 1204 1144 1291 gloriabatur.
1191 1203 1342 1270 Omcuivit
1363 1221 1441 1290 ergo

384 1311 541 1382 praedictus
573 1304 703 1392 legatus
727 1313 878 1386 Angliam,
909 1313 1093 1372 considerans
1117 1312 1216 1371 omnia
1238 1311 1441 1370 constituendo

296 1449 299 1454 .
384 1404 507 1461 concilio
520 1406 699 1479 corrigenda.
1468 1416 1471 1421 ·

214 1500 365 1599 mmm,
429 1487 523 1556 Inter
537 1489 608 1559 haec
622 1500 700 1556 lama
712 1499 808 1557 volat¹
821 1517 873 1572 per
886 1498 1044 1557 cmcuitnm
1056 1499 1111 1556 hcc
1123 1498 1235 1555 lactum
1253 1497 1437 1554 miraculum.
1453 1518 1577 1571 00an

213 1603 371 1659 insacratos
384 1590 421 1646 In
450 1590 701 1665 archiepiscopatu
730 1592 901 1649 vaerensi
937 1591 1102 1649 coenobium
1130 1590 1229 1647 nobile
1265 1590 1355 1647 situm
1384 1595 1437 1658 est,
1451 1586 1521 1653 Wis-

213 1653 325 1698 mm
384 1674 462 1746 quod
479 1675 604 1734 Brumia
620 1676 737 1745 dicitur,
757 1676 788 1731 in
811 1675 922 1733 honore
949 1680 1116 1732 sanctorum
1136 1674 1334 1748 apostolorum
1358 1674 1440 1730 Petri
1452 1668 1477 1718 Ρ·
1488 1656 1545 1704 ⁶⁶⁷·

383 1764 414 1815 et
431 1759 517 1816 Pauli
542 1759 719 1827 dedicatum,
746 1759 783 1816 ab
809 1758 939 1831 antiquis
963 1758 1144 1831 temporibus
1169 1775 1187 1815 a
1215 1757 1340 1830 Pippino
1369 1775 1440 1831 rege

382 1841 562 1898 Francorum
578 1847 663 1916 patre
680 1841 786 1898 Karoli
803 1843 907 1914 magni
924 1841 1088 1910 fundatum,
1107 1842 1139 1897 in
1158 1859 1216 1914 qua
1239 1842 1308 1898 talis
1325 1841 1439 1898 novitas

380 1924 424 1982 rei
441 1925 478 1981 ab
495 1924 631 1982 omnibus
648 1924 756 1981 ibidem
777 1924 1015 1982 conversantibus
1033 1923 1171 1981 accidisse
1188 1924 1323 1981 refertur.
1361 1923 1437 1994 Quo·

381 2006 449 2064 dam
465 2025 550 2065 mane
569 2026 636 2065 cum
653 2008 810 2066 celerarius
828 2008 958 2080 ejusdem
975 2008 1144 2065 monasterii
1161 2007 1267 2065 cellam
1284 2007 1437 2077 vinariam,

380 2096 415 2147 ut
432 2090 535 2149 vinum
553 2091 591 2148 ad
609 2092 710 2148 altaris
728 2091 902 2147 sacrificium
920 2108 1001 2157 more
1026 2092 1112 2149 solito
1129 2091 1223 2158 daret,
1243 2109 1310 2147 oum
1327 2092 1438 2149 famulo

380 2192 432 2232 suo
450 2175 595 2243 intrasset,
614 2175 744 2248 repperit
761 2191 850 2231 unam
868 2174 905 2231 de
922 2174 1005 2248 cupis
1026 2193 1114 2248 quam
1140 2175 1278 2232 hesterna
1304 2175 1352 2233 die
1376 2175 1438 2248 pls·

379 2276 448 2314 nam
471 2259 631 2330 reliquerat
657 2274 750 2330 nsque
775 2257 814 2314 ad
839 2259 970 2314 foramen
995 2258 1086 2315 obicis
1110 2259 1162 2331 qui
1177 2259 1295 2316 ,usitato
1320 2260 1438 2318 nomine

379 2341 544 2414 clepsedrs²
579 2342 688 2400 dicitur
722 2347 901 2410 evacuatam,
934 2348 965 2399 et
993 2343 1095 2399 vinnm
1131 2342 1201 2416 psr'
1236 2344 1437 2418 pavimentum

378 2424 527 2483 diffusum.
564 2424 630 2496 Qui,
659 2425 789 2498 graviter
820 2424 857 2481 de
887 2425 1014 2498 dampno
1038 2425 1116 2499 quod
1139 2426 1287 2483 acciderat
1313 2426 1437 2501 ingemi·

377 2526 470 2577 scene,
498 2510 641 2566 famulum
666 2511 717 2583 qui
742 2509 858 2566 astabat
884 2509 1044 2581 asperrime
1062 2510 1232 2583 increpavit,
1251 2511 1352 2568 dicens
1369 2530 1437 2570 eum

377 2594 526 2664 praeterito
551 2611 672 2667 vespere
699 2591 799 2650 minus
825 2591 981 2664 diligenter
1005 2592 1117 2649 obicem
1147 2593 1285 2663 firmasse,
1313 2595 1438 2670 ideoque

377 2675 536 2749 dampnum
548 2677 717 2750 hujusmodi
734 2677 902 2749 contigisse.
939 2676 996 2732 His
1013 2676 1110 2743 dictis,
1128 2677 1182 2734 sub
1199 2678 1437 2737 interminatione
1458 2698 1460 2701 ·

377 2761 516 2832 praecepit
542 2759 569 2815 ei
593 2777 632 2816 ne
659 2759 749 2816 alicui
773 2758 883 2815 diceret
913 2757 991 2831 quod
1017 2758 1171 2827 acciderat,
1198 2760 1308 2818 veritus
1333 2778 1381 2829 ue,
1410 2763 1437 2819 si

376 2834 465 2900 abbas
482 2844 538 2900 hcc
555 2842 653 2900 animo
671 2843 843 2916 perciperet,
862 2841 1072 2898 contumeliose
1090 2859 1157 2898 eum
1179 2843 1272 2901 officio
1298 2861 1351 2901 suo
1375 2845 1435 2917 pri·

208 2950 363 3002 mmmm,
376 2931 466 2982 varet.
503 2927 595 2983 Facto
613 2930 712 2981 autem
730 2941 861 2997 vespere,
879 2925 1051 2996 prinsquam
1068 2924 1174 2980 iratres
1199 2926 1276 2983 irent
1293 2926 1434 2997 cubitum,

205 3002 351 3098 {mim
375 3008 526 3065 cellarium
544 3008 674 3075 intravit,
694 3007 791 3078 obices¹
807 3022 944 3063 rasorum
961 3006 994 3061 in
1020 3005 1127 3078 quibus
1144 3007 1246 3063 viuum
1273 3007 1437 3065 habebatur

198 3103 282 3148 ccum.
376 3092 600 3165 diligentissime
617 3090 756 3157 firmavit,
776 3090 932 3162 clausoque
955 3089 1052 3146 hostio
1069 3090 1179 3146 lectum
1197 3090 1311 3163 petiuit.
1347 3092 1435 3147 Mane
1545 3106 1549 3113 ’

376 3181 475 3231 autem
492 3175 579 3240 facto,
598 3191 665 3230 cum
692 3172 844 3230 cellarium
868 3172 947 3228 sicut
973 3177 1166 3228 consueverat
1191 3173 1342 3241 intrasset,
1359 3174 1436 3231 vidit

375 3260 465 3316 aliam
483 3276 587 3332 cupam
614 3275 705 3330 usqne
730 3256 768 3313 ad
794 3260 926 3312 meatum
953 3256 1043 3312 obicis
1070 3256 1147 3313 siout
1172 3257 1267 3329 pridie
1293 3258 1362 3316 vino
1386 3259 1435 3316 de·

374 3347 483 3402 fluento
500 3349 665 3402 vacuatum.
703 3342 767 3413 Quo
784 3342 859 3409 viso,
877 3342 961 3415 cujus
978 3341 1166 3414 negligentia
1191 3342 1351 3417 dampnum
1378 3344 1434 3402 hcc

374 3429 535 3501 imputaret
559 3429 707 3499 ignorans,
728 3426 858 3499 graviter
874 3442 933 3482 non
950 3425 1014 3482 sine
1039 3442 1149 3498 magna
1175 3425 1365 3485 admiratione
1389 3427 1434 3484 in·

374 3511 477 3579 doluit,
506 3510 676 3582 famuloque
706 3527 759 3566 suo
788 3526 824 3564 ne
854 3508 992 3581 cuiquam
1018 3509 1156 3581 proderet
1186 3509 1264 3581 quod
1288 3509 1433 3569 acciderat

373 3596 469 3653 denuo
499 3595 683 3668 precipiens,
714 3594 887 3668 prinsquam
910 3610 1029 3667 vespere
1056 3593 1168 3649 lectum
1195 3598 1308 3666 pateret
1331 3611 1432 3652 omnes
1445 3608 1604 3665 conam,
1658 3656 1663 3663 ,

373 3678 471 3737 obices
497 3696 638 3752 cuparum
655 3678 812 3752 diligentia
836 3679 910 3751 qua⁴
937 3677 1034 3751 potuit
1054 3677 1200 3744 muniens,
1219 3676 1314 3734 tristis
1332 3683 1364 3734 et
1381 3696 1431 3735 an·
1443 3675 1513 3742 Wig.

373 3762 439 3820 xius
457 3762 532 3820 adiit
548 3767 682 3821 stratum.
719 3761 907 3834 surgensque
922 3761 1065 3829 diluculo,
1083 3766 1185 3834 aperto
1209 3760 1337 3829 cellario,
1355 3761 1433 3819 vidit
1444 3757 1468 3807 P·
1482 3748 1539 3795 ⁶⁶⁸·

372 3845 420 3903 die
438 3849 527 3905 tertia
544 3865 619 3920 cupa
645 3846 796 3919 pessulum
820 3851 983 3902 extractum
1008 3848 1038 3900 et
1053 3844 1156 3901 vinum
1181 3861 1274 3916 nsque
1301 3844 1339 3900 ad
1357 3844 1432 3902 lora·

373 3947 441 3987 men
458 3931 593 3988 effusum.
629 3928 716 3987 Unde
734 3945 794 3985 non
815 3926 965 3984 immerito
990 3944 1079 3999 super
1101 3926 1149 3983 his
1174 3945 1240 3999 quae
1267 3928 1433 3986 acciderant

372 4014 543 4084 perterritus
561 4018 592 4071 et
617 4012 729 4069 diutius
754 4028 907 4068 commune
933 4010 1092 4081 dampnum
1119 4010 1206 4068 silere
1230 4016 1374 4079 metuens,
1395 4011 1433 4068 ad

372 4098 508 4155 abbatem
538 4097 698 4163 festinavit,
727 4095 847 4168 ejusque
876 4090 1000 4167 pedibus
1030 4094 1199 4166 provolutus
1229 4112 1294 4168 quae
1318 4095 1434 4153 viderat

373 4179 575 4251 perordinem
593 4179 750 4237 intimavit
788 4177 854 4248 Qui,
868 4177 968 4235 habito
987 4195 1054 4234 cum
1071 4177 1210 4234 iratribus
1228 4178 1358 4247 consilio,
1368 4180 1429 4252 jus·

372 4263 412 4319 sit
429 4270 464 4321 ut
480 4260 598 4320 obices⁸
617 4262 776 4332 [rasorum]
796 4278 862 4334 quse
879 4262 981 4318 vinum
998 4260 1155 4327 habebant,
1174 4260 1431 4334 advesperascente

373 4345 420 4403 die
430 4347 565 4402 crismate
574 4343 870 4401 circumlinerentur.⁶
897 4342 980 4414 Quod
993 4347 1022 4398 et
1035 4342 1212 4400 factumest.
1240 4345 1432 4402 Illucesoente

375 4478 558 4487 ——-————
565 4479 691 4485 --——---
929 4476 1016 4484 *-
1020 4478 1032 4481 -

409 4533 510 4601 ¹volcr]
525 4533 679 4595 volabatc.
902 4548 905 4575 ι
958 4530 1074 4599 ίοόίειε]
1088 4534 1275 4596 rasorumins.
1288 4533 1317 4587 0.

408 4611 572 4679 ²clepssdrc]
597 4611 705 4664 (lucillus
727 4611 767 4664 vel
790 4611 880 4676 clipse·
903 4578 906 4679 i
957 4608 1218 4681 ‘mambrem-J
1259 4613 1430 4667 circumiisse-

286 4712 292 4719 ·
376 4694 432 4752 dra,
444 4691 475 4743 C.
923 4691 1065 4751 tuniba
1083 4690 1284 4744 cimumlirentur
1299 4698 1430 4748 corrected

408 4768 487 4838 'ped
501 4777 593 4832 toturn,
604 4770 694 4823 isac.
923 4768 1243 4833 mcieumlinirentuac.

408 4849 493 4918 4ΕΜ]
508 4848 631 4915 dumio·
900 4880 905 4913 r
