3628 5728
404 844 469 909 446
615 859 777 909 osavssn
800 858 960 908 nossem
984 858 1257 909 caurusmnusm

251 1060 309 1106 au
316 1066 374 1108 ιιιι.
406 1047 612 1118 “apostolica
645 1055 675 1105 ot
705 1050 840 1122 regulam
869 1049 949 1106 boati
968 1047 1122 1107 Benedicti
1139 1053 1226 1122 atque
1253 1047 1457 1105 rationabilem

233 1113 414 1223 Joffln‘
418 1131 685 1187 ‘consuetudinem
711 1134 883 1189 monasterii
908 1134 1049 1190 hactenus
1074 1133 1256 1189 observatam
1283 1150 1340 1188 non
1357 1147 1456 1204 proco·

231 1230 368 1325 mot
405 1214 426 1240 “
444 1211 504 1268 dns
541 1214 614 1269 Et'
590 1233 617 1269 si
628 1214 740 1281 feceris,
760 1216 955 1288 appellatione
972 1220 1086 1271 remota
1102 1232 1162 1270 non
1174 1214 1292 1270 differas
1309 1230 1456 1278 revocare,

233 1330 255 1372 g,
265 1329 367 1380 mi,
405 1297 425 1322 ‘⁸
443 1296 533 1351 nullis
550 1298 659 1353 litteris
677 1298 859 1355 obstantibus
876 1299 909 1354 in
926 1297 1131 1371 praejudicinm
1145 1297 1224 1369 juris
1242 1314 1343 1354 eornm
1360 1314 1380 1352 a
1390 1295 1458 1352 sede

231 1383 366 1474 &glomo-
405 1380 424 1405 “
443 1378 601 1474 apostolica
618 1380 790 1453 impetratis.
830 1381 973 1452 Alioquin
990 1379 1097 1436 dilecto
1116 1380 1178 1436 filio
1195 1386 1294 1436 nostro
1310 1378 1456 1474 Jchanni¹

231 1479 347 1525 mosa,
404 1463 422 1487 ‘⁴
443 1462 522 1517 tituli
553 1462 653 1519 Sancti
683 1464 776 1520 Marci
806 1464 968 1536 presbitero
997 1462 1149 1530 cardinali,
1181 1464 1348 1534 apostolicas
1378 1461 1457 1518 sadis

404 1546 422 1570 “
442 1545 549 1616 legato,
569 1545 703 1603 dedimus
726 1547 757 1602 in
781 1547 938 1613 mandatis,
956 1556 991 1603 ut
1015 1546 1174 1620 apostolica
1191 1548 1366 1603 anctoritate
1385 1552 1457 1601 teet

403 1630 421 1656 “
441 1646 541 1685 omnes
559 1631 788 1687 contradictores
815 1637 846 1687 et
868 1632 1026 1687 monachos
1052 1631 1141 1704 ipsos,
1161 1631 1186 1685 si
1211 1630 1336 1687 rebelles
1353 1630 1456 1685 extite-

401 1714 420 1738 “
440 1714 509 1777 rint,
541 1713 578 1769 ad
605 1715 677 1780 hac,
706 1720 818 1771 remoto
842 1714 1047 1788 appellationis
1073 1715 1233 1779 obstaculo,
1261 1714 1456 1770 ecclesiastica

401 1798 419 1822 “
440 1796 623 1853 districtione
641 1798 808 1870 compellat,
828 1804 859 1854 et
877 1815 926 1853 eos
949 1815 1022 1870 qnos
1045 1797 1082 1853 ad
1098 1798 1254 1855 veritatem
1272 1798 1388 1869 plenius
1412 1797 1455 1852 in·

401 1883 419 1907 “
440 1881 604 1954 dagandam
623 1883 723 1939 scierit
739 1884 893 1951 nominari,
908 1884 988 1955 qnod
998 1885 1096 1956 gratia
1112 1888 1144 1940 et
1161 1884 1267 1940 timore
1284 1884 1454 1956 postpositis

401 1964 420 1991 “
439 1966 641 2023 testimoninm
666 1968 841 2040 perhibeant
858 1969 989 2033 veritati,
1008 1968 1100 2023 simili
1127 1985 1250 2023 censura
1266 1984 1370 2039 cogere
1393 1985 1454 2023 non

400 2052 418 2075 ‘⁴
437 2055 599 2121 postponat.
647 2052 755 2107 Datum
783 2051 931 2115 Laterani,
958 2050 1023 2106 ἰίἱίαι
1048 2050 1114 2106 idus
1134 2050 1247 2116 Martii,
1269 2050 1455 2122 pontificatus

400 2132 533 2188 “nostri
551 2151 627 2189 anno
646 2134 803 2189 secundol'

272 2233 345 2287 spru
445 2214 718 2303 Archiepiscopus
756 2218 868 2303 igitur,
900 2217 982 2282 satis
1019 2217 1191 2283 humiliter
1228 2224 1263 2283 et
1301 2218 1454 2283 devotius

229 2297 378 2392 ffl'ssnffi,
400 2316 498 2381 solito
529 2318 572 2382 ob
603 2319 813 2404 praesentiam
852 2319 952 2406 legati
991 2318 1173 2404 suscipiens
1210 2319 1347 2396 litterae,
1379 2341 1453 2385 cum

229 2398 344 2442 nmmo.
400 2440 512 2484 omnes
544 2420 626 2486 alias
657 2422 871 2508 indignanter
902 2443 1015 2507 rapere
1053 2421 1172 2486 soleret
1211 2423 1315 2509 magis
1353 2443 1453 2508 quam

398 2522 554 2608 accipere,
576 2545 751 2610 suppressa
781 2545 860 2589 voce
895 2523 1067 2609 respondit
1099 2524 1187 2608 quod
1218 2545 1284 2588 non
1307 2524 1454 2588 stetisset

398 2644 457 2708 per
479 2646 555 2688 eum
571 2626 659 2710 quod
675 2625 826 2691 monaehi
849 2646 909 2691 sua
931 2646 999 2690 non
1021 2626 1228 2710 recepissent.
1274 2625 1454 2690 Asserebat

400 2728 500 2789 etiam
523 2748 559 2792 se
582 2749 651 2792 esse
674 2732 828 2813 paratum
851 2728 894 2811 ad
917 2726 1170 2802 restituendum,
1194 2726 1274 2791 dum
1297 2726 1347 2790 illi
1378 2732 1452 2791 tan-

397 2829 568 2894 tummodo
582 2850 650 2894 non
661 2829 854 2897 accederent
864 2828 908 2894 ad
923 2828 1157 2914 recipiendum,
1167 2850 1249 2914 quos
1262 2828 1338 2893 odio
1352 2827 1452 2893 habe-

397 2928 456 2994 bat
478 2951 520 2994 ex
543 2931 676 2996 nomine
708 2952 746 2995 eo
769 2931 860 3016 quod
870 2931 949 3016 jura
967 2929 1111 2997 eeclesiae
1134 2931 1222 2995 tueri
1252 2930 1451 2995 viderentur.

228 3044 371 3088 riemanr
397 3029 483 3095 Cum
509 3037 620 3096 autem
653 3032 818 3098 mediante
849 3032 959 3118 legato
985 3032 1029 3097 ab
1059 3031 1121 3097 hac
1150 3032 1324 3097 desisteret
1346 3053 1451 3118 quaes-

227 3095 361 3148 Wm
397 3132 496 3208 tione,
518 3138 554 3198 et
575 3154 689 3219 regum
712 3133 928 3199 reformandae
951 3135 1025 3219 paci
1048 3133 1135 3199 idem
1163 3133 1291 3220 legatus
1322 3133 1451 3198 insiste-

396 3239 456 3310 ret,¹
472 3254 576 3318 usque
598 3234 640 3299 ad
665 3235 848 3299 adventum
871 3235 975 3320 ipsius
997 3236 1034 3322 in
1056 3236 1213 3322 Angliam
1235 3235 1379 3300 dilatum
1402 3240 1453 3300 est

396 3335 574 3422 negotium,
598 3357 640 3400 ne
663 3335 820 3402 videlicet
851 3337 1012 3414 monaehi,
1036 3339 1072 3401 in
1099 3343 1245 3424 egestate
1269 3337 1451 3412 constituti,

395 3440 645 3525 gravarentur
636 3460 672 3503 m
695 3439 856 3525 expensis,
880 3460 954 3504 oum
978 3439 1190 3505 transfretare
1213 3444 1413 3526 cogerentur.

226 3556 365 3601 conseant
441 3540 546 3628 Reges
580 3545 693 3605 antem
728 3546 762 3606 et
796 3562 903 3606 eomes
937 3539 1098 3606 Ricardus
1134 3562 1202 3605 una
1236 3562 1311 3606 cum
1342 3541 1453 3628 legato

225 3606 375 3701 ili-iim*
396 3647 431 3708 et
462 3642 714 3729 archiepiscopis
749 3648 897 3728 quatuor,
930 3642 1085 3711 videlicet
1117 3641 1359 3720 Cantuariensi,
1387 3642 1451 3707 Ro·

396 3744 611 3830 thomagensi,
647 3743 811 3821 Remensi,
846 3750 881 3808 et
918 3743 1127 3821 Biturioensi‚
1162 3746 1220 3828 qui
1257 3744 1300 3809 ad
1338 3765 1451 3831 pacem

395 3845 636 3911 reformandam
670 3846 844 3910 constituti
874 3851 962 3922 sunt,
986 3867 1060 3911 cum
1095 3845 1269 3911 innumera
1300 3845 1450 3911 multitu·

396 3947 473 4012 dine
504 3946 667 4011 nobilium
701 3948 791 4034 apud
823 3946 1073 4013 Oenomannum
1097 3946 1152 4015 'vto
1174 3947 1251 4012 idus
1282 3946 1377 4012 Junii
1407 3947 1451 4013 ad

396 4047 595 4141 colloquium
610 4053 842 4113 convenerunt
890 4048 969 4112 Post
992 4050 1095 4135 igitur
1111 4049 1220 4114 varias
1238 4049 1451 4135 allegationes

395 4149 574 4214 hincinde
604 4148 758 4234 prolatus,
781 4171 841 4214 rex
864 4149 1012 4214 Franciae
1034 4150 1116 4214 satis
1140 4146 1295 4227 modeste,
1318 4156 1358 4214 ut
1379 4157 1452 4216 erat

395 4253 617 4339 breviloquus,
652 4259 853 4340 protestatus
891 4260 951 4331 est,
986 4254 1074 4339 quod
1112 4254 1224 4318 omnia
1258 4273 1331 4340 quae
1362 4276 1451 4320 anno

395 4356 564 4442 praeterito
582 4356 636 4420 vel
660 4356 816 4442 praesenti
839 4355 908 4441 regi
932 4355 1115 4441 Anglorum
1138 4355 1322 4420 abstrderat
1343 4355 1448 4421 eidem

395 4457 556 4535 redderet,
574 4445 636 4523 hae
659 4458 853 4542 interposita
876 4457 1073 4533 conditione,
1089 4463 1129 4522 nt
1150 4456 1214 4522 sibi
1236 4478 1330 4521 suam
1354 4458 1448 4522 resti·

642 4720 650 4754 ¹
662 4719 734 4773 John
745 4719 775 4770 ol
782 4720 896 4786 Anagni,
907 4717 1018 4770 cardinal
1031 4718 1061 4769 of
1071 4718 1098 4769 S.
1111 4717 1195 4770 Mari.
