3572 5744
743 1007 855 1058 ornus
877 1008 1067 1059 maronica
1361 998 1425 1063 119

201 1183 597 1254 calamorbxaneiordiam
633 1204 820 1270 properans,
853 1188 980 1273 aceepit
1016 1188 1057 1252 de
1091 1209 1193 1254 manu
1227 1193 1348 1252 Robsrti
1383 1196 1420 1252 de
1451 1187 1575 1233 ⁴³³·ssst

201 1268 272 1333 wri-
369 1272 444 1331 0111l
470 1281 627 1337 aarum
661 1274 765 1360 ipsius
787 1275 856 1342 iou
904 1276 1023 1362 saque
1046 1279 1152 1344 omns
1173 1276 1273 1342 aries
1295 1280 1417 1339 cuiun
1431 1249 1564 1346 cruri

200 1354 226 1401 1>-
239 1339 295 1385 ⁶⁷⁶·
364 1360 490 1433 jacentis
507 1368 633 1440 regionis
650 1365 812 1451 cumipse
825 1349 909 1430 urbe
927 1366 998 1452 ejus
1012 1366 1166 1433 subditur
1181 1366 1307 1432 ditioni.
1343 1371 1417 1427 Indo

366 1466 434 1507 cum
460 1457 655 1515 exultatione²
685 1479 792 1534 magna
817 1460 961 1535 proiecta,
983 1456 1073 1542 apud
1092 1465 1238 1522 Sanctum
1260 1462 1415 1518 Albanum
1429 1479 1494 1525 Ais.

366 1540 504 1614 suscepta
526 1542 577 1603 cst
599 1561 674 1606 cum
696 1541 801 1628 gloria
823 1551 986 1610 ethonore.
1032 1545 1204 1611 Venerunt
1233 1545 1277 1610 ad
1308 1543 1415 1628 ipsum
1428 1530 1581 1627 fflss'di

366 1624 444 1684 uires
478 1631 711 1709 Lendonienses,
747 1639 853 1719 ibique
890 1633 978 1698 inter
1009 1655 1064 1700 eos
1101 1638 1136 1701 et
1175 1632 1416 1721 imperatricem
1429 1629 1569 1678 1⁰¹1<¹⁰¹¹⁰¹²

367 1710 532 1795 multiplex
557 1740 652 1782 sermo
675 1719 810 1787 habitus
844 1727 895 1788 est
925 1730 961 1787 de
986 1731 1135 1788 reddenda
1159 1732 1285 1788 civitate.
1330 1719 1416 1787 Ocn-

366 1801 574 1869 curreutibus
607 1807 719 1895 itaque
756 1811 845 1876 inter
881 1832 936 1878 eos
973 1810 1117 1897 pacificis
1150 1810 1363 1889 sermonibus,
1396 1830 1417 1876 ὃ

368 1894 490 1967 Sancto
511 1904 643 1974 Albano
665 1911 857 1999 digreditur,
888 1914 998 1999 sicque
1020 1914 1154 1979 securior
1183 1912 1308 1989 effecta,
1331 1911 1416 1978 Lon-
1430 1928 1561 1974 suumne·

368 1985 557 2058 doniensem
588 2010 753 2079 properavit
781 2011 819 2072 ad
849 2011 958 2066 urbem.
1007 2009 1095 2082 Apud
1124 2008 1417 2067 westmonasterium
1429 1979 1539 2075 3ζῶῐῖ

367 2099 435 2140 011111
452 2093 656 2159 processionali
678 2087 784 2174 gloria
808 2095 946 2171 suscepte
968 2093 1027 2166 est,
1049 2096 1150 2169 ibique
1174 2095 1331 2167 aliquantis
1355 2094 1416 2152 die·

366 2161 422 2220 bus
440 2166 477 2223 de
494 2171 580 2242 regni
597 2180 676 2231 statu
694 2176 868 2249 dispositura
884 2177 1000 2235 resedit.
1226 2196 1228 2201 ·

401 2247 459 2306 His
476 2251 577 2310 diebus
594 2256 769 2316 horrendum
789 2261 860 2332 qnid
876 2261 908 2315 in
925 2259 1122 2333 wigorniensi
1148 2259 1272 2331 contigit
1296 2255 1415 2322 diocesi,
1429 2259 1549 2322 Frith‘iul

366 2332 444 2403 quos
471 2336 565 2392 mutu
594 2339 717 2412 dignum
737 2343 921 2416 judicantia
947 2343 1091 2416 siquidem
1118 2347 1221 2414 quare
1245 2340 1317 2397 rura
1346 2343 1414 2396 anu
1428 2312 1568 2422 'We

365 2420 497 2473 octavum
522 2420 710 2501 'Ascensionis
740 2426 817 2484 circa
845 2445 953 2484 nonam
979 2427 1038 2484 diei
1066 2427 1178 2492 horam,
1206 2423 1283 2497 apud
1312 2422 1414 2480 villam
1429 2410 1498 2457 ’Μ

365 2515 430 2568 quae
455 2500 663 2562 Welesbuma³
692 2508 808 2578 dieitur,
834 2502 938 2567 ventus
965 2509 1090 2566 turbinis
1115 2508 1269 2564 vehemens
1296 2510 1413 2562 exortus

363 2587 417 2650 θῦῡ,
437 2589 467 2641 0¹³
484 2587 579 2659 caligo
596 2591 745 2650 teterrime
761 2594 931 2667 pertingens
948 2612 967 2650 a
992 2600 1071 2650 terra
1087 2608 1177 2664 usque
1194 2592 1232 2646 ad
1249 2590 1363 2656 coelum,
1383 2594 1413 2645 et

364 2668 532 2726 concutiens
549 2671 669 2730 domum
687 2678 847 2751 presbyteri
873 2677 922 2734 oui
945 2694 1052 2734 nomen
1077 2674 1252 2740 Leoumdus,
1271 2680 1302 2729 et
1328 2672 1415 2729 offici·

364 2767 417 2806 nas
434 2752 498 2823 ejus
516 2770 614 2814 omnes
633 2760 695 2815 solo
719 2765 803 2819 tenus
827 2762 985 2834 prostravit
1011 2767 1042 2817 et
1065 2758 1235 2816 minutatim
1262 2755 1413 2828 confregit.

364 2832 487 2891 Tectum
516 2856 631 2912 quoque
659 2836 789 2900 eeclesiae
818 2832 940 2901 stituit
968 2849 999 2901 et
1033 2843 1111 2899 ulma
1139 2842 1271 2897 Avonam
1305 2840 1415 2896 flumen

364 2919 494 2990 projecit.
540 2922 648 2982 Domos
677 2926 766 2984 etiam
795 2928 969 2984 rusticorum
997 2928 1058 2984 lere
1085 2924 1295 2997 qninquaginta
1324 2923 1414 2979 simili

363 3002 450 3059 modo
467 3004 573 3078 dejecit
590 3015 620 3064 et
637 3010 755 3067 inutiles
778 3011 914 3071 reddidit.
953 3009 1071 3068 Grande
1097 3025 1211 3081 quoqne
1236 3008 1273 3062 ad
1299 3007 1414 3080 magni·

362 3086 496 3145 tudinem
527 3090 575 3148 ovi
604 3093 763 3150 columbini
790 3094 903 3162 cecidit,
934 3094 1018 3168 cujus
1042 3092 1150 3148 ictibus
1176 3107 1311 3164 percussa
1336 3108 1413 3162 qua-

364 3179 432 3236 dam
449 3182 557 3238 mulier
573 3177 748 3264 expiravit.
1532 3255 1535 3261 ¹

399 3267 574 3340 Imperatrix
587 3288 664 3332 vcro
676 3276 757 3332 dedit
774 3276 972 3350 episcopatum
995 3266 1147 3334 ⁸civitatis
1167 3273 1326 3330 Londonioe
1351 3274 1410 3330 cui·
1428 3287 1554 3351 meirade

195 3361 271 3440 eunt.
283 3360 350 3413 Flor.
364 3354 586 3418 dammonacho
598 3363 777 3436 Radingensi
793 3365 912 3420 nomine
928 3364 1056 3421 Roberto
1077 3357 1118 3422 de
1133 3353 1258 3443 SigfflO.
1297 3360 1413 3433 Regina
1426 3340 1581 3441 {fflffi'ss

195 3428 266 3493 wig·
363 3444 486 3516 autem,
502 3465 556 3519 pro
572 3451 690 3507 domino
707 3469 758 3510 suo
776 3470 846 3525 rege
864 3444 1013 3521 sollicita,
1031 3453 1228 3525 interpellavit
1246 3463 1318 3508 eam
1333 3462 1411 3527 sup·
1426 3439 1530 3485 Lm

194 3499 290 3559 ΜΠ·
363 3528 596 3613 plicationibus
617 3532 741 3610 multis,
763 3538 804 3598 ut
825 3534 937 3599 virum
970 3555 1067 3600 suum
1098 3554 1208 3620 regem
1239 3531 1411 3618 captivum

363 3617 525 3685 liberaret
571 3621 758 3694 Interpellats
775 3628 821 3679 est
837 3641 891 3696 pro
908 3622 1009 3679 eadem
1027 3640 1113 3679 cause
1137 3640 1156 3677 a
1173 3621 1330 3693 majoribus
1361 3636 1413 3676 seu
1426 3634 1582 3689 uenenum

363 3707 541 3778 primoribus
557 3707 684 3779 Angue,
704 3708 851 3767 obsidibus
869 3710 981 3779 mures,
999 3710 1124 3767 usum
1141 3715 1172 3765 a
1194 3708 1306 3764 naun
1330 3723 1412 3779 mag-
1425 3686 1530 3796 itm

363 3789 409 3847 uis
427 3809 488 3848 suae
505 3792 611 3850 ditioni
627 3791 785 3860 tradendis,
805 3794 831 3850 si
848 3813 899 3852 rex
915 3796 1064 3852 absolutus
1081 3812 1141 3850 non
1166 3810 1256 3864 reguo
1283 3790 1334 3847 sed
1351 3808 1412 3846 suae
1425 3790 1569 3883 &¹¹⁸2

362 3878 478 3931 tautum
494 3876 662 3933 redderetur
687 3872 832 3945 libeitati3
852 3897 883 3936 se
907 3879 1015 3937 etenim
1041 3877 1105 3949 regi
1130 3873 1333 3948 persuasuros⁴
1349 3891 1412 3930 esse
1426 3848 1534 3939 eunii'n

363 3956 586 4028 spoponderunt,
605 3952 645 4013 ut
661 3972 753 4027 regno
777 3956 899 4015 dimisso
923 3958 985 4014 Deo
1010 3957 1065 4013 soli
1086 3956 1146 4011 sive
1171 3953 1331 4010 monachus
1358 3969 1409 4008 seu

362 4045 531 4117 peregrinus
548 4038 589 4103 de
612 4042 730 4104 eaearo
747 4045 912 4109 deserviret.
947 4044 991 4102 At
1013 4044 1067 4100 illa
1092 4058 1151 4098 non
1177 4040 1326 4097 exaudivit
1352 4056 1410 4096 eos.

362 4122 492 4211 Rogata
518 4141 563 4191 est
588 4135 625 4191 ab
649 4126 723 4212 ipso
739 4132 932 4189 wintoniensi
957 4132 1092 4205 episcopo
1118 4136 1152 4186 ut
1178 4127 1332 4184 comitatus
1359 4127 1411 4199 qni

361 4218 425 4269 erat
442 4215 489 4270 sui
506 4214 603 4271 fratris
619 4215 721 4287 nepoti
738 4230 790 4269 sno
807 4212 935 4281 daretur,
954 4213 1064 4270 scilicet
1081 4209 1142 4266 filio
1160 4207 1255 4280 regis3
1280 4205 1332 4262 sed
1355 4224 1409 4262 nec

361 4306 439 4361 bruc
463 4307 620 4363 mutivit.
654 4305 847 4377 interpellata
870 4310 916 4361 est
938 4324 956 4361 a
980 4305 1093 4360 civibus
1115 4290 1408 4368 Londiniensibus,
1423 4314 1566 4364 anserinus

361 4398 396 4450 nt
412 4393 491 4464 leges
509 4392 679 4451 Eadwardi⁶
690 4393 778 4464 regis,
798 4410 862 4464 quae
880 4393 998 4465 optimas
1015 4385 1225 4459 videbantur,
1248 4392 1290 4447 eis
1307 4390 1409 4447 liceret
1421 4366 1531 4464 ᾖξ’

360 4481 519 4539 observare.
555 4483 666 4540 Verum
695 4483 748 4538 illa
775 4498 836 4554 prm
865 4481 958 4537 nimia
984 4483 1153 4539 austeritate
1179 4473 1408 4549 intumescens,

393 4731 402 4764 ¹
417 4729 485 4797 Olli]
499 4730 560 4792 Oili,
571 4730 602 4782 C.
671 4730 673 4735 ’
940 4727 1139 4797 *permusuroq
1154 4746 1338 4795 permansuros,
1350 4732 1381 4784 C.

392 4810 403 4843 ²
413 4809 576 4876 muliere]
593 4808 753 4870 exaltatione,
765 4810 794 4862 C.
939 4810 1117 4877 ‘Eadwcrdfl
1132 4810 1257 4875 Esusrdi,
1268 4811 1299 4863 B.

390 4887 590 4957 wiceman]
605 4888 768 4950 Welsburna,
777 4888 808 4941 (2.
1226 4915 1231 4920 -
