3646 5720
709 854 822 904 orans
844 855 1035 908 nrsroarea
1334 845 1399 910 233

341 1039 457 1106 eamn
503 1040 647 1107 Dolebat
668 1041 757 1106 enim
779 1063 840 1107 rex
862 1043 904 1108 de
926 1043 1026 1109 modo
1056 1044 1220 1130 martyrii,
1243 1049 1279 1109 et
1300 1043 1398 1109 famae
1429 1061 1551 1124 anun,

342 1162 411 1207 suae
442 1141 623 1228 plurimum
653 1143 832 1221 metuebat,
854 1164 897 1209 ne
928 1144 1106 1230 proditoris
1138 1145 1244 1232 elogio
1275 1145 1398 1231 ubique
1410 1129 1558 1233 ῗῑᾟξᾞᾶὴθ

342 1248 505 1310 terrarum
524 1249 704 1323 notaretur,
719 1249 837 1331 utpote
860 1246 918 1331 qui
941 1252 1055 1312 sancto
1074 1247 1148 1311 viro
1170 1252 1247 1333 post
1264 1252 1318 1314 tot
1340 1246 1398 1312 ad·
1410 1241 1477 1285 ⁹⁰⁹⁰·

342 1347 540 1411 versitatum
562 1346 755 1412 vexationes
785 1346 897 1412 illatas
926 1347 1115 1413 astantibus
1142 1352 1177 1413 et
1207 1348 1399 1414 videntibus

343 1447 474 1533 populis
504 1452 539 1513 et
568 1447 691 1533 linguis
721 1446 851 1513 firmam
881 1468 995 1533 pacem
1026 1453 1061 1514 et
1091 1447 1224 1535 plenam
1255 1449 1399 1527 dederat,

342 1548 484 1613 eundem
517 1550 554 1614 in
583 1549 740 1635 Angliam
772 1548 986 1635 praemisisset
1017 1549 1129 1615 subito
1162 1550 1399 1636 perimendum.

342 1651 486 1717 Dolebat
508 1656 543 1717 et
564 1672 652 1737 papa
665 1651 863 1728 Alexander,
878 1651 965 1716 male
986 1651 1051 1716 sibi
1071 1653 1220 1718 eonsdus
1238 1652 1280 1719 de
1303 1674 1401 1719 causa

341 1753 494 1830 eeclesiae,
516 1773 577 1838 pro
599 1773 667 1838 qua
687 1757 822 1819 sanctus
852 1752 916 1818 Dei
947 1751 1091 1818 Thomas
1109 1752 1181 1838 jam
1211 1775 1271 1839 per
1296 1774 1400 1820 annos

341 1874 401 1920 sex
432 1854 559 1920 labores
595 1853 756 1939 plurimos
793 1855 1007 1931 sustinuerat,
1039 1855 1128 1939 quod
1166 1876 1239 1921 eam
1277 1855 1402 1922 scilieet

341 1956 427 2022 male
450 1956 660 2033 defendisset,
680 1961 715 2022 et
736 1957 872 2022 taudem
895 1956 1005 2042 ipsum
1028 1957 1173 2023 eoolesiae
1195 1957 1341 2045 pugilem
1364 1959 1401 2022 in

341 2080 460 2123 manua
482 2058 750 2145 persequentium
770 2059 970 2124 tradidisset.
1015 2058 1166 2144 Uterque
1187 2060 1299 2146 igitur,
1314 2081 1402 2146 papa

341 2161 466 2227 scilieet
488 2165 524 2226 et
545 2181 613 2237 rex,
636 2159 823 2246 aspectibus
853 2159 995 2245 publicis
1025 2181 1061 2224 se
1091 2181 1151 2245 per
1180 2161 1251 2226 dies
1273 2160 1402 2247 aliquot

341 2285 411 2349 prae
439 2262 566 2349 pudore
591 2261 834 2339 subtrahentes,
857 2261 894 2326 in
920 2262 1059 2327 cameris
1089 2262 1157 2327 suis
1187 2263 1401 2328 interioribus

338 2365 475 2450 jejuniis
498 2369 533 2430 et
555 2363 759 2431 orationibus
782 2362 1006 2439 intendenmt
1029 2362 1112 2428 adeo
1134 2368 1174 2428 ut
1195 2364 1240 2429 ad
1262 2385 1317 2430 eos
1339 2366 1400 2429 vix

341 2466 443 2533 alicui
464 2470 596 2552 pateret
617 2466 792 2552 ingressus.

173 2578 254 2643 epist.
386 2568 462 2634 Rex
483 2573 596 2634 autem
619 2567 683 2632 sibi
705 2567 827 2632 timens
850 2570 885 2632 et
907 2565 975 2630 suis
990 2587 1180 2652 praecavens
1202 2588 1245 2632 ne
1260 2568 1397 2634 anathe-
1411 2576 1524 2641 meing

172 2645 268 2762 39¹³?ss
341 2671 441 2736 matis
471 2669 606 2737 vinculo
635 2668 823 2745 nodaretur,
854 2667 1037 2732 remedium
1076 2667 1307 2754 appellationis
1342 2670 1399 2735 ob·
1411 2639 1547 2742 ῗηὲἕιῗὲΐ

173 2748 296 2854 bic„
342 2773 462 2860 posuit,
501 2772 659 2857 misitque
700 2771 836 2837 nuntios
862 2769 1057 2857 spectabiles
1079 2775 1115 2836 et
1139 2771 1335 2838 admodum
1352 2772 1399 2839 lo·
1410 2739 1491 2884 {gif
1475 2740 1558 2885 gre

171 2849 286 2961 ζξξω
341 2896 461 2961 quaees
480 2875 524 2941 ad
550 2873 722 2940 dominum
748 2894 879 2960 papam,
903 2873 961 2957 qni
984 2893 1060 2938 eum
1085 2872 1127 2938 de
1153 2878 1260 2940 morte
1284 2874 1399 2941 Sancti
1421 2851 1451 2884 ⁰¹¹

342 2976 477 3044 Thomae
492 2975 650 3061 martyris
665 2979 869 3041 excusarent.
901 2974 1059 3055 Quicum
1075 2974 1215 3041 Romam
1231 2977 1401 3042 venissent

342 3085 377 3145 et
405 3099 427 3145 a
452 3100 540 3165 papa
565 3077 665 3143 simul
687 3082 722 3142 et
753 3075 952 3162 quibusdam
982 3076 1204 3143 cardinalibus
1231 3084 1400 3145 contume-

341 3180 422 3247 liose
443 3180 689 3267 repellerentur,
711 3198 772 3244 nec
793 3183 929 3264 possent
958 3178 1060 3244 libore
1082 3180 1205 3244 summi
1235 3181 1400 3266 pontificis

341 3282 571 3368 conspectibus
601 3302 769 3368 apparere,
798 3279 899 3345 aliam
929 3281 1021 3346 viam
1058 3281 1276 3368 supplicandi,
1310 3305 1400 3350 more

340 3384 466 3450 scilicet
488 3383 648 3461 Romano,
664 3387 745 3449 sunt
766 3382 919 3468 aggressi.
966 3381 1034 3447 Vix
1049 3384 1185 3450 tandem
1208 3385 1399 3473 quingentis

340 3485 460 3552 marcis
496 3485 703 3571 interpositis
736 3484 872 3550 admissi
909 3488 997 3548 aunt.
1043 3483 1250 3550 duraverunt
1286 3492 1398 3553 autem
1411 3504 1475 3558 ruo
1483 3517 1557 3549 sm

341 3608 383 3652 ex
414 3587 545 3653 decreto
571 3586 671 3652 eurise
703 3585 862 3652 Romanae
884 3585 921 3649 in
944 3605 1084 3670 persona
1106 3587 1203 3673 regis,
1226 3588 1315 3672 quod
1337 3610 1398 3654 rex
1409 3556 1569 3657 iiiiehiy'iie

340 3694 444 3754 staret
466 3687 591 3774 judicio
621 3687 765 3754 ecclesiae
788 3686 829 3752 de
861 3691 967 3751 morte
989 3685 1119 3752 sancti¹
1148 3686 1394 3775 archiepiscopi.
1409 3656 1570 3752 liiffiiiii‘

341 3790 570 3857 Obtinnerunt
600 3789 706 3877 igitur
736 3788 798 3855 hoc
830 3792 1041 3864 sacramento,
1072 3809 1115 3853 ne
1148 3810 1208 3855 rex
1239 3789 1294 3855 vel
1327 3791 1399 3876 ejus

339 3914 479 3978 regnum
499 3891 722 3978 suspensionis
748 3889 804 3954 vel
826 3889 1175 3955 excommunicationis
1197 3891 1399 3958 sententiam

340 3994 551 4081 susciperent.
591 3992 714 4060 Omnes
735 3997 848 4057 autem
880 3990 1107 4056 interfectores
1135 3992 1242 4057 sancti
1277 3993 1400 4059 viriet

340 4116 453 4161 eorum
468 4092 661 4182 adjutores²
676 4098 711 4159 et
726 4091 904 4159 consiliarii
919 4098 954 4157 et
969 4092 1026 4177 qui
1043 4112 1097 4157 eos
1119 4092 1272 4159 foverent
1286 4094 1340 4159 vel
1362 4095 1399 4160 in

339 4204 429 4264 terra
459 4217 520 4262 sua
549 4197 692 4263 scienter
713 4194 926 4280 susciperent,
949 4191 1172 4258 anathematis
1194 4193 1305 4280 gladio
1325 4216 1398 4280 per-

340 4297 427 4365 cussi
442 4302 529 4363 sunt.
575 4295 734 4364 Decrevit
748 4300 783 4361 et
804 4293 867 4361 hoc
881 4293 1032 4359 Romana
1046 4293 1145 4371 curia,
1161 4297 1201 4358 ut
1216 4293 1282 4359 duo
1296 4294 1397 4382 legati
1410 4318 1481 4362 svor

340 4398 653 4485 adcognoscendam
664 4417 797 4463 causam
808 4394 952 4462 eeclesiae
963 4395 1222 4460 mitterenturin
1234 4395 1397 4463 Norman-
1409 4371 1505 4474 illst
1526 4381 1561 4413 ⁰¹⁸

341 4501 441 4578 niam,
449 4505 492 4589 'et
505 4500 549 4566 ad
563 4499 725 4565 ultionem
736 4498 778 4564 de
792 4504 898 4565 morte
911 4496 1026 4564 Sancti
1038 4495 1173 4564 rhome
1183 4496 1396 4567 inferendam

376 4759 492 4827 nauca]
506 4775 557 4812 om
569 4761 601 4811 B.
740 4800 746 4808 .
868 4756 874 4825 Ι
922 4756 1084 4825 ἀφανῆ]
1098 4758 1266 4823 adjuratores,
1278 4757 1308 4811 C.
