3588 5740
712 875 824 926 orsas
846 874 1038 925 meremus
1341 858 1405 922 535

356 1066 375 1092 ‘⁸
394 1070 555 1122 conventus
572 1063 702 1138 ejusdem
719 1065 778 1121 loci
794 1081 896 1138 passus
913 1068 967 1132 est,
981 1063 1189 1120 discretionem
1200 1065 1328 1118 vestram
1345 1077 1405 1116 non
1435 1076 1485 1121 nn
1499 1079 1558 1121 nes.

356 1151 375 1213 ’ἔ
394 1150 542 1206 credimus
571 1149 717 1219 ignorare.
754 1148 899 1218 Quoniam
928 1149 1022 1220 igitur
1047 1147 1110 1220 jam
1138 1147 1235 1202 dictus
1262 1140 1562 1245 ⁸¹¹⁰hi⁰l³bssssss²021¹w

354 1235 375 1260 “
395 1233 519 1307 socpns‚¹
544 1233 678 1306 quamvis
702 1232 738 1288 de
759 1232 944 1287 reformando
967 1237 1047 1288 statu
1067 1231 1193 1286 fratrum
1218 1230 1348 1302 ipsorum
1373 1229 1405 1284 in
1416 1244 1467 1286 tine
1476 1240 1530 1291 111,

355 1320 375 1345 ‘⁴
395 1317 544 1391 integrum
574 1317 745 1373 mandatnm
776 1316 870 1373 felicis
899 1315 1108 1372 recordationis
1137 1315 1252 1372 Urbani
1281 1320 1312 1370 et
1341 1291 1577 1395 Ole-fflstm

356 1403 375 1430 “
394 1403 502 1458 mentis
520 1402 767 1475 praedecessorum
785 1406 952 1457 nostrorum
977 1401 1160 1472 suscepisset,
1186 1398 1315 1454 nondum
1340 1415 1407 1453 cum

355 1489 375 1512 “
394 1485 452 1542 iter
469 1485 713 1559 peregrinationis
731 1486 856 1558 arripnit
874 1485 912 1541 ad
929 1486 1051 1557 plenum
1066 1484 1284 1549 reformaverat,
1301 1482 1408 1539 discre-

355 1571 375 1597 “
394 1570 469 1625 tioni
497 1577 603 1626 vestrae
633 1587 687 1642 per
716 1569 876 1642 apostolica
904 1569 1016 1642 scripto
1045 1567 1228 1633 mandamus,
1260 1566 1407 1638 quatinus,

355 1655 374 1680 ‘⁴
392 1653 473 1709 omni
491 1653 631 1710 dilatione
650 1657 680 1707 et
697 1652 893 1726 appellatione
916 1657 1057 1718 cessante,
1080 1651 1217 1706 ecclesias
1241 1653 1309 1706 cum
1333 1652 1409 1706 fruc·
1441 1704 1444 1719 ,

356 1738 474 1792 “tibus
499 1738 568 1793 inde
594 1736 740 1809 perceptis
766 1742 796 1791 et
820 1737 878 1791 alia
896 1753 960 1809 quse
983 1734 1157 1808 saepedictus
1175 1734 1409 1807 archiepiscopus

355 1821 374 1848 “
393 1819 466 1892 ipsis
484 1820 592 1892 absque
607 1820 684 1891 juris
708 1818 810 1875 ordine
835 1819 998 1885 abstulerit,
1018 1823 1119 1873 nostra
1143 1819 1212 1873 freti
1237 1817 1409 1874 auctoritate

355 1904 375 1931 ‘⁴
395 1920 463 1959 curn
481 1904 653 1976 integritate
670 1903 787 1959 restitui
805 1903 933 1969 iacietis,
945 1909 975 1959 et
992 1919 1094 1958 eorum
1112 1901 1278 1958 detentores
1295 1900 1321 1956 si
1338 1917 1410 1973 opus

355 1988 374 2014 ‘⁴
395 1987 484 2042 luerit
510 2004 633 2043 censura
656 2004 717 2042 non
740 1986 884 2041 differatis
914 1985 1114 2042 ecclesiastica
1144 2002 1285 2049 coercere,
1314 1984 1410 2039 modis

320 2128 326 2138 ,
356 2072 375 2097 “
395 2070 532 2127 omnibns
556 2072 753 2137 observantes,
771 2087 808 2124 ne
826 2069 859 2124 in
875 2070 940 2125 loco
966 2087 1054 2142 quem
1078 2069 1237 2142 apostolica
1256 2068 1410 2140 condemp-

359 2153 482 2209 “navit
506 2153 666 2209 auctoritas
690 2153 791 2209 divina
817 2152 853 2208 de
879 2159 986 2209 caetero
1012 2152 1205 2218 celebrentur,
1234 2152 1285 2208 sed
1311 2153 1410 2224 potius

358 2238 377 2262 ‘⁴
397 2237 510 2308 capella
527 2236 636 2292 ibidem
653 2242 688 2291 ut
705 2235 816 2291 dicitur
833 2243 931 2292 erecta
947 2236 1080 2292 funditus
1097 2235 1273 2301 destruatur,
1284 2241 1324 2300 et,
1335 2235 1411 2291 sicut

359 2322 416 2376 “a
442 2320 575 2393 putribus
601 2318 709 2375 nostris
736 2319 887 2375 decretum
914 2337 976 2376 esee
1006 2319 1176 2386 dinoscitur,
1205 2319 1410 2376 canonicorum

357 2403 613 2460 “institutionem
637 2410 808 2459 revocantes
838 2404 871 2458 in
894 2404 1024 2469 irritum,
1049 2421 1099 2459 eos
1123 2410 1154 2459 et
1168 2403 1357 2459 'denuntietis
1381 2408 1412 2457 et

357 2489 377 2514 “
396 2487 522 2543 teneatis
541 2505 695 2559 suspensos
714 2487 764 2559 qni
788 2488 820 2543 in
843 2488 908 2543 loco
926 2488 990 2558 ipso
1008 2493 1075 2561 post
1098 2486 1326 2559 prohibitionem
1344 2504 1411 2558 apo·

357 2572 378 2599 “
396 2570 528 2626 stolicam
546 2570 647 2626 divina
664 2570 792 2626 scienter
808 2576 1060 2643 presumpserunt
1075 2571 1169 2626 officia
1186 2571 1342 2636 celebrare,
1360 2571 1411 2627 do·

357 2656 376 2682 ‘⁸
396 2672 449 2710 nec
470 2654 507 2709 ad
528 2655 626 2711 sedem
645 2653 836 2727 apostolicam
853 2655 973 2710 veniant
991 2654 1170 2711 abwlvendi.
1207 2655 1278 2710 Illos
1296 2672 1411 2726 quoqne

357 2739 378 2765 ‘⁴
399 2738 451 2809 qui
468 2738 644 2794 sententiam
662 2737 719 2810 pies
743 2737 957 2794 recordationis
973 2756 1056 2811 papoe
1075 2737 1234 2794 clementis
1251 2738 1410 2795 incurrisse

357 2822 376 2847 ‘⁴
396 2827 559 2878 noscuntur
584 2820 699 2877 cautius
723 2820 838 2877 faciatis
864 2821 901 2876 ab
926 2822 1062 2877 omnibus
1086 2821 1202 2887 evitari,
1221 2821 1313 2877 donec
1331 2822 1410 2878 exhi·

355 2905 374 2930 ‘⁴
395 2903 458 2959 bita
475 2903 672 2983 satisfactione
691 2905 868 2975 competenti
887 2904 1016 2960 ecclesia
1034 2921 1088 2983 per
1105 2922 1157 2960 vos
1174 2912 1343 2960 mereantur
1361 2905 1410 2961 ab·

355 2989 373 3014 ‘⁴
392 2987 477 3043 solvi.
515 2987 572 3058 Qui
595 3005 664 3043 vero
687 2987 859 3060 hnjusmcdi
885 2987 1166 3044 communicaverint
1187 2989 1324 3054 scienter,
1343 3006 1409 3044 con·

351 3073 371 3098 ‘⁸
390 3088 467 3142 grue
485 3071 523 3126 ad
541 3071 695 3127 arbitrium
714 3076 850 3127 vestrum
869 3071 1060 3127 satisfaciant.
1097 3071 1170 3127 Hesc
1191 3078 1289 3128 autern
1311 3073 1411 3127 omnia

352 3155 372 3180 ‘⁸
391 3158 474 3210 tanto
504 3154 668 3210 distrirm
702 3154 870 3211 discreticm
900 3161 1007 3212 vestrae
1044 3155 1181 3212 duximus
1216 3155 1409 3228 injungenda,

351 3239 371 3265 ‘⁴
393 3245 503 3311 quanto
528 3237 668 3310 injur-im
694 3239 862 3310 apostolica
888 3239 967 3295 sedis
993 3240 1143 3297 continere
1167 3240 1285 3296 videtur
1308 3241 1409 3296 eadem

351 3323 371 3350 ‘⁸
390 3322 497 3379 totiens
515 3322 635 3388 iterare,
649 3333 679 3379 et
696 3323 871 3394 religionem
890 3334 1018 3379 vestram
1037 3324 1135 3379 minus
1150 3324 1267 3380 deceret
1285 3325 1311 3380 si
1328 3343 1410 3379 man·

352 3405 372 3432 “
393 3404 497 3460 datum
516 3406 708 3478 apostolicum
728 3406 847 3475 segnius
866 3407 1092 3479 exequeremiui,
1109 3425 1163 3463 nec
1180 3425 1330 3480 possemus
1348 3409 1411 3465 sine

353 3490 373 3516 ‘⁸
393 3488 527 3544 molestia
550 3493 669 3544 tantum
693 3489 724 3543 in
748 3489 832 3546 vobis
855 3490 1021 3562 neglectum
1038 3491 1227 3565 aliquatenus
1246 3492 1408 3563 sustiner03

352 3573 372 3600 “
391 3572 482 3627 nullis
506 3571 614 3627 litteris
636 3572 698 3644 juri
728 3589 828 3627 eornm
855 3573 1060 3645 prejudicium
1087 3574 1269 3637 facientibus,
1295 3574 1320 3630 si
1344 3593 1410 3648 que

353 3656 373 3681 “
392 3655 584 3726 apparuerint
601 3672 619 3710 a
636 3655 707 3711 sede
725 3656 884 3727 apostolica
901 3657 1074 3727 impetrate,
1088 3657 1291 3713 obstantibus?
1326 3656 1410 3727 Quod

353 3739 373 3766 “
393 3739 418 3795 si
437 3755 537 3794 omnes
555 3739 603 3794 hie
622 3738 801 3812 exequendis
818 3740 1011 3811 nequiveritis
1031 3740 1184 3808 interesse,
1203 3741 1261 3797 dno
1278 3748 1409 3798 vestrum

354 3824 372 3849 ‘⁴
392 3839 427 3876 ea
450 3820 659 3877 nichilominus
684 3828 872 3895 exequantur.
909 3823 1019 3878 Datum
1045 3823 1147 3878 Romae
1171 3824 1248 3895 apud
1267 3824 1408 3882 Sanctum

353 3907 373 3933 ⁴⁸
393 3905 523 3971 Petrum,
542 3912 573 3959 x⁰
590 3904 731 3961 kalendas
750 3904 843 3969 Junii,
861 3905 1047 3978 pontificatus
1065 3907 1158 3962 nostri
1177 3924 1251 3962 anno
1271 3908 1395 3979 primo.''

397 4000 548 4066 Audiens
570 4005 682 4066 autem
705 4021 793 4087 papa
816 3999 1003 4066 Celestinus
1024 4002 1062 4066 in
1083 4002 1233 4068 baudem
1255 4004 1501 4106 mandatiffi

352 4102 512 4190 capellam
550 4108 586 4168 et
617 4102 790 4169 canoniam
825 4104 865 4168 de
901 4101 1085 4172 (lantuaria
1121 4128 1225 4192 usque
1263 4106 1387 4174 Lamhe

352 4205 559 4283 translatam,
582 4205 762 4293 nolensque
790 4205 1064 4273 Cantuariensem
1094 4208 1263 4274 ecclesiam
1294 4209 1407 4296 aliqua

352 4308 405 4374 sui
431 4307 539 4373 minui
566 4307 740 4394 dignitate,
767 4308 998 4375 executoribus
1024 4311 1174 4376 mandati
1200 4312 1252 4376 eui
1274 4312 1407 4399 scripsit

351 4410 422 4476 ita:

387 4604 625 4672 lorebiepiseopae]
656 4611 715 4670 ,etc
738 4602 806 4656 siem
826 4605 855 4655 ln

351 4686 433 4751 primo
454 4700 522 4736 anno
544 4684 706 4749 pontificatus
735 4683 854 4738 marim
934 4685 1127 4754 scameras]
1150 4686 1260 4740 insenm
1282 4687 1309 4741 is
1331 4690 1405 4742 other

351 4778 433 4829 papa,
445 4764 485 4825 C,
497 4763 615 4831 omitting
633 4764 749 4816 thorout
766 4763 855 4815 citha
900 4765 1032 4817 inkind.

350 4844 434 4897 letter.
