3666 5724
436 878 502 943 338
634 888 796 939 suarasn
818 886 978 936 narrem
1002 884 1276 936 caurusmsnsrs

283 1082 406 1127 Amne
438 1071 484 1136 Et
514 1078 554 1136 ut
587 1093 697 1158 regem
731 1076 766 1137 et
799 1072 966 1158 episcopos
1000 1071 1131 1158 Angliae
1158 1071 1222 1137 sibi
1244 1070 1492 1147 confoederaret,

267 1146 419 1248 &ditm
438 1175 517 1259 regi,
540 1181 580 1241 ut
602 1175 716 1252 fertur,
741 1195 841 1239 unam
865 1174 1049 1260 assignavit
1068 1174 1287 1261 praebendam,
1311 1179 1346 1239 et
1368 1172 1493 1259 episco·

267 1245 425 1389 ffatim
439 1277 490 1362 pis
513 1278 727 1364 suffraganeis
750 1278 819 1343 suis
842 1277 982 1364 singulis
997 1277 1152 1363 singulas,
1168 1278 1216 1343 sic
1237 1284 1350 1342 tamen
1365 1270 1407 1342 ut
1428 1276 1491 1362 ipsi

267 1346 420 1489 cluililli
438 1378 622 1464 praebendis
638 1386 672 1445 et
687 1380 819 1444 vicariis
834 1379 903 1444 suis
917 1378 1067 1445 redditus
1082 1380 1279 1457 necessarios
1294 1378 1491 1444 invenirent.

268 1449 426 1590 {ffi‘ffuiena
438 1481 580 1547 Addidit
595 1489 630 1549 et
644 1481 714 1559 hoc,
730 1489 770 1547 ut
785 1483 972 1568 quicunque
987 1482 1156 1547 ecclesiam
1171 1481 1317 1548 habebat
1332 1504 1376 1547 ex
1390 1481 1492 1546 dona-

268 1597 421 1690 ssfflffi‘
440 1584 528 1650 tione
545 1582 793 1649 Cantuariensis
808 1583 1044 1670 archiepiscopi
1060 1583 1114 1649 vel
1137 1584 1379 1661 monachorum,
1396 1582 1492 1648 Hak-

269 1660 417 1791 ggggppient
439 1687 640 1752 antoniensis
672 1686 815 1752 ecclesiae
846 1685 947 1751 titulo
982 1687 1158 1752 canonicus
1183 1687 1388 1752 scriberetur.
1437 1684 1490 1749 Ibi

355 1779 360 1791 '
438 1789 535 1865 enim,
573 1795 612 1854 ut
650 1789 851 1865 credebatur,
889 1788 1058 1874 cogitabat
1095 1788 1262 1874 episcopos
1296 1807 1492 1863 consecrare,

437 1891 556 1955 crisma
578 1889 693 1967 tacere,
717 1890 850 1955 sinodos
872 1888 1043 1966 celebrare,
1067 1890 1268 1975 tandemque
1290 1890 1400 1954 sedem
1423 1889 1493 1974 epi·

437 1991 600 2077 scopalem
616 1998 651 2056 et
665 2012 795 2056 omnem
814 1991 1058 2077 metropolitani
1082 1990 1261 2057 transferre
1284 1990 1491 2077 dignitatem.

438 2092 504 2158 Sed
526 2093 617 2157 Deus
640 2094 857 2178 omnipotens,
874 2093 939 2172 Qui
959 2093 1030 2178 jam
1053 2114 1112 2178 per
1134 2096 1282 2158 secentos
1303 2092 1372 2158 fere
1388 2113 1492 2156 annos

441 2194 712 2260 Oantuariensem
748 2194 915 2261 ecclesiam
943 2200 978 2259 et
1004 2194 1181 2260 monachos
1207 2196 1244 2259 in
1270 2216 1309 2259 ea
1335 2194 1492 2280 degentes

438 2317 542 2381 usque
565 2296 607 2361 ed
630 2296 701 2361 haec
723 2302 872 2383 tempora
895 2297 1020 2361 domini
1044 2296 1228 2363 Baldewini
1251 2297 1314 2362 sub
1336 2295 1493 2383 religione

438 2399 620 2464 monastica
642 2398 831 2473 custodivit,
853 2398 941 2463 hanc
963 2398 1004 2464 de
1026 2397 1116 2463 facili
1132 2420 1309 2484 pravorum
1326 2398 1493 2464 machina·

437 2501 562 2565 tionem
585 2501 708 2586 poterit
730 2500 895 2585 dissipare.
943 2499 1007 2564 His
1030 2499 1140 2585 igitur,
1164 2506 1204 2566 ut
1224 2500 1419 2587 praedictum
1435 2506 1493 2576 est,

438 2601 700 2689 archiepiscopus
737 2608 885 2667 armatus
917 2602 1028 2688 copiis,
1063 2601 1174 2668 animo
1211 2602 1345 2669 fervens
1379 2610 1417 2667 ut
1450 2603 1494 2668 ad

439 2705 626 2790 proximum
651 2704 773 2770 Natale
796 2703 931 2769 Domini
954 2703 1134 2789 compleret
1156 2705 1369 2791 propositum,
1391 2704 1494 2769 nichil

296 2825 360 2909 gp
439 2805 494 2870 vel
516 2827 634 2891 parum
656 2804 815 2870 haesitans
839 2804 1053 2870 Cantuariam
1080 2805 1233 2870 tetendit.
1279 2805 1344 2871 Sed
1367 2806 1494 2870 miseri·

288 2895 294 2907 ’
339 2878 414 3010 ἶἚο
441 2928 511 2972 cors
541 2907 633 2972 Deus
658 2912 693 2971 et
719 2908 809 2973 beati
834 2896 970 2972 Thomas
1001 2907 1158 2992 martyris
1184 2906 1326 2993 gloriosa
1355 2907 1493 2973 victoria

356 2999 362 3012 ’
441 3009 545 3095 ipsius
575 3010 739 3095 praevenit
762 3010 931 3095 impetum,
955 3014 990 3073 et
1020 3008 1197 3074 monachos
1219 3029 1294 3074 suos
1319 3008 1493 3074 Cantuari-

442 3132 534 3176 enses
557 3111 772 3195 praemunivit
793 3133 852 3197 per
874 3111 1034 3176 visionem
1058 3111 1192 3197 dignam
1205 3110 1377 3177 memoria.

270 3206 431 3305 §dmg
488 3213 577 3277 Dum
600 3212 688 3278 enim
711 3213 863 3278 dominus
887 3212 1098 3277 Baldewinus
1122 3211 1383 3298 archiepiscopus
1406 3211 1493 3277 Can-

273 3312 406 3357 t⁰l¹¹d¹⁹w
443 3317 586 3381 tuariam
630 3337 666 3380 ro
709 3320 820 3381 ranter
842 3315 950 3380 adiret
981 3320 1016 3380 et
1038 3314 1189 3380 monachi
1211 3313 1260 3377 illi
1286 3314 1327 3379 de
1341 3314 1494 3381 omnibus

272 3359 424 3485 liffiilil‘
442 3417 508 3481 hiis
531 3337 636 3481 niehll
656 3337 791 3502 liabitas
808 3367 957 3494 scientes:
972 3420 1048 3501 post
1070 3415 1185 3481 laudes
1201 3366 1385 3480 matutinas
1399 3421 1495 3482 nocte

271 3464 428 3574 miliia
442 3519 550 3584 beatae
575 3517 745 3583 Katerinae
772 3518 815 3583 ad
838 3518 1003 3583 modicum
1025 3524 1213 3605 pausarent,
1236 3518 1347 3584 astitit
1372 3519 1431 3583 uni
1453 3540 1496 3583 ex

295 2967 341 3010 onk

443 3621 524 3707 ipsis
559 3621 656 3687 bonae
679 3620 802 3686 indolis
823 3621 943 3707 juveni
967 3627 1001 3686 et
1025 3621 1153 3686 Levitae
1180 3642 1321 3707 persona
1345 3621 1495 3707 quaedam

442 3723 615 3787 reverendi
649 3721 773 3800 vultus,
811 3728 903 3791 veste
941 3722 1079 3787 indutus
1121 3713 1270 3799 candida,
1308 3722 1420 3788 disens
1456 3724 1496 3801 ei,

444 3824 615 3901 “Andrea
652 3824 794 3901 Andrea,
829 3823 964 3888 Andrea
997 3822 1198 3900 dohannes,''
1229 3830 1302 3889 erat
1332 3824 1419 3889 enim
1454 3845 1494 3889 ex

442 3926 536 3992 fonte
558 3925 770 4011 baptismatis
793 3931 828 3990 et
850 3946 892 3990 ex
914 3924 1114 4011 professione
1129 3925 1307 3990 monachili
1321 3926 1495 3991 binomius.

444 4026 508 4093 Oui
535 4028 629 4113 quasi
658 4025 908 4113 expergefactus
931 4025 1066 4112 juvenis
1092 4026 1271 4113 respondit,
1299 4035 1315 4061 “
1332 4026 1497 4108 Quidvis,

443 4139 460 4164 “
483 4130 641 4195 domine?
658 4128 748 4208 Quid
763 4128 858 4194 vobis
873 4128 982 4213 placet
995 4127 1034 4193 l'’
1050 4127 1235 4193 Videbatur
1249 4129 1279 4193 ei
1296 4129 1384 4213 quod
1397 4127 1498 4195 Sanc·

443 4237 498 4297 tus
536 4230 678 4295 Thomas
717 4234 810 4294 esset.
873 4228 937 4294 Oui
970 4234 1103 4294 sanctus
1140 4229 1318 4315 respondit,
1357 4238 1374 4264 “
1385 4229 1498 4316 Surge,

443 4343 460 4369 “
484 4334 562 4399 veni
584 4331 740 4398 mecum.''
786 4330 852 4411 Qui
867 4352 943 4396 cum
958 4336 1107 4418 surgeret
1123 4335 1158 4396 et
1172 4332 1333 4417 praevium
1349 4353 1498 4417 sequere-
1619 4394 1633 4423 ‚

444 4442 509 4511 tur,
532 4435 640 4500 exivit
666 4439 799 4499 sauctus
825 4433 867 4498 de
894 4432 1086 4499 dormitorio
1114 4439 1148 4498 et
1174 4433 1329 4506 introivit
1354 4431 1499 4511 chorum,

444 4539 502 4604 ubi
537 4539 740 4604 videbantur
762 4536 1116 4623 monachicongregati
1139 4542 1258 4602 moesto
1281 4535 1378 4602 vultu
1405 4538 1498 4623 quasi

446 4663 488 4705 ex
510 4641 615 4705 animi
637 4639 835 4706 contritione
861 4639 1018 4705 sedentes
1065 4637 1131 4719 Qui
1154 4660 1229 4705 cum
1253 4638 1387 4704 beatum
1411 4637 1498 4705 Tho-

447 4763 535 4805 mam
556 4742 780 4827 conspicerent
802 4739 999 4818 venientem,
1014 4745 1265 4806 assurrexerunt
1288 4741 1327 4819 ei,
1347 4744 1381 4805 et
1403 4740 1497 4805 incli-
