3662 5728
418 852 484 915 168
619 865 781 915 ousvssu
805 864 966 916 nossem
988 864 1262 917 crurumnusrs

268 1063 392 1140 rnna.
421 1055 560 1123 Alianor
581 1056 704 1144 ragina,
727 1056 831 1123 filiam
852 1058 939 1144 regis
969 1055 1118 1125 nansia
1141 1056 1299 1125 Lodovici
1330 1058 1479 1124 nondum

250 1130 398 1233 qumod
422 1159 575 1225 biennem
599 1160 819 1248 desponsavit.

251 1232 369 1351 iffi„
466 1262 657 1349 AEgrotavit
700 1262 753 1327 ha
798 1262 915 1327 cresus
953 1261 1185 1328 nemausus
1230 1261 1480 1328 caesariensis

251 1357 392 1452 ffiffld‘jp
422 1363 694 1451 archiepiscopus,
716 1364 821 1431 totius
843 1363 975 1450 Angliae
1006 1365 1130 1450 primas
1152 1370 1188 1430 et
1209 1363 1398 1451 apostolicae
1429 1385 1479 1429 se·

422 1466 474 1531 dis
511 1465 661 1554 legatus3
691 1468 748 1553 qui
778 1466 868 1554 apud
904 1463 1119 1532 cantuariam
1158 1466 1352 1533 occumbens
1391 1465 1479 1531 diem

422 1589 519 1633 suum
558 1568 749 1655 expectavit
785 1572 979 1634 extremum.
1027 1567 1124 1650 Quod
1165 1568 1338 1634 audientes
1383 1566 1480 1633 electi

422 1672 496 1747 duo,
520 1670 682 1736 Ricardus
716 1669 841 1736 scilicet
873 1669 1107 1736 Ooventrensis
1146 1675 1181 1735 et
1217 1668 1480 1736 Bartholomaeus

423 1771 628 1849 Exonicnsis‚
652 1793 695 1837 ex
717 1772 874 1837 mandato
896 1771 1133 1859 archiepiscopi
1150 1769 1366 1838 cantuariam
1381 1792 1481 1837 vene·

423 1878 511 1952 runt,
535 1868 581 1939 ut'
597 1873 714 1939 saltem
744 1878 906 1960 praesente
928 1873 1172 1962 archiepiscopo
1194 1895 1316 1940 munus
1338 1874 1481 1962 suscipe·

424 1983 501 2042 rent
523 1976 784 2043 consecrationis.
830 1975 1011 2042 Walterius
1033 1976 1146 2063 itaque
1171 1976 1335 2042 Roffensis
1357 1976 1481 2064 episco-

425 2101 488 2165 pus
510 2079 547 2143 in
569 2079 748 2165 praesentia
769 2078 1013 2165 archiepiscopi,
1030 2078 1088 2164 qui
1112 2084 1292 2164 utcumque
1314 2080 1351 2144 in
1374 2080 1481 2166 capel·

372 2223 379 2236 ·
425 2180 492 2246 lam
507 2201 601 2246 suam
624 2179 754 2246 delatus
776 2184 835 2257 est,
858 2180 1003 2246 sacravit
1024 2180 1221 2266 praedictum
1243 2180 1423 2248 Ricardum
1438 2181 1482 2247 ad

424 2283 571 2369 regimen
595 2281 829 2348 Coventrensis
859 2282 1012 2359 ecclesiae,
1035 2281 1124 2348 facta
1156 2282 1249 2369 prius
1280 2283 1482 2369 professione

423 2385 667 2472 archiepiscopo
706 2385 747 2450 de
785 2370 941 2451 canonica
978 2383 1189 2470 subjectione.
1247 2385 1482 2452 Bartholomaei

423 2493 537 2553 autem
561 2487 758 2554 Exoniensis
792 2486 887 2553 electi
911 2487 1111 2553 consecratio
1142 2488 1179 2551 in
1201 2488 1368 2554 modicum
1397 2494 1481 2555 tem·

423 2611 486 2677 pus
510 2590 614 2656 dilata
636 2594 694 2668 est,
719 2609 889 2675 quousque
911 2589 982 2675 regi
996 2588 1128 2675 Angliae
1143 2589 1180 2654 in
1201 2590 1352 2676 partibus
1374 2597 1482 2657 trans·

423 2692 560 2757 marinis
590 2691 724 2778 degenti
746 2690 877 2757 fecisset
908 2690 1108 2779 homagium.
1154 2691 1396 2758 Transiretavit
1418 2694 1481 2759 ita-

424 2815 488 2880 que
533 2792 712 2880 praedictus
749 2792 1012 2858 Bartholomaeus
1044 2792 1241 2859 Exoniensis
1278 2794 1410 2873 electus,
1448 2798 1483 2861 et

424 2894 657 2961 Theodbaldus
680 2892 929 2960 Cantuariensis
950 2893 1213 2983 archiepiscopus
1243 2898 1357 2964 morbo
1388 2898 1483 2964 inva-

424 2997 567 3064 lescente
590 2997 634 3062 ad
656 3000 806 3062 extrema
828 2995 1005 3082 perductus
1029 2994 1101 3062 est¹

673 3210 678 3219 ⁸
814 3264 1079 3333 nourr-ur.

274 3432 398 3478 nunu.
438 3464 441 3470 ι
474 3418 569 3485 Obiit
590 3416 789 3484 venerandae
811 3417 977 3483 memoriae
993 3417 1223 3486 Theodbaldus
1239 3419 1486 3489 cantuariensis

255 3496 416 3601 himin.
428 3521 698 3609 archiepiscopus,
722 3519 826 3585 totius
841 3519 972 3607 Angliae
995 3521 1119 3607 primas
1141 3528 1175 3588 et
1197 3524 1384 3609 apostolicae
1400 3526 1487 3592 sedis

428 3625 565 3712 legatus,
579 3645 667 3690 anno
682 3620 894 3710 pontificatus
916 3623 969 3687 sui
983 3622 1097 3702 xxiioff
1111 3626 1355 3711 quartodecimo
1369 3627 1486 3693 kalen·

428 3728 487 3793 das
504 3727 593 3804 Maii,
617 3732 652 3792 et
673 3725 823 3812 sepultus
845 3730 897 3790 est
918 3724 956 3789 in
977 3725 1113 3792 ecclesia
1136 3725 1262 3793 Christi
1286 3728 1485 3798 Cantuariae.

428 3830 534 3916 Cujus
565 3848 682 3915 corpus
712 3832 788 3914 post
809 3827 921 3893 decem
952 3831 988 3893 at
1017 3848 1137 3893 novem
1169 3850 1272 3896 annos
1306 3833 1485 3920 sepulturae

428 3955 497 3999 suae
534 3932 700 4018 integrum
738 3934 774 3995 et
809 3929 955 4016 rigidum
992 3929 1167 3996 inventum
1201 3939 1260 4012 est,
1292 3936 1419 4001 ossibus
1450 3942 1486 4003 et

256 4054 396 4107 vaeneat
429 4035 540 4101 nervis
572 4038 647 4101 cute
680 4037 714 4097 et
747 4052 844 4097 carne
877 4031 936 4097 sed
966 4037 1146 4099 extenuata
1177 4034 1351 4103 cohaerens
1405 4038 1486 4105 Post

258 4106 415 4211 ιοὴιῗιίἓῗιῖἰίη.
428 4137 522 4224 cujus
545 4136 674 4202 obitum
697 4134 831 4200 vacavit
861 4133 995 4199 ecclesia
1018 4134 1266 4203 Cantuariensis
1288 4160 1376 4205 anno
1409 4162 1486 4220 uno,

428 4260 539 4305 mense
573 4258 649 4316 uno,
682 4235 798 4301 diebus
833 4235 1089 4321 quatuordecim.
1136 4238 1189 4303 Ex
1226 4240 1377 4308 condicto
1407 4265 1486 4309 vero
1610 4248 1617 4255 “

428 4339 626 4407 venerabilis
650 4337 792 4403 Wiberti
822 4336 940 4423 prioris
967 4342 1002 4402 et
1023 4344 1206 4405 conventus
1238 4341 1485 4411 Cantuariensis

428 4441 581 4519 ecclesiae,
619 4445 654 4506 et
685 4437 838 4503 Walterii
876 4438 1038 4504 Roffensis
1076 4441 1228 4528 episcopi,
1261 4453 1487 4514 convenerunt

459 4713 626 4779 ¹AE9roreraie
650 4747 681 4761 ..
701 4748 706 4760 .
727 4710 928 4778 perductus-est]
1013 4712 1113 4782 2παῖ’]
1128 4715 1212 4778 xxiiia
1225 4719 1254 4771 C.

424 4809 474 4846 om.
487 4793 517 4846 C.
