3572 5706
666 937 779 987 ossus
802 936 994 988 mosomus.
1297 925 1360 988 281

307 1121 328 1146 “
346 1124 421 1176 tuta
471 1119 504 1176 Si
535 1120 601 1192 quis
630 1125 727 1177 eutem
757 1119 925 1194 hujusmodi
960 1121 1183 1177 eonsuetudines
1212 1139 1277 1193 quse
1310 1138 1364 1176 neo
1393 1125 1516 1172 A.n.11ro.

306 1202 326 1231 ‘⁶
344 1204 457 1260 ustione
471 1204 623 1276 juvantur,
636 1221 692 1260 neo
711 1203 800 1260 saeris
817 1209 984 1275 congruunt
1001 1205 1156 1272 institutis,
1173 1205 1274 1276 jurare
1291 1223 1364 1277 prae·
1409 1189 1498 1233 ΠΜ·

307 1287 326 1314 “
346 1287 511 1360 sumpserit,
524 1287 617 1343 donee
634 1287 809 1359 eondignsm
822 1288 916 1358 egerit
932 1286 1165 1360 prenitentisma
1182 1288 1365 1360 perceptione

306 1371 326 1396 ‘⁴
346 1369 465 1426 Domini
483 1369 612 1442 eorporis
630 1369 743 1427 alienus
761 1371 875 1428 existat.

341 1455 360 1480 “
381 1453 434 1508 VI.
454 1453 597 1523 Quonim
621 1454 654 1509 in
678 1453 852 1526 quibusdam
877 1451 949 1511 loois
983 1452 1151 1511 fundatores
1180 1455 1364 1511 eoolesierum
1378 1463 1524 1534 aulewhere

306 1539 326 1564 “
345 1542 376 1594 et
392 1536 522 1592 hundos
546 1553 646 1594 eorum
669 1537 824 1609 potestate,
850 1535 883 1592 in
906 1554 965 1610 que
987 1554 1037 1594 eos
1066 1538 1187 1594 eoolesia
1215 1517 1505 1610 hueusquessssffiffl‘

305 1621 325 1648 “
344 1619 494 1685 sustinuit,
512 1620 689 1684 ebutnntnn
709 1627 740 1676 et
760 1637 829 1676 oum
846 1619 879 1676 iu
897 1621 953 1676 Dei
970 1622 1093 1677 eeclesia
1110 1639 1186 1677 nnus
1204 1620 1292 1677 debet
1304 1641 1364 1678 esse
1375 1614 1448 1658 ³2⁰⁰*-

304 1705 325 1731 '⁸
344 1702 397 1774 qui
426 1702 537 1774 praesit,
569 1703 628 1775 ipsi
655 1703 753 1775 plures
783 1703 845 1759 sine
873 1709 1007 1775 respectu
1037 1703 1226 1777 subjeotiouis
1256 1705 1364 1776 eligere

305 1787 325 1812 “
344 1783 523 1851 moliuntur;
543 1790 574 1840 et
594 1801 661 1840 oum
679 1803 739 1842 uus
758 1785 882 1842 eeclesia
907 1784 996 1842 onius
1020 1785 1124 1843 debeat
1147 1805 1209 1843 esse
1232 1788 1363 1851 rectoris,

303 1870 324 1896 ⁴⁴
343 1887 397 1941 pro
414 1886 467 1924 sue
484 1868 656 1948 ternosue,
667 1867 810 1941 plurimos
827 1873 1053 1942 representans:
1073 1871 1208 1942 quooiroa
1227 1868 1364 1943 praesenti

303 1955 324 1997 ·‘
343 1953 458 2008 decreto
481 1951 637 2018 mouimus,
662 1957 707 2017 ut,
728 1953 753 2008 si
772 1953 847 2008 forte
874 1954 907 2008 in
931 1953 1029 2024 plures
1052 1957 1149 2025 peries
1174 1953 1363 2009 fundatorum

304 2038 323 2073 ‘⁸
343 2053 375 2092 ss
397 2041 467 2091 vota
498 2035 660 2102 divismint
687 2036 737 2091 ille
766 2036 943 2107 prrefioiatnr
972 2037 1100 2092 eoolesiae
1131 2038 1183 2108 qui
1206 2038 1364 2109 majoribus

304 2122 324 2148 ‘⁸
339 2121 463 2191 juvatur
480 2118 605 2184 meritis,
624 2122 655 2174 et
671 2118 803 2191 plurium
822 2118 944 2190 eligitur
962 2125 993 2175 et
1009 2120 1152 2191 probetur
1169 2137 1298 2177 assensu
1330 2121 1361 2178 Si
1387 2196 1391 2204 1

303 2204 444 2258 “eutem
470 2202 526 2259 hoo
557 2202 620 2259 siue
646 2201 784 2259 seandalo
809 2219 872 2259 esse
896 2203 1075 2275 nequiverit,
1099 2203 1214 2260 ordinet
1242 2205 1364 2263 antistes

304 2287 324 2312 “
343 2285 508 2350 eooleeism,
524 2283 718 2342 sioutmelius
736 2301 802 2340 eam
820 2285 981 2341 menndum
994 2285 1091 2342 Deum
1107 2285 1216 2342 viderit
1229 2286 1362 2343 ordinau-

303 2370 323 2398 “
342 2369 419 2425 dam.
456 2368 592 2442 Idipsum
616 2368 708 2424 etiam
733 2367 867 2424 faoietsi
893 2365 929 2423 de
951 2367 1021 2440 jure
1045 2375 1214 2441 patronatus
1238 2371 1362 2442 quaestio

302 2453 496 2510 “emerserit
520 2452 599 2509 iuter
623 2451 748 2524 aliquos,
765 2457 797 2508 et
821 2452 871 2507 oni
897 2455 1045 2522 competat
1071 2452 1150 2509 iufra
1166 2459 1228 2510 tres
1244 2472 1362 2512 meuses

303 2539 323 2563 “
342 2553 401 2592 non
419 2537 511 2592 inerit
527 2535 694 2591 diffinitum.

339 2623 360 2646 “
379 2620 451 2676 VII.
470 2619 555 2689 Quod
572 2637 590 2674 a
612 2619 827 2691 proedeoessoro
851 2623 953 2675 nostro
979 2619 1075 2676 feliois
1099 2621 1251 2678 memorius
1270 2622 1360 2678 Iuno-
1371 2637 1521 2690 ordinatione

304 2705 322 2731 ‘⁴
343 2703 439 2758 oeutio
469 2703 579 2758 sautum
611 2707 656 2758 est
685 2701 870 2766 innovantes,
901 2699 1099 2758 ordinationes
1129 2703 1166 2759 eb
1190 2703 1359 2766 Octaviano,
1372 2689 1503 2788 orannim

303 2787 324 2812 “
345 2784 488 2852 Gnidone,
514 2783 728 2850 haresiemhis‚
752 2800 865 2840 neouon
890 2789 921 2840 et
944 2785 1079 2842 Johanne
1104 2785 1278 2851 strumensi,
1307 2749 1507 2887 quiffiffipgn

304 2871 324 2896 ‘¹
344 2885 393 2924 eos
410 2874 529 2924 seoutua
547 2873 603 2934 est,
627 2868 732 2933 foetes,
755 2873 787 2924 et
810 2868 847 2924 ab
872 2867 1013 2926 ordinatis
1040 2869 1077 2925 ab
1103 2868 1156 2936 eis,
1176 2869 1276 2927 irritos
1294 2888 1358 2927 esse
1370 2841 1518 2943 ieiunus*

303 2953 322 2992 ‘⁸
341 2969 502 3008 censemus.
539 2951 711 3007 Adicientes
729 2950 831 3017 otiam,
849 2951 951 3023 utqui
969 2951 1128 3024 dignitates
1145 2953 1358 3012 eeclesiastioas

301 3036 322 3062 ‘⁴
340 3053 391 3091 seu
416 3034 558 3090 benefloie
581 3051 635 3106 per
657 3033 814 3106 predictos
839 3034 1017 3092 suismetioos
1044 3035 1217 3108 sooeperint,
1241 3044 1360 3096 mreant

301 3119 322 3146 ‘⁴
343 3117 517 3190 impetratis.
561 3117 762 3174 diienationes
789 3134 907 3190 quoqne
932 3135 985 3174 seu
1011 3117 1179 3175 invasiones
1208 3137 1273 3192 quse
1302 3139 1357 3194 per

302 3203 322 3228 ‘¹
341 3199 458 3256 eosdem
476 3199 659 3256 soismatioos
678 3215 731 3255 seu
757 3199 848 3255 laioos
872 3199 958 3256 fauts
977 3205 1047 3256 sunt
1072 3199 1110 3257 de
1133 3200 1221 3256 rebus
1239 3203 1357 3260 ecolesi-

301 3287 320 3312 ‘⁴
341 3281 449 3348 uotiuis,
477 3281 558 3338 omni
583 3283 718 3338 oareant¹
736 3281 885 3348 firminus,
911 3287 942 3339 et
967 3283 1004 3338 ad
1022 3283 1175 3339 eoolesiam
1198 3284 1261 3342 sine
1278 3287 1359 3344 omni

301 3367 321 3392 ‘⁴
341 3365 404 3436 ejus
422 3381 511 3420 onere
538 3369 732 3420 revertantur.
771 3363 889 3435 Siquis
913 3371 1012 3420 eutem
1030 3367 1178 3424 oonuaire
1195 3384 1357 3443 praesump-

300 3451 321 3476 “
339 3448 421 3515 serit,
441 3447 732 3504 exeommunioationi
757 3465 789 3504 se
816 3449 931 3504 noverit
956 3450 1115 3522 subjecere.
1161 3451 1234 3508 Illos
1258 3457 1357 3509 autem

300 3533 319 3560 ‘⁴
341 3533 393 3604 qui
418 3537 524 3604 sponte
551 3531 721 3603 juramenta
748 3531 784 3588 de
801 3531 929 3588 tenendo
957 3532 1093 3589 mannate
1111 3533 1358 3606 prestiterunta

301 3618 320 3644 ‘⁴
341 3615 432 3671 saeris
444 3614 596 3671 ordinibus
608 3619 639 3670 et
650 3613 845 3686 dignitatibus
863 3613 1049 3671 deseruimus
1060 3632 1179 3672 manere
1191 3634 1355 3690 suspensos.

337 3700 356 3727 ‘⁰
374 3697 466 3753 VIII.
485 3697 560 3754 (tum
586 3697 618 3754 iu
645 3696 760 3752 ounotis
795 3697 887 3752 saeris
916 3685 1067 3754 ordinibus
1092 3703 1124 3754 et
1152 3698 1356 3756 ecelesiasticis
1370 3711 1492 3805 (punires

298 3781 511 3838 “ministeriis
538 3783 570 3836 et
595 3779 692 3836 etatis
715 3779 872 3836 maturitas
898 3785 930 3836 et
953 3781 1084 3852 gravitas
1111 3797 1226 3836 morum
1252 3785 1283 3838 et
1306 3783 1356 3839 lit·
1369 3764 1462 3808 ‘⁰³⁸⁰‘
1471 3813 1506 3858 10„

299 3867 472 3921 “terarum
501 3861 626 3920 seientia
651 3861 691 3918 sit
720 3862 887 3934 quar-enda,
917 3863 1013 3918 multo
1036 3863 1142 3919 fortius
1165 3863 1197 3919 iu
1219 3863 1356 3938 episeopo
1368 3861 1503 3958 Qi·

300 3951 319 3976 “
338 3949 421 4004 hmo’
438 3950 555 4020 oportet
572 3945 694 4018 inquiri,
715 3944 767 4018 qui
793 3944 832 4001 ad
857 3963 958 4002 euram
985 3946 1098 4018 positus
1124 3947 1250 4004 aliorum
1275 3949 1307 4004 in
1325 3961 1495 4009 sessiones.

299 4033 320 4058 ‘¹
341 4031 404 4102 ipso
421 4031 510 4086 debet
539 4027 694 4086 ostendere
719 4027 847 4100 qualiter
874 4028 946 4085 alios
971 4034 1106 4101 oporteat
1131 4029 1163 4085 in
1189 4030 1275 4086 domo
1300 4031 1357 4087 Dei

339 4113 513 4170 eonversari.
550 4111 594 4168 Ea
610 4116 732 4184 propter
757 4129 805 4177 ue,
824 4111 903 4184 quod
920 4111 958 4168 de
976 4112 1152 4184 quibusdem
1180 4131 1215 4170 ex
1232 4115 1355 4171 neeessi·

338 4201 399 4253 tate
416 4196 557 4270 temporis
577 4196 689 4252 sautum
709 4199 763 4261 est,
784 4195 1003 4267 inexemplum
1022 4197 1156 4252 trahatur
1175 4214 1194 4253 e
1219 4199 1353 4270 posteris,

299 4283 318 4309 ‘⁴
338 4280 476 4352 presumi
494 4278 613 4335 decreto
630 4277 797 4346 statuimus,
816 4283 850 4335 ut
867 4279 966 4334 nullos
984 4280 1016 4335 in
1032 4281 1203 4353 episoopnm
1214 4281 1352 4354 elIgetur,

300 4365 322 4392 ¹⁸
340 4363 396 4418 nisi
414 4361 463 4434 qui
477 4363 539 4435 jam
556 4361 737 4418 trioesimum
755 4361 850 4417 atatis
867 4379 975 4418 annum
994 4363 1099 4435 egerit,
1118 4369 1150 4420 et
1166 4363 1204 4420 de
1220 4365 1354 4437 legitimo

300 4449 321 4474 ¹⁶
340 4447 380 4502 sit
396 4445 585 4502 matrimonio
602 4451 700 4509 name,
721 4443 772 4516 qui
791 4444 882 4500 etiam
901 4445 964 4501 vita
983 4452 1014 4502 et
1033 4446 1156 4502 seientia
1172 4447 1356 4504 sommenda-

301 4529 321 4556 “
340 4529 409 4584 bilis
434 4528 659 4584 demonstretur.
696 4525 772 4584 (ium
797 4529 896 4582 autem
922 4528 973 4600 qui
991 4528 1102 4585 eleetos
1128 4529 1219 4586 fuerit
1235 4535 1266 4586 et
1289 4549 1357 4586 oon·

302 4614 321 4640 ·‘
339 4610 533 4668 firmationem
550 4609 702 4666 eleotionis
719 4608 874 4682 aoeeperit,
887 4613 919 4665 et
934 4609 1197 4668 eoolesiastioorum
1215 4611 1356 4670 bonorum

336 4812 471 4880 ¹eoseust]
487 4820 581 4876 eareat,
591 4812 624 4866 B.
636 4812 667 4865 C.
829 4809 835 4877 Ι
881 4809 968 4879 ’taeoJ
982 4811 1041 4877 hoo,
1053 4813 1083 4866 C.
