3544 5724
383 890 423 975 'a

610 927 771 978 unavlsn
794 928 954 980 nonnam
977 929 1249 983 carrulalnnsls

243 1116 371 1161 ruebam·
403 1113 424 1139 ‘⁶
443 1117 502 1178 tur,
520 1111 657 1170 decenter
678 1116 846 1188 composita.
882 1117 973 1173 Porro
995 1117 1192 1175 mutuare
1209 1134 1338 1189 congruo
1355 1116 1450 1189 spatio
1463 1128 1623 1186 mammio

239 1168 376 1229 manare

248 1220 371 1271 minaret
404 1198 424 1223 “
443 1198 639 1271 antepositum
669 1201 808 1271 praedicto
837 1202 924 1258 altari
953 1207 1024 1269 erat,
1053 1202 1218 1259 dedicatum
1249 1201 1280 1257 in
1309 1200 1450 1258 honorem
1462 1193 1587 1259 Reliqaiie

268 1269 348 1312 Christ
405 1282 424 1307 u

250 1318 312 1364 'Chu

233 1369 386 1451 ennaranti·
405 1366 424 1391 “
444 1364 623 1421 hrabantur.¹
653 1366 690 1423 In
702 1368 854 1439 quoaitari
871 1369 1116 1441 beatusAElfegus
1127 1376 1214 1442 caput
1233 1369 1332 1425 Sancti
1345 1369 1450 1425 Swith·
1463 1399 1521 1448 371·

406 1451 425 1476 ‘⁸
444 1450 505 1513 uni,
519 1450 597 1521 quod
614 1450 678 1522 ipse
689 1469 707 1507 a
718 1452 889 1522 pontificatu
908 1453 1104 1509 wintoniensi
1121 1454 1153 1508 in
1172 1453 1450 1525 archiepiscopatum

229 1471 296 1515 Alter
303 1485 356 1516 cou-

231 1521 323 1581 talnina
332 1524 354 1566 S.
405 1537 425 1561 u

232 1573 361 1619 Smtbuu'a

231 1622 299 1669 hand.

445 1280 564 1336 Domini
581 1284 673 1339 nostri
691 1283 763 1339 Jesu
780 1285 899 1351 Christi,
917 1286 967 1341 ubi
985 1286 1093 1342 cotidie
1109 1286 1210 1341 divina
1226 1284 1366 1356 mysteria
1378 1286 1449 1342 cele·

1463 1258 1625 1318 SAudoeni,

1463 1326 1623 1382 MSS-CC.

445 1534 686 1591 cantuariensem
705 1537 864 1594 uaualatua
881 1555 979 1593 secum
997 1539 1114 1604 tulerat,
1127 1556 1195 1594 cum
1206 1539 1308 1595 multis
1326 1537 1452 1594 aliorum
1522 1528 1527 1537 ’

404 1620 422 1646 “
445 1624 611 1675 sauctorum
637 1619 769 1691 reliquiis
795 1621 955 1677 solenniter
978 1629 1155 1694 reposuerat
1190 1622 1239 1677 Ad
1263 1623 1327 1678 luae
1349 1623 1454 1678 altaria

407 1704 426 1730 “
446 1702 594 1758 nonnullis
610 1703 748 1775 gradibus
774 1704 985 1761 ascendebatur
1008 1724 1027 1761 a
1051 1706 1139 1762 choro
1156 1712 1317 1772 cantorum,
1345 1704 1453 1778 quam²

408 1787 570 1858 “criptam
589 1790 636 1844 vel
654 1788 865 1844 consessionem
890 1790 1015 1845 Romani
1032 1797 1147 1847 vocant.
1186 1791 1294 1847 Subtus
1318 1796 1381 1847 erat
1403 1790 1452 1846 ad·

406 1873 428 1919 f‘
446 1872 540 1927 instar
556 1873 745 1929 confessionis
764 1873 865 1930 Sancti
882 1875 963 1930 Petri
980 1875 1128 1944 fabricata,
1148 1876 1231 1948 cujus
1248 1876 1343 1932 fornix
1364 1893 1399 1932 eo
1421 1876 1453 1932 in

407 1959 426 1983 ‘¹
447 1957 540 2012 altum
558 1956 740 2024 tendebatur,
760 1963 794 2013 ut
811 1958 961 2030 superiora
977 1958 1041 2031 ejus
1057 1978 1117 2015 non
1133 1959 1192 2016 nisi
1210 1962 1263 2032 per
1279 1959 1378 2032 pluras
1389 1977 1454 2031 gns·

408 2042 427 2066 “
447 2041 501 2095 dus
526 2046 642 2113 possent
669 2042 753 2097 adiri.
790 2043 863 2099 Haec
888 2044 969 2099 intus
987 2044 1185 2100 adorientem
1203 2045 1297 2101 altare
1319 2044 1454 2109 habebat,

408 2126 427 2150 “
447 2124 524 2196 quod
536 2132 624 2197 caput
634 2126 712 2180 beati
725 2125 837 2192 Fursei,
850 2133 884 2183 ut
895 2128 1055 2200 antiquitas
1066 2126 1220 2195 fatebatur,
1234 2127 1265 2182 in
1278 2145 1310 2183 sa
1320 2127 1455 2184 habebat.

409 2211 427 2235 “
447 2207 523 2264 Sane
541 2209 591 2264 via
613 2227 674 2264 una
697 2227 784 2281 qnam
808 2217 964 2267 curvatura
981 2212 1082 2284 criptae
1100 2211 1193 2285 ipsius
1216 2211 1253 2267 ad
1277 2211 1455 2267 occidentem

409 2294 615 2363 “vergentem
639 2293 829 2365 concipiebat,
848 2312 938 2368 usqne
963 2295 1000 2351 ad
1024 2296 1121 2352 locum
1145 2294 1251 2368 quietis
1265 2295 1353 2361 ‚beati
1377 2296 1455 2350 Dun-

408 2378 427 2403 “
446 2376 523 2432 stam
541 2377 721 2443 tendebatur,
740 2378 789 2451 qui
807 2379 933 2434 maceria
950 2378 1019 2435 forti
1043 2380 1080 2434 ab
1099 2379 1164 2452 ipsa
1186 2379 1281 2451 cripta
1303 2378 1455 2434 ffifimeba

407 2463 426 2487 “
447 2465 506 2515 tur.
544 2461 612 2532 Ipse
637 2478 765 2533 namque
791 2463 992 2519 sanctissimus
1010 2470 1096 2535 pater
1112 2470 1181 2519 ante
1198 2463 1278 2534 ipsos
1294 2463 1402 2533 gradus
1424 2463 1456 2518 iu

446 2562 555 2616 magua
571 2546 770 2617 profunditate
781 2553 868 2602 terras
882 2547 1001 2619 jacebat
1017 2547 1165 2612 humatus,
1177 2547 1280 2603 tumba
1291 2564 1377 2619 super
1388 2563 1456 2603 eum

408 2632 427 2657 ‘⁴
447 2630 480 2685 in
506 2629 626 2685 modum
648 2629 801 2703 piramidis
824 2630 929 2703 grandi
953 2630 1131 2702 sublimique
1155 2636 1312 2698 structura,
1332 2630 1457 2686 habente

407 2718 427 2742 ‘³
445 2713 482 2769 ad
500 2718 588 2785 caput
605 2716 698 2770 sancti
716 2715 806 2771 altare
824 2715 1004 2771 matutinale.
1042 2714 1116 2770 Inde
1136 2715 1175 2770 ad
1192 2714 1371 2771 occidentem
1389 2712 1455 2768 cho-

408 2800 426 2825 “
447 2816 498 2854 rus
526 2796 714 2869 psallentium
745 2798 777 2853 in
806 2799 904 2854 aulam
934 2797 1064 2855 ecclesiia
1099 2798 1312 2870 porrigebatur,
1344 2797 1458 2853 decenti

408 2884 427 2909 “
447 2881 556 2938 fabrica
576 2899 595 2937 a
611 2882 775 2953 frequentia
791 2884 884 2938 turbas
901 2884 1038 2939 seclusus.
1076 2882 1189 2938 Deinde
1208 2882 1262 2940 sub
1279 2882 1379 2938 medio
1395 2882 1456 2938 lon·

234 2968 289 3014 Two
298 2972 388 3016 avers
408 2970 428 2995 ‘⁴

233 3073 308 3121 South

233 3130 305 3170 tower
312 3122 360 3166 and

233 3176 294 3220 altar
303 3176 329 3219 ol
336 3175 359 3219 S.

208 3278 211 3287 .
233 3227 343 3281 Graan·

446 2965 591 3038 gitudinis
615 2966 693 3021 aulis
719 2966 811 3037 ipsius
836 2967 902 3022 duas
926 2972 1022 3022 turres
1047 2972 1142 3033 erant,
1160 2967 1358 3039 prominentes
1381 2965 1459 3021 ultra

408 3054 428 3079 “
447 3050 576 3106 eeclesiae
593 3051 663 3106 alas.
702 3050 831 3120 Quarum
848 3068 910 3107 uua
926 3069 993 3123 quaa
1010 3052 1041 3107 iu
1058 3056 1160 3107 austro
1183 3057 1247 3107 erat
1270 3051 1324 3107 snb
1348 3051 1458 3107 honore

407 3139 426 3164 “
447 3134 524 3192 beati
543 3133 678 3205 Gregorii
697 3152 780 3206 papas
798 3137 890 3192 altare
909 3136 941 3190 iu
957 3135 1056 3192 medio
1073 3136 1119 3192 sui
1136 3135 1303 3191 dedicatum
1323 3134 1457 3201 habebat,

408 3221 427 3246 “
445 3226 475 3275 et
493 3218 524 3272 in
541 3218 632 3273 latere
649 3216 810 3290 principale
834 3218 962 3275 hostium
986 3217 1126 3285 ecclesia,
1143 3216 1221 3291 quod
1237 3218 1399 3290 antiquitus
1422 3218 1458 3273 ab

408 3305 426 3330 ‘⁴
446 3301 553 3373 Anglis
576 3307 607 3358 et
630 3320 709 3357 nunc
733 3320 825 3374 usqua
848 3302 998 3359 Suthdure
1016 3303 1134 3359 dicitur.
1171 3301 1254 3373 Quod
1273 3302 1402 3358 hostium
1427 3300 1459 3356 in

407 3389 428 3414 ‘⁶
447 3386 633 3456 antiquorum
651 3385 767 3457 legibus
785 3404 890 3458 regum
908 3404 961 3443 suo
977 3386 1098 3443 nomine
1115 3386 1385 3459 sapeexprimitur.
1422 3384 1459 3439 In

234 3481 308 3527 Soath
317 3483 380 3532 door,
407 3476 427 3501 “

233 3534 363 3577 whamtte
408 3559 415 3583 ς

233 3586 381 3679 azirum

447 3471 555 3543 quibus
571 3471 661 3526 mmm
678 3488 778 3527 omnes
796 3473 930 3544 querelas
948 3471 1040 3528 totius
1056 3470 1143 3544 regui
1160 3489 1226 3543 qua
1250 3470 1282 3526 in
1300 3469 1459 3526 hundredis

421 3556 495 3612 ‘vel
512 3553 708 3621 comitatibus,
726 3571 784 3611 uno
811 3555 858 3610 vel
885 3556 1029 3627 pluribus,
1048 3555 1096 3612 vel
1114 3561 1192 3612 carte
1220 3555 1252 3610 in
1278 3554 1360 3611 curia
1382 3551 1460 3625 ragis

410 3643 428 3669 ‘⁴
446 3658 505 3696 nou
529 3644 648 3711 possent
675 3638 811 3710 legaliter
835 3639 964 3704 diffiniri,
992 3640 1078 3696 finem
1104 3639 1185 3695 verbi
1214 3638 1291 3694 deut
1314 3638 1346 3693 in
1378 3636 1460 3695 curia

409 3727 429 3753 ‘⁶
448 3724 538 3796 Regis
557 3723 670 3780 Summi
688 3723 786 3779 sortiri
804 3722 908 3779 dehere
925 3723 1108 3780 discernitur.
1145 3722 1215 3778 Alia
1233 3739 1302 3778 vero
1319 3723 1408 3780 turris
1429 3724 1460 3779 iu

410 3810 535 3882 “plaga
560 3809 718 3881 aquilonali
738 3827 753 3863 e
778 3808 897 3880 regiona
922 3807 1002 3863 illius
1027 3807 1145 3865 condita
1170 3807 1236 3875 suit,
1263 3807 1295 3863 in
1318 3808 1458 3864 bonorem

234 3911 312 3957 North
318 3912 397 3958 torar,
410 3897 429 3922 “

234 3963 388 4058 ilidii?
410 3979 429 4006 ‘⁶

234 4064 373 4110 schoolwas.
409 4065 429 4091 ‘¹

447 3894 527 3950 boati
552 3892 682 3958 Martini,
708 3891 836 3948 chasma
861 3892 893 3946 in
918 3891 1024 3964 quibus
1050 3892 1187 3948 monachi
1216 3893 1460 3948 conversabantur

448 3979 517 4035 binc
534 3977 602 4033 inde
619 3978 736 4033 habens.
773 3977 813 4032 Ia
830 3976 908 4032 sicut
925 3977 956 4031 in
974 3976 1033 4032 alia
1050 3978 1176 4033 forenses
1192 3976 1260 4033 litas
1277 3981 1308 4032 et
1320 3974 1462 4032 secularia

448 4064 556 4135 placita
582 4061 798 4128 exercebantur,
825 4061 867 4116 ita
891 4060 923 4116 in
948 4062 1006 4118 ista
1030 4060 1272 4118 adolescentiores
1299 4060 1405 4117 fratres
1429 4060 1461 4117 iu

410 4149 429 4175 ‘⁶
448 4145 586 4204 discendo
603 4144 800 4202 ecclesiastica
816 4145 911 4201 officia
927 4145 976 4201 die
993 4150 1023 4201 et
1040 4151 1125 4201 noete
1142 4162 1196 4217 pro
1214 4151 1377 4219 temporum
1390 4143 1460 4201 rici·

409 4234 429 4260 ‘⁴
448 4233 502 4287 hus
518 4231 753 4288 instituebantur.
791 4229 874 4285 Finis
891 4229 1020 4286 ecclesias
1041 4229 1199 4286 ornabatur
1218 4229 1343 4285 oratorio
1366 4227 1460 4284 beata

409 4318 429 4344 “
448 4316 552 4372 Matris
570 4315 625 4372 Dei
642 4314 753 4370 Maria.
790 4314 839 4369 Ad
857 4314 944 4387 quod,
964 4315 1033 4389 quia
1050 4319 1196 4371 strucmra
1212 4313 1277 4385 ejus
1294 4313 1362 4370 talis
1385 4316 1458 4378 crat,

411 4402 428 4429 “
449 4419 506 4456 uon
530 4399 588 4456 nisi
613 4417 665 4471 per
689 4398 797 4471 gradus
821 4397 967 4470 cujusvie⁸
992 4399 1109 4472 patebat
1134 4416 1274 4455 oecessus.
1310 4398 1347 4453 In
1376 4398 1460 4471 cujus

421 4488 429 4513 ‘
447 4492 529 4556 parte
548 4482 683 4539 orientali
701 4487 765 4539 erat
783 4482 874 4538 altare
892 4483 924 4537 in
935 4483 1120 4538 veneratione
1137 4481 1228 4553 ipsius
1246 4482 1380 4537 Dominae
1391 4499 1457 4537 con·

409 4573 427 4597 “
448 4573 601 4633 sacratum,
622 4574 652 4623 et
670 4568 701 4621 in
719 4585 754 4623 eo
772 4573 861 4639 caput
876 4566 970 4624 beata
987 4567 1110 4638 virginis
1121 4567 1321 4623 Austrobartae
1333 4565 1456 4622 habeba»

405 4827 435 4878 Β.

441 4745 450 4778 ¹
463 4741 668 4809 celebrabuntur]
693 4744 861 4807 celebrantur,
874 4745 908 4797 A.

447 4826 477 4879 C.
991 4824 1138 4894 Βιἰρίιευίε]
1152 4839 1253 4885 amaa,
1265 4824 1296 4879 O.
1309 4825 1354 4888 (i)
1367 4823 1456 4884 cuins,

442 4905 548 4972 ’qanm]
580 4906 695 4970 quadam
723 4902 806 4969 cripta
833 4920 908 4970 quam
959 4906 1017 4958 MS.
1028 4907 1118 4958 Eadm.

405 4985 597 5048 comesdouem,
607 4990 662 5048 ba,
678 4985 736 5039 MS.
747 4985 838 5037 Eadm,
