3628 5728
407 864 473 931 496
608 877 770 926 osnvusrr
793 878 954 927 norsum
977 878 1250 927 currusnrausrs

255 1073 376 1169 App-131·
407 1062 535 1147 “quod
564 1086 626 1131 nee
656 1066 839 1151 prioratum
866 1065 960 1131 vobis
991 1065 1213 1131 renitentibus
1240 1064 1374 1141 retineo,
1397 1081 1459 1127 nec

236 1137 373 1281 gerinus}
407 1171 423 1198 “
447 1165 622 1252 quicquam
653 1174 773 1255 praeter
802 1168 1047 1255 beneplacitum
1078 1174 1226 1234 vestrum
1256 1170 1457 1251 attemptare

270 1251 355 1293 ΨΜ
406 1274 424 1301 “
446 1270 593 1335 curabo.''
639 1271 702 1336 Illo
724 1272 828 1358 igitur
849 1272 892 1338 ad
914 1272 1090 1358 imperium
1113 1279 1297 1337 conventus
1319 1289 1459 1356 egressa

405 1372 624 1439 residentibus
662 1374 718 1439 xii.
749 1374 804 1440 vel
834 1396 873 1440 eo
903 1375 1046 1461 amplius
1084 1375 1227 1440 ecclesiae
1264 1372 1458 1449 senioribus,

406 1476 516 1540 eaeteri
546 1497 658 1543 omnes
688 1478 724 1541 in
754 1477 863 1543 medio
894 1477 1038 1555 stabant,
1061 1500 1104 1543 ex
1135 1477 1256 1563 quibus
1279 1497 1366 1540 unus
1397 1495 1457 1560 pro

406 1579 533 1643 eaeteris
562 1579 698 1665 loquens
729 1601 803 1645 cum
833 1580 949 1665 ymbre
980 1580 1188 1645 lacrimarum
1220 1580 1329 1644 dixit:
1362 1577 1457 1642 “Vos

406 1687 423 1713 “
444 1682 557 1760 nostis,
572 1688 682 1769 patres
704 1683 819 1759 sancti,
835 1688 870 1747 et
892 1683 1020 1768 experti
1037 1684 1116 1748 estis
1139 1683 1274 1769 quantis
1292 1680 1456 1768 angustiis

405 1791 421 1818 “
443 1785 572 1870 agitata
593 1786 638 1851 sit
669 1784 916 1851 cantuariensis
946 1786 1081 1852 eeclesia
1111 1786 1273 1872 usquein
1304 1807 1456 1871 praesens.

404 1895 421 1921 “
445 1886 517 1953 Nee
531 1908 590 1953 vos
612 1887 696 1953 latet
718 1909 818 1973 quam
839 1888 984 1973 turpiter
1006 1886 1104 1954 homo
1126 1889 1190 1953 iste
1214 1888 1382 1953 Osbernus
1404 1911 1454 1954 re·

404 1998 422 2024 “
444 1991 542 2056 cessit
563 2012 584 2056 a
605 1990 701 2057 nobis
724 2012 798 2056 cum
820 1991 949 2057 caeteris
971 1992 1030 2077 qui
1053 1992 1157 2057 nostri
1181 1990 1363 2077 proditores
1385 1989 1455 2055 sue-

404 2101 421 2127 “
444 2098 532 2170 runt,
547 2094 632 2159 etin
648 2098 808 2179 quantum
824 2092 965 2159 dedecus
980 2092 1036 2159 et¹
1052 2094 1289 2159 detrimentum
1312 2092 1456 2159 eodaiae

406 2197 589 2283 “suscepit
618 2197 809 2283 prioratum.
867 2195 967 2262 Nunc
996 2202 1109 2262 autem
1140 2197 1219 2282 quia
1248 2201 1366 2283 sponte
1396 2218 1457 2262 sua

447 2298 551 2376 cessit,
574 2304 609 2364 et
634 2298 729 2364 vobis
759 2298 921 2365 incumbit
953 2298 1201 2365 Cantuariensis
1224 2299 1367 2365 ecclesiae
1390 2298 1456 2364 dis·

288 2477 301 2508 r
445 2401 573 2487 positio,
598 2407 723 2488 quanta
745 2423 917 2488 possumus
946 2403 1137 2469 humilitate
1160 2403 1304 2489 petimus
1326 2425 1395 2481 vos,
1418 2409 1458 2468 ut

301 2497 308 2509 ’
406 2512 422 2539 “
445 2503 546 2570 talem
576 2503 672 2570 nobis
702 2510 737 2570 et
763 2504 857 2570 vobis
886 2506 1028 2591 priorem
1059 2506 1244 2573 instituatis
1270 2506 1328 2591 qui
1358 2506 1457 2593 digne

407 2613 584 2673 “matrem
621 2612 768 2673 nostram
805 2605 891 2672 hanc
921 2606 1193 2673 cantuariensem
1231 2613 1325 2695 regat
1355 2607 1457 2674 eccle·

406 2718 422 2743 “
445 2710 537 2775 siam.
598 2709 699 2775 Hunc
727 2710 892 2795 precipue
922 2710 980 2795 qui
1010 2710 1105 2775 nobis
1135 2710 1300 2796 praesidet,
1330 2710 1388 2795 qui
1419 2711 1455 2774 in

408 2812 608 2900 “angustiis
634 2818 668 2877 et
694 2810 966 2877 tribulationibus
990 2812 1092 2877 variis
1119 2811 1226 2877 fidelis
1250 2817 1285 2877 et
1311 2812 1455 2898 prudens

406 2924 421 2949 “
445 2916 602 2979 inventus
640 2919 697 2991 est,
728 2913 823 2979 nobis
860 2913 1002 2999 priorem
1040 2914 1271 3000 postulamus.''
1317 2913 1456 2979 Surrex-

405 3022 503 3083 erunt
532 3017 636 3102 igitur
661 3038 754 3081 sones
784 3037 859 3082 oum
890 3016 1088 3101 junioribus,
1118 3017 1292 3102 ipsumque
1321 3039 1457 3082 venera·

404 3119 503 3184 bilem
549 3119 753 3204 suppriorem
799 3116 984 3183 Galfridum
1030 3119 1149 3184 dextra
1186 3116 1272 3184 sub²
1308 3119 1457 3204 laevaque

405 3220 573 3287 trahentes
610 3220 647 3284 in
676 3220 786 3286 sedem
817 3221 934 3307 prioris
973 3228 1153 3307 posuerrmt
1182 3221 1247 3285 vito
1263 3222 1336 3288 idus
1367 3222 1456 3287 Maii.

237 3339 381 3434 pgbffiphe
406 3323 619 3389 Reclamabat
641 3323 760 3388 acriter
782 3326 816 3387 et
838 3322 940 3387 flebat
962 3323 1126 3388 uberrime
1143 3325 1261 3411 jurans
1276 3322 1355 3390 sed³
1369 3324 1456 3411 peje-

237 3403 380 3537 {²5le
405 3449 482 3494 rans
505 3426 594 3512 quod
616 3446 684 3491 non
706 3430 833 3512 regeret
855 3426 1045 3511 prioratum.
1080 3427 1251 3493 Violenter
1273 3431 1385 3492 tamen
1407 3449 1457 3491 re·

336 3524 343 3537 ’
406 3537 519 3597 tentus
541 3534 600 3607 est,
623 3534 658 3594 et
687 3527 747 3592 vix
762 3528 897 3593 tandem
912 3533 987 3614 post
1002 3528 1071 3594 dies
1093 3529 1253 3615 plurimos
1275 3533 1456 3595 oonvantus

406 3634 458 3699 sui
480 3631 644 3699 consensit
665 3631 840 3696 voluntati.
887 3630 1053 3696 Osbemus
1080 3637 1192 3697 autem
1222 3630 1398 3698 honorifice
1420 3632 1456 3696 in

406 3757 534 3802 camara
554 3734 734 3801 honestiori
756 3733 961 3799 infirmorum
983 3732 1152 3799 exhibitus
1175 3740 1232 3800 est

237 3860 389 3906 remorae
451 3838 584 3903 interea
605 3857 717 3902 rumor
730 3837 766 3900 in
781 3834 904 3923 Anglia
921 3835 1085 3922 dispersus
1108 3843 1159 3901 est
1181 3837 1222 3902 da
1244 3837 1347 3904 electo
1370 3836 1455 3902 Ebo-

236 3913 394 4008 blffimm
406 3942 532 4009 recensi
548 3939 716 4017 (lanfrido,
733 3937 821 4025 quod
836 3960 878 4004 ex
894 3938 1051 4004 mandato
1074 3939 1199 4004 domini
1214 3962 1308 4028 papae
1324 3940 1457 4006 deberet

236 4013 369 4058 tlonolthe
408 4046 415 4060 .
567 4045 574 4058 .
783 4041 790 4056 .
1116 4042 1123 4056 .
1185 4043 1192 4057 .
1275 4043 1283 4058 .
1330 4044 1338 4058 .

236 4063 376 4117 manuos
406 4068 442 4111 m
457 4045 598 4110 lienem
613 4063 800 4109 consecrem
835 4040 934 4106 Unde
949 4039 1126 4127 stupefactr
1142 4044 1456 4129 ep1se0pr,v1dentes

236 4115 367 4211 ildui‘dm
405 4149 441 4213 in
463 4147 526 4213 hoc
548 4145 754 4212 matrissuae
778 4142 1025 4208 (lantuariensis
1055 4142 1197 4209 eeclesiae
1220 4166 1326 4209 mmm
1349 4145 1456 4231 drgnr-

405 4256 519 4328 tatem,
542 4270 616 4313 oum
644 4247 762 4312 debeat
786 4245 829 4310 ab
858 4245 996 4330 antiquo
1027 4244 1240 4311 Eboracensis
1270 4246 1392 4311 electus
1414 4244 1457 4310 a*

407 4350 641 4418 Cantuariensi
667 4347 931 4433 metropolitano,
954 4347 1153 4433 professione
1177 4348 1354 4434 praemissa,
1371 4346 1456 4413 Can-

406 4453 525 4522 tuariae
547 4451 736 4529 consecrari,
751 4451 842 4516 facta
863 4450 1044 4516 solenniter
1065 4449 1286 4537 appellatione
1308 4473 1367 4537 per
1388 4472 1456 4516 rno-

438 4721 498 4788 ιοε]
514 4736 565 4772 om.
576 4720 608 4772 B.
988 4717 1069 4785 ἤιά]
1083 4725 1118 4779 et,
1129 4719 1162 4769 B.

437 4799 518 4867 ἐῶ]
532 4816 582 4852 om.
595 4799 624 4852 C.
988 4797 1040 4864 4α]
1058 4814 1108 4848 om.
1120 4798 1155 4848 A.
1166 4798 1197 4848 B.
