3588 5740
721 892 832 940 ornan
854 891 1044 941 nrsromcn.
1344 879 1409 942 589

358 1081 376 1106 ‘⁸
396 1097 463 1135 cum
493 1079 555 1134 Deo
579 1095 731 1151 possumus
761 1084 790 1134 et
813 1077 923 1133 honore
939 1084 1040 1134 nostro
1064 1078 1185 1143 deferre,
1210 1087 1409 1153 contemptum
1439 1106 1563 1151 ‘mm

357 1166 377 1190 ‘⁴
396 1168 536 1226 nostrum,
556 1162 646 1215 immo
671 1160 736 1223 Dei,
758 1160 848 1234 Oujus
872 1160 970 1215 locum
994 1161 1064 1216 licet
1087 1161 1202 1233 indigni
1221 1169 1352 1218 tenemus
1376 1166 1408 1219 in
1422 1173 1555 1234 naturast

357 1250 375 1275 ‘⁸
395 1246 490 1312 terris,
508 1263 567 1300 non
593 1245 753 1317 poterimus
770 1244 893 1300 ulterius
916 1245 1120 1316 aequanimiter
1137 1245 1289 1311 sustinere,
1307 1248 1359 1303 sed
1377 1249 1408 1303 in
1421 1224 1578 1317 fflfflffilh

357 1334 375 1359 “
395 1348 443 1385 eos
461 1329 635 1401 quicumque
660 1328 769 1383 luerint
785 1333 816 1382 et
841 1333 933 1382 terras
957 1345 1056 1382 eornm
1081 1329 1131 1399 qui
1156 1336 1262 1384 nostrae
1288 1328 1478 1403 disponi-⁸¹⁰⁰·

359 1417 377 1440 “
397 1414 471 1468 tioni
501 1411 737 1484 praesumpeerint
766 1411 891 1475 obviare,
925 1428 990 1465 eam
1019 1411 1316 1469 animadversionem¹
1347 1416 1409 1472 sine

358 1501 377 1525 “
397 1496 560 1554 differentia
576 1513 764 1567 personarum
782 1494 948 1549 curabimus
966 1512 1106 1561 exercere,
1126 1496 1203 1565 quod
1229 1514 1281 1567 per
1299 1498 1408 1555 exhibi-

396 1582 505 1637 tionem
534 1596 653 1652 operum
670 1578 867 1634 ostendemus
894 1595 947 1633 nos
971 1578 1048 1632 velle
1073 1578 1156 1649 regia
1179 1579 1228 1634 ria
1252 1581 1410 1651 prudenter

358 1669 376 1693 ‘⁶
397 1664 537 1727 incedere,
567 1680 620 1718 nae
658 1663 830 1733 cujusquam
860 1663 958 1732 gretia
986 1663 1034 1717 vel
1068 1663 1166 1717 favore
1194 1662 1340 1721 declinare
1373 1667 1410 1722 ad

356 1748 524 1804 “dextram
555 1746 603 1801 vel
633 1745 790 1811 sinistram,
827 1763 893 1801 cnm
924 1762 1041 1800 omnem
1079 1745 1304 1803 inobedientiam
1334 1751 1410 1807 sedis

356 1837 374 1861 “
395 1832 561 1904 apostolica
578 1830 706 1901 prompti
724 1828 816 1885 simus
833 1829 943 1885 ulcisci.
982 1828 1097 1901 Siquis
1122 1834 1219 1886 autem
1243 1833 1332 1904 regiae
1352 1852 1410 1889 ser-

356 1921 375 1950 “
395 1915 497 1971 anitati
523 1913 699 1985 suggesserit
720 1911 797 1983 quod
817 1912 854 1967 de
878 1912 942 1984 ipsa
963 1911 1118 1983 quicquam
1143 1913 1254 1970 sinistri
1284 1934 1302 1971 a
1324 1917 1411 1973 dictis

356 1997 374 2027 “
395 1998 544 2054 monachis
570 1997 751 2069 propositum
777 1996 867 2052 fuerit
896 2013 993 2052 eoram
1016 1997 1109 2061 nobis,
1135 1997 1221 2053 fidem
1251 2017 1308 2055 non
1329 2001 1410 2059 adhi-

356 2086 374 2111 ⁴‘
394 2082 498 2146 beatis,
521 2082 592 2152 quin
618 2080 715 2150 potius
733 2080 902 2135 afflictiones
925 2086 955 2136 et
973 2081 1120 2136 molestias
1144 2100 1210 2137 enas
1227 2084 1293 2154 plus
1318 2086 1410 2142 altero

356 2170 374 2193 “
394 2171 568 2238 procurante
585 2181 673 2235 quam
691 2163 727 2219 de
738 2164 887 2219 voluntate
904 2164 1024 2220 credant
1041 2164 1123 2236 regia
1139 2168 1338 2236 proeessisae.’'

400 2260 585 2327 Condolens
616 2265 728 2323 autem
763 2257 917 2322 dominus
950 2279 1037 2344 papa
1070 2258 1238 2326 doloribus
1277 2268 1311 2328 et
1348 2286 1406 2329 an-
1421 2274 1572 2371 almam

356 2363 475 2449 gustiis
490 2360 744 2458 monachorum,
767 2365 983 2444 metnensque
1010 2382 1051 2425 ne
1077 2361 1151 2448 jugi
1178 2362 1408 2450 frangerentur
1420 2382 1527 2421 annone

357 2466 486 2552 injurie,
524 2463 703 2529 conventui
742 2459 974 2527 cantuariensi
1020 2464 1269 2530 consolatoriam
1314 2470 1406 2536 misit

357 2565 528 2654 epistolam
552 2566 589 2629 in
612 2564 701 2629 hune
725 2563 881 2629 modum:

393 2666 807 2737 “1nnooentius2episcopus‚
827 2682 928 2720 servus
946 2682 1096 2721 servorum
1117 2668 1183 2733 Dei,
1205 2669 1318 2727 dilectis
1337 2673 1405 2729 filiis
1422 2677 1535 2740 lesmor

357 2757 376 2780 ‘⁴
396 2752 488 2823 priori
505 2756 535 2805 et
552 2749 707 2805 conventui
725 2747 902 2813 (lautumiae,
924 2748 1048 2804 salutem
1066 2755 1096 2805 et
1119 2753 1307 2822 apostolicam
1321 2756 1404 2812 bane·
1422 2729 1570 2774 ⁰⁰n⁸⁰¹⁸⁸¹⁰¹³

358 2834 563 2890 “dictionem
608 2832 676 2888 Nisi
702 2830 861 2904 prudentes
890 2831 993 2887 essetis
1020 2837 1051 2887 et
1080 2850 1229 2890 sacrarum
1260 2837 1405 2897 haberetis

359 2923 377 2946 “
398 2917 549 2974 scientiam
568 2915 789 2988 scripturarum,
808 2931 861 2986 pro
885 2914 1122 2971 tribulationibus
1146 2935 1211 2989 quse
1233 2918 1408 2983 invenerunt

360 3006 378 3029 “
398 3019 450 3057 vos
467 2999 555 3055 nimie
572 2998 698 3071 egeretis
714 2998 836 3052 forsitan
854 2997 1098 3054 consolationibus
1115 3000 1254 3068 eliorum;
1275 3006 1326 3061 scd
1346 3008 1410 3063 imi.

361 3090 379 3113 ‘⁶
399 3093 507 3141 tatcres
525 3083 721 3155 apostolorum
740 3080 837 3136 effecti
855 3086 889 3135 ut
906 3081 1017 3137 relictis
1035 3082 1170 3139 omnibus
1188 3084 1309 3144 liberius
1326 3096 1410 3164 sequi

359 3173 379 3197 “
398 3169 514 3242 possitis
540 3166 690 3223 Christum
708 3183 864 3237 pauperem
883 3172 913 3221 et
931 3182 1068 3236 egenum,
1088 3166 1272 3225 amissionem
1295 3179 1407 3249 tempo.

361 3257 379 3280 “
399 3253 505 3308 ralium
524 3268 589 3321 quae
607 3249 719 3304 debetis
736 3266 803 3303 cum
821 3248 952 3320 apostolo
970 3254 1109 3320 tanquam
1127 3257 1254 3307 stercora
1271 3266 1410 3329 reputare

193 3343 321 3388 Phileis.
360 3340 380 3362 “
401 3344 434 3389 nt
458 3333 607 3391 Christum
632 3332 803 3387 lucrifacere
827 3332 958 3397 valeatis,
985 3333 1116 3403 excipere
1141 3351 1207 3389 curn
1232 3340 1340 3407 gaudio
1359 3361 1410 3400 ros

361 3422 379 3443 “
399 3422 530 3489 oportet3
550 3415 623 3470 nee³
646 3432 699 3486 pro
724 3432 759 3469 ea
776 3414 852 3469 sicut
877 3414 976 3469 caeteri
999 3415 1151 3471 hominum
1171 3422 1345 3491 contristari,
1372 3446 1410 3483 ne

361 3504 379 3527 “
400 3518 451 3572 per
476 3498 698 3553 immoderatum
729 3496 868 3561 dolorem,
896 3503 1050 3569 postquem
1077 3516 1196 3554 manum
1221 3504 1341 3562 misistis
1372 3511 1410 3566 ad

191 3602 296 3663 §.ruia
360 3588 378 3610 “
399 3583 495 3648 fortia,
521 3588 600 3637 retro
626 3580 752 3652 aspicere
779 3579 1015 3651 comprobemini,
1035 3586 1065 3635 et
1082 3585 1206 3636 manna*
1231 3594 1408 3663 contempto,

191 3656 262 3696 Μ’
361 3670 378 3694 “
399 3666 436 3721 ad
453 3664 577 3737 AEgypti
594 3680 719 3736 pepones
736 3670 767 3718 et
784 3662 852 3716 allia
870 3668 900 3717 et
918 3662 990 3717 ollas
1007 3664 1139 3718 carnium
1160 3666 1295 3738 aspirare.
1334 3673 1408 3732 cum

190 3752 329 3797 Numine.
361 3754 379 3777 “
400 3751 498 3822 itaque
516 3763 574 3802 non
592 3744 667 3802 sint⁶
685 3744 837 3816 condignae
852 3744 998 3817 passiones
1016 3744 1104 3816 hujus
1123 3750 1261 3819 temporis
1279 3755 1316 3809 ad
1331 3757 1408 3814 futu.

191 3836 379 3889 Rem.riti.1s.“
398 3851 462 3888 ram
480 3830 603 3904 gloriam
622 3846 688 3899 quar
706 3826 883 3882 revelabitur
900 3828 931 3882 in
950 3827 1045 3892 nobis,
1065 3846 1218 3888 monemus
1237 3837 1409 3896 universim.

361 3921 380 3946 ⁴⁴
400 3924 461 3973 tem
479 3920 605 3970 vestram
622 3918 652 3967 et
669 3912 820 3966 hortamur
838 3911 868 3965 in
880 3910 1016 3975 Domino,
1030 3912 1166 3983 quatinus
1184 3916 1220 3971 ad
1238 3925 1409 3981 memoriam

361 4006 379 4028 “
398 4005 578 4062 revocantes,
609 3995 686 4069 quod
712 3993 864 4049 tribulatio
893 3993 1064 4065 patientiam
1096 4010 1238 4068 operatur,
1268 4005 1410 4075 patientia

191 4078 314 4123 3⁰³¹·'·³·
359 4087 378 4113 “
399 4100 468 4139 raro
485 4099 576 4154 spem,
596 4084 778 4151 sperantem
798 4076 957 4132 secundum
974 4079 1137 4148 apostolum
1161 4099 1219 4136 non
1243 4089 1406 4157 confundit,

360 4172 378 4197 “
399 4186 434 4224 ex
451 4168 507 4222 hoc
525 4166 588 4237 ipso
606 4163 715 4235 gratias
732 4161 826 4233 agatis
846 4160 999 4217 Altissimo
1017 4163 1093 4233 quod
1112 4164 1156 4220 illi
1181 4166 1217 4222 de
1242 4171 1346 4241 quitus
1366 4176 1408 4231 in.

359 4256 378 4280 “
399 4252 560 4308 dubitatum
587 4247 724 4303 fiduciam
743 4244 903 4311 habebatis,
917 4245 1111 4303 retribuentes
1136 4252 1213 4305 mela
1235 4270 1289 4324 pro
1313 4257 1407 4324 bonis,

393 4531 726 4597 ¹eanrunirnedrereienenr]
743 4545 800 4580 curn
816 4545 862 4580 an·
904 4505 949 4555 ‘¹¹⁰
974 4506 1031 4557 (ΜΘ
1054 4506 1076 4557 5⁸
1097 4508 1174 4574 tim
1197 4511 1262 4563 Ἦ·
1287 4514 1407 4571 kalendas

359 4612 552 4670 imadversioue,
563 4610 593 4661 0.
905 4587 921 4612 “
940 4584 1113 4636 Deoembrinl‘

393 4717 404 4750 ²
416 4715 586 4782 Innocentius]
602 4715 650 4767 See
662 4713 783 4780 Epistola
792 4715 860 4767 Can·
881 4720 883 4731 '

359 4796 510 4857 tranenses,
527 4794 577 4845 No.
589 4792 652 4855 diii,
663 4809 687 4858 p.
699 4796 758 4854 470,
777 4793 860 4844 where

938 4660 1016 4730 Ιιιιο]
1031 4680 1073 4723 ne.
1085 4666 1115 4718 Ο.

937 4741 949 4773 ⁴
960 4743 1064 4809 mna]
1079 4745 1194 4812 AEgypti,
1206 4748 1255 4801 iun.
1267 4753 1301 4803 A.
1313 4755 1343 4806 B.
1353 4756 1383 4808 C.

938 4821 949 4854 ⁸
960 4824 1025 4891 rint]
1040 4824 1145 4886 luerint,
1156 4828 1186 4878 B.
