3572 5744
359 824 446 899 112,
568 832 730 882 omvasu
754 829 914 879 nossem
938 824 1212 877 cartomensis

205 1047 259 1092 ab·
268 1044 325 1087 11⁴⁰·
471 1031 605 1098 Mona.
653 1028 764 1096 Ciclus
787 1023 1082 1093 decennovennalis
1097 1019 1294 1106 incipit-I.

187 1174 324 1239 supponet
403 1175 483 1240 Post
505 1169 628 1235 Natele
650 1165 786 1232 Domini
804 1190 855 1227 rex
873 1172 954 1227 venit
978 1169 1155 1240 Radingum,
1175 1166 1307 1242 indeque
1337 1176 1411 1241 pro·
1425 1162 1501 1242 Cont.
1513 1162 1582 1213 Flos.

189 1229 300 1277 mm
358 1285 489 1353 gressus
504 1269 541 1323 sd
552 1265 733 1322 Heliensem
748 1253 919 1321 civitatem
935 1259 1027 1314 movit
1038 1248 1228 1337 exercitum.
1264 1246 1338 1326 Quo
1353 1267 1411 1311 au·
1427 1229 1512 1348 Ἣ

359 1357 439 1432 dito,
457 1354 621 1415 Heliensis¹
641 1354 791 1425 episeopus
808 1342 922 1428 fugam
945 1339 1031 1416 iniit,
1054 1352 1084 1403 et
1101 1347 1133 1401 in
1150 1352 1248 1418 partes
1266 1342 1413 1400 Glaornioe
1424 1312 1449 1361 p.
1515 1328 1523 1343 '

189 1460 302 1555 Ἕω(
358 1461 396 1516 ad
420 1453 557 1513 comitem
581 1444 742 1501 Robertum
772 1443 900 1499 secessit.
938 1442 1000 1497 Rex
1025 1445 1124 1496 autem
1149 1437 1288 1493 Heliense
1309 1434 1411 1490 castel·
1429 1431 1575 1495 Ib·1³·6⁷⁴·

190 1514 275 1615 idest?
359 1553 423 1609 lum
452 1542 588 1602 obtinuit.
635 1529 709 1595 Hoc
740 1549 827 1594 anno
859 1535 1020 1591 Turstanns
1048 1531 1283 1602 archiepiscopus
1303 1527 1413 1582 Ebora·

361 1639 456 1696 censis
486 1635 563 1709 apud
593 1626 843 1687 Pontemfractnrn
873 1621 1074 1678 monachicum
1104 1611 1246 1696 sumpsit
1283 1616 1417 1672 habitum

191 1725 301 1771 Mhos
360 1727 414 1783 xii⁰
440 1722 580 1780 kalendas
609 1712 772 1777 Februarii,
804 1717 835 1767 ct
864 1709 949 1765 nonis
986 1700 1133 1787 ejusdem
1165 1700 1289 1765 ibidem
1318 1705 1416 1760 vitem

190 1775 330 1871 ffppitppp
360 1806 473 1871 finivit
494 1809 529 1868 ct
551 1799 700 1886 sepultus
723 1797 782 1868 est,
798 1799 981 1871 episcopatus
999 1798 1045 1853 sui
1062 1814 1138 1854 anno
1156 1797 1265 1853 inviis
1313 1785 1417 1872 Cujus

360 1926 464 1980 eorpus
493 1910 561 1977 post
590 1917 699 1957 annum
728 1899 759 1949 et
787 1907 901 1947 menses
930 1908 969 1955 v.,
1000 1888 1149 1961 integrum
1179 1895 1210 1945 et
1240 1888 1418 1946 odoriferum

359 1996 510 2063 repertum
529 1992 583 2042 est.

193 2094 338 2147 namegast
397 2083 499 2138 Mense
525 2073 683 2134 Februario
708 2058 902 2139 desponsavit
935 2056 1133 2123 Eustachine
1155 2066 1234 2122 filins
1252 2066 1331 2138 regis
1352 2066 1416 2123 Ste-

192 2145 349 2242 gfflffld
362 2170 452 2243 pheni
469 2184 598 2225 sorerem
625 2162 704 2233 regis
730 2156 863 2213 i'raneies
890 2147 1057 2225 Lodovici,
1091 2147 1223 2211 nomine
1256 2145 1417 2212 Constan-

362 2251 454 2327 tiam,
477 2259 618 2329 praesente
644 2254 739 2305 matre
756 2259 817 2303 sua
842 2246 945 2317 regina
969 2246 1087 2316 Angliae
1106 2234 1266 2301 Adeliza²
1279 2235 1418 2320 aliisque

362 2346 510 2404 nobilibus
526 2342 600 2397 viris
619 2337 770 2408 utriusque
787 2335 873 2405 regni
892 2333 1071 2405 inpartibus
1089 2334 1302 2390 transmarinis.
1339 2323 1419 2390 Sue·

363 2426 452 2513 oepit
489 2422 590 2488 etiam
627 2416 716 2482 idem
761 2412 959 2479 Eustachius
996 2412 1154 2479 ducatum
1197 2412 1422 2494 Nor-mannia,

364 2529 506 2613 indeque
545 2521 616 2609 regi
654 2517 802 2584 Franoiae
840 2515 919 2582 fecit
955 2513 1154 2601 homagium.
1200 2525 1325 2597 Eclipsis
1352 2528 1423 2585 solis

365 2634 444 2689 facta
479 2634 523 2685 est
556 2626 633 2682 circa
662 2621 764 2677 horam
798 2619 916 2676 tertiam
945 2616 987 2672 xi⁰
1024 2617 1162 2674 kalendas
1199 2618 1314 2690 Aprilis
1351 2620 1424 2677 feria

366 2715 500 2773 secunda.
548 2710 627 2765 Ante
661 2713 849 2768 nativitatem
885 2709 1001 2766 Sanctae
1041 2710 1143 2765 Meriae
1182 2727 1278 2766 comes
1314 2712 1423 2768 Robor-
1436 2716 1592 2771 censiles

366 2814 414 2865 aa
444 2805 588 2862 racinse
618 2804 735 2861 euers
765 2803 891 2859 renem
921 2793 958 2858 in
980 2793 1175 2860 fortitudine
1197 2795 1293 2880 gnavi
1318 2783 1504 2861 uveralti&-

366 2903 487 2971 repente
524 2896 626 2952 urbem
667 2894 887 2965 snotingeham
924 2900 953 2950 et
984 2895 1089 2953 bellico
1124 2902 1264 2967 apparatu
1300 2867 1461 2952 vacuamp'
1475 2855 1531 2902 ⁶⁷⁵⁴

366 2986 516 3059 reperiens
546 2983 635 3055 coepit
665 2996 737 3040 eam
770 2986 895 3047 vastare,
922 2979 1035 3036 civibus
1064 2974 1193 3045 undique
1222 2979 1259 3035 ad
1290 2983 1426 3039 ecclcsiae

367 3071 558 3145 fngientibus.
611 3062 759 3143 Quorum
804 3058 939 3146 plurimi
977 3055 1076 3143 eapti,
1116 3054 1220 3141 aliqui
1258 3061 1425 3141 trucidati,

367 3165 479 3253 plures
501 3167 613 3227 autem
637 3163 673 3227 in
705 3163 786 3249 ipsis
818 3160 961 3227 ecelesiis
981 3157 1179 3226 concremati
1210 3166 1298 3226 sunt.
1342 3170 1425 3227 Unus

368 3258 515 3321 euteme
538 3251 667 3330 civibus,
693 3262 745 3333 qui
763 3250 864 3316 ditior
898 3248 1083 3328 videbatur,
1105 3252 1237 3312 strictim
1271 3250 1425 3317 detentus

369 3350 408 3407 ed
433 3347 554 3404 domum
581 3364 664 3404 suam
688 3347 794 3404 ductus
812 3353 866 3414 est,
885 3352 916 3403 et
938 3349 1093 3419 pecuniam
1111 3365 1194 3405 snam
1211 3341 1426 3424 persecutori·

369 3431 433 3496 bue
461 3423 598 3505 proferre
633 3441 749 3493 coactns
778 3432 836 3492 est.
872 3437 916 3491 At
943 3436 994 3492 ille
1024 3437 1056 3492 in
1085 3436 1306 3493 subterraneum
1341 3456 1428 3494 snum

371 3524 522 3601 predones
547 3515 680 3589 adduxit,
699 3536 737 3581 eo
761 3516 850 3602 quod
872 3515 919 3581 ibi
944 3536 1065 3581 omnem
1082 3515 1323 3596 suppellectilem
1341 3540 1428 3582 suam

370 3599 751 3693 reposuisse-fatebatur.
797 3613 862 3668 Illis
885 3612 986 3684 itaque
1010 3613 1089 3670 cirea
1111 3612 1305 3684 direptionem
1328 3632 1428 3670 rerum
1514 3680 1517 3685 ⁴

203 3701 346 3797 {wamy
371 3696 480 3763 hostiis
492 3714 523 3758 et
540 3695 615 3759 seris
633 3694 806 3774 frangendis
826 3701 958 3767 intentis,
978 3701 1031 3757 ille
1055 3701 1162 3758 callide
1189 3703 1313 3774 elapsus,
1333 3721 1428 3760 esme-

204 3764 279 3848 idffie
346 3761 421 3850 eras
439 3799 469 3851 et
486 3794 584 3851 sulem
602 3807 736 3862 egressus
754 3789 814 3860 est,
837 3787 871 3847 et
893 3788 989 3844 hostie
1006 3787 1104 3844 omnis
1120 3794 1187 3860 post
1204 3806 1235 3844 se
1253 3782 1430 3868 diligenter

202 3857 307 3908 eepcure.
373 3882 509 3940 firmavit.
552 3870 682 3937 Deinde
708 3879 846 3952 imposito
871 3879 950 3950 igne,
968 3877 1069 3934 domos
1093 3882 1124 3933 et
1150 3879 1251 3936 omnin
1273 3893 1348 3957 quae
1370 3871 1428 3939 ha·

373 3962 448 4028 buit
465 3988 533 4026 cnm
556 3969 629 4042 ipsis
654 3966 839 4041 predonibus
864 3964 1000 4022 incendio
1023 3964 1155 4022 tradidit.
1193 3966 1306 4024 Ferunt
1332 3976 1430 4029 eutem

372 4058 498 4131 amplias
524 4074 612 4128 qnam
637 4058 714 4112 ma
740 4046 788 4112 ibi
806 4055 971 4112 combustos
988 4066 1066 4122 esse,
1089 4049 1188 4112 etex
1210 4046 1273 4115 hoo
1295 4055 1431 4113 incendio

372 4154 470 4204 totam
508 4137 680 4204 civitatem
717 4157 787 4202 esse
824 4145 1016 4201 combustam.
1061 4134 1153 4200 Dum
1191 4135 1262 4204 haee
1299 4143 1334 4203 et
1377 4137 1431 4203 his

374 4226 498 4292 similia
527 4226 625 4292 modo
651 4221 854 4292 miserabili³
885 4229 1077 4310 gererentur
1110 4225 1147 4289 in
1168 4224 1300 4314 Anglia
1323 4248 1431 4294 comes

413 4518 577 4570 ¹Helicruem
596 4555 602 4568 .
621 4555 628 4568 .
647 4556 653 4568 .
671 4517 815 4584 Eetioneia]
829 4516 884 4567 nli-
927 4516 1011 4569 tildaz·
1029 4519 1151 4585 probably
1174 4520 1285 4573 Geram
1312 4521 1433 4573 confused

380 4615 465 4652 msera
483 4636 490 4649 .
509 4635 515 4649 .
534 4635 541 4648 .
558 4598 679 4660 Ellendt,
691 4597 721 4650 C.
927 4597 971 4648 the
982 4606 1035 4647 two
1046 4613 1149 4663 queens.

414 4676 560 4744 'Adeliza]
591 4677 666 4728 More
688 4677 807 4743 properly
827 4677 883 4728 Ma·
959 4674 1132 4745 ‘mamaeam
1146 4679 1292 4740 amssa
1310 4680 1360 4731 ins.
1373 4679 1403 4732 c.
