3628 5728
744 883 855 933 orsas
877 882 1067 931 mammes.
1357 867 1420 932 491

373 1073 393 1101 “
414 1069 578 1128 cantuaria
606 1072 731 1126 salutem
755 1072 792 1127 ab
820 1070 947 1125 Auctore
976 1071 1087 1125 salutis.
1136 1070 1261 1145 Noverit
1284 1069 1424 1124 sanctitas
1453 1084 1508 1128 sm.
1517 1086 1574 1127 1191.

374 1160 394 1182 ‘⁴
414 1161 512 1211 vestra
529 1173 582 1210 nos
596 1155 634 1210 ad
650 1155 749 1210 sedam
765 1155 954 1227 apostolicam
970 1154 1140 1225 appellasse,
1157 1172 1194 1207 ne
1210 1153 1424 1224 wigorniensis
1474 1137 1557 1187 ΔΜ

375 1241 394 1264 “
414 1239 524 1295 electus
539 1238 611 1294 alias
627 1256 714 1310 quam
730 1238 760 1292 in
777 1238 900 1294 eeclesia
920 1236 1130 1301 Oantuariensi,
1157 1238 1233 1292 sicut
1256 1237 1345 1292 moris
1369 1245 1422 1301 est,

374 1323 394 1348 “
413 1329 606 1387 cousecratur,
630 1331 660 1377 et
677 1340 714 1376 ne
733 1322 798 1392 quis
820 1328 962 1386 vestrum,
986 1322 1037 1392 qui
1060 1321 1268 1392 indempnitati
1294 1322 1424 1377 ecclesias

372 1405 630 1461 “cantuariensis
655 1405 772 1461 vinculo
791 1404 979 1476 professionis
1000 1405 1152 1477 providere
1176 1406 1325 1471 tenemini,
1353 1406 1424 1460 alias

370 1491 390 1515 ‘¹
409 1506 497 1560 quam
513 1488 544 1544 in
566 1489 667 1544 eadem
687 1489 809 1545 eeclesia
833 1488 897 1561 ejus
921 1488 1129 1545 consecrationi
1154 1489 1293 1544 interesse
1317 1508 1425 1561 prasu-

371 1574 390 1598 “
409 1578 481 1628 mat.
516 1573 653 1630 Valete.'’

416 1655 499 1723 Haec
531 1657 704 1722 audientes
735 1657 879 1744 episcopi
914 1656 971 1742 qui
1006 1662 1237 1735 convenerant,
1260 1678 1328 1721 una
1349 1677 1424 1721 cum
1437 1680 1569 1723 naasion

371 1759 480 1845 legato
502 1759 715 1825 conferebant
737 1759 773 1824 in
795 1782 899 1824 unum
923 1759 1003 1844 quid
1034 1758 1121 1824 facto
1144 1780 1226 1845 opus
1248 1765 1341 1824 esset
1388 1759 1425 1823 Si
1438 1729 1577 1824 lilim

372 1861 461 1926 enim
484 1861 521 1925 in
543 1862 845 1939 westmonasterio,
868 1867 909 1925 ut
931 1861 1085 1926 dominus
1107 1883 1195 1948 papa
1216 1868 1425 1948 praecepcrat,

372 1987 440 2030 non
470 1964 585 2031 fieret¹
616 1966 824 2043 consecratio,
847 1965 977 2051 legatus
1006 1964 1223 2050 apostolicum
1253 1986 1320 2030 non
1350 1988 1425 2030 exe·

373 2073 531 2152 queretur
552 2068 755 2133 mandatum.
803 2067 840 2132 Si
863 2088 942 2132 vero
965 2067 1087 2132 ibidem
1111 2067 1211 2143 fieret,
1235 2068 1333 2133 matri
1356 2089 1425 2133 suae

374 2167 606 2235 (lantuariensi
636 2169 778 2235 ecclesiae
809 2168 955 2234 debitam
986 2168 1211 2235 obedientiam
1233 2169 1427 2234 viderentur

374 2271 545 2358 abnegare.
600 2269 763 2336 Omnibus
799 2270 935 2335 tandem
969 2269 1096 2355 placuit
1130 2276 1169 2336 ut
1206 2270 1242 2335 in
1280 2293 1425 2336 mensem
1439 2292 1571 2337 racanas

375 2373 575 2441 consecratio
598 2372 794 2449 differretur,
809 2374 899 2458 apud
919 2371 1135 2438 cantuariam
1157 2374 1314 2439 iacienda.
1361 2375 1425 2439 Re-
1438 2344 1541 2447 ddddd.

375 2478 546 2564 cognitum
568 2482 620 2542 est
642 2476 765 2541 ibidem
799 2497 908 2540 eoram
941 2475 1051 2561 legato
1076 2475 1176 2540 simul
1200 2482 1234 2542 et
1255 2478 1424 2565 episcopis,
1439 2494 1569 2545 rassae

376 2580 563 2646 Roffensem
592 2580 781 2666 episcopum
804 2579 1053 2646 (lantuariensis
1084 2579 1226 2646 eeclesiae
1256 2582 1425 2668 proprium
1438 2545 1556 2646 ibides

375 2684 419 2750 ab
440 2684 579 2769 antiquo
601 2683 701 2747 fuisse
722 2680 937 2768 capellanum,
953 2703 1094 2767 eumque
1116 2688 1256 2748 vacante
1280 2683 1426 2749 Cantus·
1439 2646 1581 2790 ffiffitdln

376 2787 477 2851 riensi
500 2786 577 2851 sede
591 2784 634 2849 ad
649 2784 855 2850 vocationem
873 2788 1055 2850 conventus
1078 2784 1195 2850 debere
1212 2783 1426 2850 Cantuariam
1440 2796 1530 2842 cornea

376 2889 537 2966 accedere,
559 2888 678 2954 crisma
700 2885 865 2963 conficere,
890 2892 924 2950 et
946 2890 1064 2951 estem
1093 2887 1344 2953 sacramentalia
1365 2888 1427 2952 mi·

377 2993 527 3068 nistrare,
561 3010 703 3074 eumque
740 2988 776 3051 in
810 2987 963 3073 expensis
996 3008 1169 3073 procurare
1204 2989 1339 3054 deberet
1370 2989 1427 3075 qui

377 3093 695 3180 archiepiscopatum
725 3091 913 3156 custodiret
960 3089 1103 3156 Vivente
1133 3097 1245 3156 autem
1268 3092 1427 3179 archiepi-

378 3219 474 3285 scopo
496 3196 554 3260 sed
583 3194 720 3259 absente
743 3193 797 3258 vel
827 3198 1018 3280 aegrotante,
1041 3193 1085 3260 ad
1109 3195 1315 3260 vocationem
1342 3195 1429 3281 ejus·

378 3301 453 3367 dem
468 3297 568 3363 simul
584 3302 619 3361 et
632 3295 895 3382 procurationem
911 3295 1011 3360 debet
1025 3296 1184 3364 accedere.
1230 3298 1312 3364 Haec
1327 3298 1429 3364 michi

378 3401 437 3486 qui
466 3399 538 3465 haec
567 3398 674 3464 scribo
704 3397 890 3462 insinuavit
920 3398 1008 3462 idem
1039 3398 1228 3465 Gilebertus
1266 3400 1430 3466 Roffensis

379 3503 558 3588 episcopus,
580 3500 659 3565 huie
688 3498 881 3575 matriculae,
904 3505 943 3565 ut
966 3499 1066 3565 verbo
1096 3522 1156 3566 suo
1183 3507 1268 3579 utar,
1290 3503 1334 3567 ad
1356 3525 1429 3588 pre·

379 3628 432 3672 ces
469 3604 574 3691 ipsius
612 3602 795 3668 inserenda
851 3601 952 3668 Venit
990 3602 1094 3688 igitur
1132 3603 1348 3669 Cantuariam
1386 3605 1428 3670 ad
1441 3620 1599 3717 margar

379 3708 567 3795 proximum
590 3703 716 3770 Pascha
738 3725 759 3770 a
780 3710 948 3769 conventu
970 3707 1109 3769 vocatus
1138 3706 1226 3771 idem
1249 3707 1429 3793 episcopus,
1441 3723 1587 3817 31ng

379 3818 414 3878 et
435 3811 472 3876 in
495 3809 586 3876 curia
608 3807 837 3873 canonicorum
854 3805 970 3872 Sancti
986 3805 1136 3893 Gregorii
1158 3807 1346 3894 hospitatus
1369 3815 1429 3887 ess,
1470 3825 1551 3875 ,pm

379 3937 422 3981 ne
439 3914 608 3979 videretur
631 3910 860 3998 ignorantibus
883 3909 926 3974 ad
949 3931 1109 3996 expensas
1132 3910 1233 3977 fuisse
1255 3912 1428 3979 monacho·
1463 3877 1533 3919 aar.

380 4039 454 4082 rum
476 4016 505 4079 si
527 4016 563 4080 iu
585 4034 697 4078 eorum
721 4012 812 4077 curia
834 4010 973 4076 haberet
994 4010 1183 4097 hospitium.

425 4119 528 4184 ΙΙΙΙῒ0
549 4138 652 4183 nonas
668 4115 749 4181 Maii
763 4119 989 4181 convenerunt
1012 4114 1101 4200 apud
1124 4115 1337 4182 Cantuariam
1361 4118 1428 4204 epi·
1480 4138 1562 4192 mys

380 4224 469 4310 scopi
492 4223 544 4299 vi,
568 4220 723 4285 videlieet
745 4217 911 4282 Heliensis
942 4218 999 4303 qui
1030 4223 1065 4283 et
1094 4218 1223 4306 legatus
1246 4226 1281 4285 et
1303 4222 1428 4288 cancel·
1442 4196 1578 4302 dllldltl‘

380 4327 490 4404 larius,
513 4330 548 4390 et
578 4319 776 4387 Godefridus
798 4318 1038 4385 Wintoniensis
1068 4322 1247 4408 episcopus,
1275 4323 1428 4410 Reginal-
1442 4300 1594 4353 ΜΝ·

382 4428 468 4496 dus²
493 4425 734 4503 Bathoniensis‚
768 4423 953 4489 Seinlridus
978 4423 1216 4503 Oicestrensis,³
1242 4427 1430 4494 Gilebertus

384 4531 555 4608 Roffensis,
571 4535 606 4595 et
628 4528 683 4593 ille
706 4527 807 4613 Hugo
834 4526 1024 4593 Castrensis.
1071 4529 1118 4592 Hi
1141 4550 1216 4594 cum
1239 4530 1275 4594 in
1298 4533 1432 4599 ecclesia

419 4734 523 4803 rfimr]
537 4735 590 4796 flat,
603 4735 632 4786 C.
966 4733 976 4766 ³
990 4735 1165 4802 Cicestreasis]
1185 4736 1328 4803 episcopus,
1339 4738 1387 4791 ins.
1401 4738 1432 4792 C.

417 4814 607 4883 'Reqinuldaa]
621 4816 745 4881 Rogatus,
758 4817 788 4867 C·
