3666 5724
701 931 813 981 oenus
836 928 1028 981 msrourcs.
1315 918 1379 981 355

325 1116 455 1182 rediens
469 1094 604 1183 'institit
626 1116 782 1183 subtilius
806 1124 841 1184 et
863 1118 981 1197 acrius,
1005 1123 1044 1184 ut
1076 1117 1380 1204 compromitterent
1392 1103 1533 1201 pssgff'iflm

326 1217 362 1283 in
384 1220 525 1285 arbitros
552 1219 580 1284 si
617 1220 707 1306 prior
744 1221 954 1298 consentiret,
979 1224 1018 1286 ut
1049 1220 1103 1285 vel
1134 1219 1312 1285 monachos
1350 1219 1378 1283 si
1391 1218 1546 1321 ffiffitg

324 1343 393 1387 non
415 1321 639 1388 consentirent
660 1321 756 1407 quasi
779 1322 820 1387 de
843 1326 1036 1408 contemptu
1059 1342 1119 1387 suo
1141 1322 1260 1387 merito
1283 1325 1378 1386 nota·
1364 1319 1533 1413 -ξξιηῇξξξέῑ

322 1429 381 1500 ret,
404 1424 458 1488 vel
474 1424 615 1509 priorem
638 1445 666 1488 s1
656 1423 998 1489 consentientibus
988 1423 1068 1510 ipsis
1089 1424 1335 1500 contradiceret,
1357 1444 1378 1487 a
1390 1420 1524 1522 ”lssgss'thss

319 1547 421 1643 regno
444 1524 640 1591 excluderet.
686 1525 741 1589 Ad
767 1525 830 1590 hoc
853 1524 1014 1604 monachi,
1037 1525 1132 1590 brevi
1162 1526 1295 1611 quidem
1318 1525 1377 1589 sed

319 1628 441 1693 saniori
479 1628 531 1693 usi
576 1626 720 1704 consilio,
758 1628 893 1714 praecise
940 1627 1189 1714 responderunt,
1227 1649 1262 1692 se
1305 1626 1375 1692 sine

319 1730 496 1847 praesentia
510 1734 545 1795 et
555 1729 760 1795 conscientia
780 1730 898 1816 prioris
914 1729 967 1795 sui
989 1728 1094 1795 nichil
1119 1729 1254 1794 omnino
1268 1750 1376 1847 agere,
1388 1729 1549 1842 ξέιοιιωιιηὶ

319 1833 384 1898 nisi
406 1832 493 1899 forte
520 1832 673 1898 dominus
694 1832 957 1919 archiepiscopus
980 1833 1027 1897 eis
1057 1832 1170 1897 ablata
1192 1832 1303 1897 omnia
1326 1854 1375 1897 re·
1400 1796 1531 1850 ΜΨ

319 1934 457 2000 stituere
479 1934 687 2001 consentiret.
733 1935 937 2000 Asserehant
952 1940 1113 2021 praeterea
1128 1957 1163 2000 se
1181 1934 1258 2020 jure
1281 1956 1376 2021 posse

319 2036 516 2121 proditionis
538 2036 641 2122 argui,
664 2035 692 2099 si
715 2035 786 2101 sine
816 2036 933 2122 priore,
957 2036 1010 2101 cui
1042 2057 1179 2103 causam
1202 2036 1375 2102 commise-

320 2144 404 2216 rant,
439 2140 585 2225 aliquam
619 2137 743 2203 inirent
780 2137 1056 2224 compositionem

365 2240 438 2305 Rex
468 2261 545 2327 ergo
574 2240 618 2305 ad
648 2239 928 2326 archiepiscopum
951 2261 1125 2326 regressus,
1149 2241 1316 2306 videns
1289 2262 1375 2306 circa
1388 2244 1502 2296 'leklnss

320 2340 509 2427 hujusmodi
525 2340 669 2406 laborem
686 2341 792 2426 perire
807 2341 866 2405 et
857 2362 1047 2426 impensam,
1064 2342 1106 2406 ed
1123 2341 1189 2407 aha
1204 2342 1351 2407 animum
1362 2341 1374 2380 ¹
1387 2306 1495 2390 tullii?

1386 2396 1525 2449 arclshblsh

320 2444 485 2509 convertit
507 2449 542 2509 et
563 2465 608 2520 os,
631 2448 670 2506 ut
694 2441 850 2508 videlicet
872 2442 1024 2508 monachi
1054 2445 1204 2529 suspensi
1238 2449 1375 2532 possent
1387 2445 1486 2540 glggffl·
1478 2408 1546 2491 ⁸l¹0v

321 2545 533 2630 permissione
570 2543 805 2629 archicpiscopi
835 2543 951 2609 divina
981 2544 1151 2621 celebrare,
1184 2544 1373 2631 intelligens
1386 2547 1502 2641 ffldffw

321 2646 474 2711 sibinen
497 2645 661 2710 modicum
684 2666 753 2710 esse
768 2644 810 2709 ad
834 2644 1122 2723 detrimentums
1097 2667 1125 2709 si
1147 2650 1200 2710 tot
1222 2645 1253 2711 ei
1269 2667 1373 2712 sacer-
1386 2647 1540 2740 33³¹,th

321 2751 436 2815 dotum
452 2747 662 2814 subtraheret
649 2753 703 2812 tur
717 2748 919 2834 suffragium.
951 2747 1017 2828 Qui
1032 2748 1076 2813 ad
1091 2748 1373 2835 archiepiscopum
1386 2748 1479 2792 senice

320 2851 419 2943 simul
442 2857 477 2917 et
499 2850 674 2916 monachos
690 2850 836 2915 vicissim
852 2872 956 2936 usque
972 2851 1072 2917 tertio
1088 2850 1159 2914 iens
1179 2855 1214 2916 et
1236 2851 1373 2929 rediens,

321 2976 388 3019 non
410 2954 522 3041 potuit
537 2954 714 3040 impetrare
738 2958 779 3018 ut
799 2955 999 3020 sententiam
1027 2955 1250 3041 suspensionis
1274 2977 1373 3040 quam
1387 2943 1515 3047 fflffi„

320 3056 444 3121 tulerat
466 3055 638 3133 relaxaret,
654 3056 719 3119 nisi
709 3055 887 3121 monachi
902 3077 1010 3122 coram
1034 3056 1159 3123 clericis
1174 3057 1242 3121 suis
1266 3062 1300 3123 et
1315 3057 1375 3122 lai
1386 3046 1536 3140 lma?

321 3158 367 3223 cis
389 3158 625 3235 satisfacerent,
642 3158 727 3222 vel
718 3180 756 3222 in
778 3157 925 3245 capitulo
956 3180 1068 3224 eornm
1100 3160 1162 3224 sub
1184 3161 1374 3225 testimonio
1387 3145 1531 3238 '¹¹¹⁸⁰„¹¹¹¹⁸

321 3260 420 3324 unius
443 3259 587 3346 episcopi
618 3265 652 3324 et
681 3258 850 3340 abbatum,
880 3260 1006 3326 scilicet
1036 3267 1076 3326 ut
1105 3265 1207 3327 testes
1238 3258 1465 3327 haberet
1387 3297 1513 3342 „mm

321 3365 435 3427 contra
465 3362 656 3428 innocentes
687 3367 722 3426 et
751 3361 932 3440 inmeritos,
964 3362 1053 3449 quod
1076 3364 1225 3450 suspensi
1256 3385 1375 3449 cogno-

321 3463 448 3527 vissent
477 3461 608 3550 culpam
647 3462 727 3526 dum
764 3462 926 3548 petissent
957 3465 1097 3530 veniam.
1159 3464 1232 3532 Hoc
1262 3466 1375 3550 itaque

321 3564 473 3631 monachi
495 3565 728 3650 intelligentes,
761 3564 917 3630 dicebant
939 3586 973 3629 se
996 3566 1040 3630 ad
1071 3587 1201 3631 omnem
1225 3566 1375 3633 satisfac·

321 3668 447 3732 tionem
470 3688 539 3732 esse
562 3670 703 3753 paratos,
726 3665 907 3732 secundum
937 3665 1084 3752 regulam
1108 3671 1143 3732 et
1165 3668 1374 3733 consuetudi·
1388 3682 1529 3728 chemmin

321 3791 398 3834 nem
421 3768 563 3833 ecclesiae
594 3790 670 3846 suae,
702 3766 749 3833 sic
771 3774 883 3833 tamen
914 3773 953 3833 ut
979 3773 1157 3833 extraneus
1179 3769 1221 3834 ad
1252 3776 1376 3836 secreta
1387 3734 1535 3828 {pmcn

323 3868 462 3956 capituli
500 3890 568 3933 non
606 3868 847 3934 admitteretur
893 3868 958 3934 His
995 3890 1072 3955 ergo
1111 3870 1147 3933 in
1176 3869 1238 3936 hoc
1274 3834 1446 3936 verbnm

325 3971 586 4058 persistentibus,
611 3977 645 4036 et
667 3970 946 4057 archiepiscopo
937 3992 974 4034 m
995 3972 1163 4058 proposito
1193 3993 1252 4037 suo
1275 3973 1376 4058 perti-

326 4073 453 4139 naciter
474 4071 683 4159 perdurante,
705 4093 740 4136 re
763 4077 1018 4159 propterquam
1041 4080 1263 4139 convenerant
1285 4074 1377 4160 peni-

326 4182 381 4240 tus
411 4174 544 4251 infecta,
576 4180 779 4240 recesserunt
808 4174 1004 4252 abinvicem,
1035 4179 1070 4239 et
1100 4175 1279 4241 Devoriam
1311 4197 1532 4243 unememcm-

325 4299 400 4343 cum
424 4298 499 4362 rege
522 4276 699 4342 convolant
721 4297 841 4341 omnes.
887 4275 1160 4394 Archiepiscopus
1183 4248 1522 4354 tamen,m-l¹1l¹'‘⁰⁸¹'

324 4385 458 4464 tequam
494 4378 685 4455 discederet,
715 4378 947 4464 generalem
938 4400 974 4442 ιιι
1004 4379 1149 4465 capitulo
1172 4379 1252 4445 fecit
1281 4379 1374 4445 abso

326 4479 496 4555 lotionem,
528 4486 562 4544 et
592 4478 628 4542 in
659 4478 794 4544 ecclesia
825 4480 1005 4545 conventui
1036 4479 1162 4545 cineres
1192 4479 1311 4567 posuit,
1342 4489 1378 4545 et

326 4582 461 4667 accepit,
485 4586 521 4647 et
542 4581 682 4647 recessit.

700 4834 708 4868 ¹
720 4835 839 4905 ammam]
857 4834 977 4897 animam,
989 4837 1019 4886 C.

1176 4920 1240 4982 ιι
