3662 5728
717 869 831 919 orans
852 871 1044 921 nmromcs.
1346 832 1409 921 145

359 1033 469 1122 sedem
498 1057 711 1143 apostolicam
733 1058 921 1146 appellavit.
968 1058 1035 1125 Sed
1056 1058 1327 1147 archiepiscopus,
1350 1080 1411 1125 suo
1441 1072 1496 1117 u>-
1503 1074 1561 1116 ¹1⁵⁰·

358 1159 596 1225 excandescens
627 1161 763 1247 impetu,
786 1162 868 1227 adeo
894 1162 1093 1249 contempsit
1125 1162 1351 1250 appellantem
1376 1168 1412 1227 et
1424 1129 1563 1233 ”mengun

358 1283 435 1327 eum
457 1263 500 1327 ad
523 1284 620 1349 quem
650 1264 854 1350 appellatum
884 1269 943 1344 est,
966 1271 1006 1330 ut
1037 1271 1238 1331 conventum
1274 1265 1411 1331 canibus
1424 1232 1522 1342 iid'tss

358 1371 570 1451 compararet,
594 1371 629 1431 et
657 1387 758 1452 equos
788 1366 906 1453 prioris
929 1366 1092 1433 violenter
1121 1373 1262 1453 raperet,
1288 1367 1412 1453 januas
1424 1331 1565 1479 ffip

359 1467 458 1533 curiae
488 1467 721 1533 monachorum
752 1469 926 1547 clauderet,
949 1474 984 1535 et
1013 1475 1157 1536 armatos
1180 1470 1331 1536 custodes
1354 1491 1413 1556 ap·

358 1573 503 1655 poneret,
518 1569 671 1635 divinum
690 1571 727 1635 in
742 1570 877 1638 ecclesia
891 1571 1065 1637 servitium
1079 1593 1138 1657 per
1151 1593 1288 1637 manum
1303 1571 1412 1638 clerici

359 1671 577 1751 interdiceret,
600 1673 776 1740 monachos
799 1674 880 1740 duos
902 1674 1157 1762 appellationem
1180 1679 1412 1760 prosequentes

359 1773 578 1860 interciperet,
601 1781 715 1861 captos
735 1777 959 1854 incarceraret,
980 1776 1103 1862 scripta
1125 1782 1160 1842 et
1182 1775 1357 1863 privilegia
1379 1778 1414 1842 et

360 1897 520 1962 expensas
550 1877 673 1943 eisdem
702 1877 854 1944 auferret
901 1878 1141 1945 confluxerant
1161 1879 1206 1945 ad
1227 1877 1291 1945 hoe
1322 1898 1414 1964 spec·

360 1978 508 2044 taculum
531 1980 594 2044 viri
617 1980 760 2067 religiosi
783 1986 970 2068 satagentes
992 2003 1179 2068 aerumpnas
1203 1982 1316 2048 ovium
1338 2002 1412 2067 pro·

360 2079 490 2165 pellere,
505 2086 540 2146 et
554 2074 695 2167 pastoris
717 2083 881 2149 saevitiam
896 2083 951 2149 vel
973 2084 1199 2170 specietenus
1221 2090 1411 2171 temperare.

360 2180 484 2247 Tenuit
497 2183 586 2248 enim
602 2190 785 2250 conventus
807 2185 949 2270 pastoris
960 2186 1024 2250 'sni
1046 2187 1295 2271 suspensionem
1311 2184 1412 2251 etiam
1428 2212 1537 2257 miens

361 2291 437 2371 post
458 2286 712 2372 appellationem
739 2287 850 2354 decem
873 2293 908 2354 et
930 2294 1004 2356 octo
1027 2288 1151 2366 diebus,
1175 2289 1263 2355 unde
1287 2293 1322 2354 et
1344 2289 1414 2375 ipse
1426 2263 1533 2360 iiiiinc

361 2387 623 2474 archiepiscopus
638 2410 712 2454 cum
728 2390 796 2454 suis
810 2411 882 2455 sero
897 2390 1063 2477 poenitens
1074 2390 1172 2457 valde
1187 2390 1341 2457 munaus
1355 2395 1414 2457 est.

362 2488 555 2556 Conventus
570 2495 682 2557 autem
700 2491 865 2576 jocundus
880 2491 1055 2558 exultabat
1069 2492 1106 2557 in
1120 2492 1273 2570 Domino,
1289 2491 1414 2557 malens

361 2591 474 2656 omnia
495 2592 605 2658 subire
626 2593 772 2680 pericula
793 2615 893 2680 quam
908 2593 1050 2661 ecclesias
1073 2615 1142 2660 suae
1164 2594 1330 2680 patienter
1344 2600 1414 2659 tam

363 2694 510 2759 enormia
532 2695 674 2782 dampna
697 2696 867 2762 sustinere.
914 2696 1184 2764 Discurrentibus
1205 2701 1318 2762 autem
1333 2695 1415 2761 viris
1427 2726 1541 2785 semor

363 2795 524 2885 religiosis
555 2797 643 2863 inter
675 2798 957 2884 archiepiscopum
988 2803 1024 2864 et
1045 2803 1255 2874 conventum,
1278 2797 1321 2861 ad
1351 2796 1414 2862 boc
1427 2777 1569 2880 ffilfflssa

364 2900 499 2965 tandem
536 2905 733 2986 perventum
770 2904 831 2978 est,
860 2905 900 2966 ut
936 2899 1199 2987 archiepiscopus
1235 2898 1414 2967 conventui
1427 2891 1465 2924 ⁰³*

364 3002 481 3068 saltem
519 3008 716 3068 extenuatos
760 3003 911 3069 redderet
951 3002 1177 3090 possessiones,
1215 3001 1415 3067 sententiam

364 3105 587 3192 suspensionis
608 3105 781 3185 relaxaret,
804 3110 1004 3172 conventum
1027 3105 1201 3193 diligeret3
1234 3110 1416 3171 conventus

363 3229 441 3273 vero
464 3207 678 3295 appellationi
711 3210 925 3287 renuntiaret,
948 3215 983 3276 et
1006 3209 1151 3276 debitam
1182 3208 1270 3295 patri
1300 3229 1360 3274 suo
1383 3212 1418 3272 et

363 3312 487 3396 pastori
519 3312 737 3377 reverentiam
772 3311 951 3391 exhiberet,
974 3316 1010 3378 et
1042 3317 1082 3377 ut
1113 3311 1252 3397 injurias
1274 3310 1417 3376 invicem

362 3413 473 3480 illatas
495 3418 663 3501 perpetuae
677 3415 908 3481 contraderent
929 3414 1098 3481 oblivioni.
1133 3413 1231 3495 Quod
1245 3419 1281 3479 et
1293 3412 1418 3480 factum

364 3516 473 3582 estin
496 3523 598 3603 parte.
643 3517 916 3605 Archiepiscopus
938 3524 1059 3596 autem,
1075 3517 1219 3582 sentiens
1242 3515 1418 3582 monachos
1430 3543 1552 3587 memu-

363 3618 579 3704 appellationi
601 3640 670 3684 suae
692 3619 905 3697 renuntiasse,
935 3617 1033 3684 villas
1056 3617 1190 3703 quidem
1212 3622 1247 3682 et
1268 3593 1576 3704 redditmlllffl?

364 3721 411 3786 cis
434 3720 589 3800 restituit,
616 3721 767 3788 ecclesias
789 3743 868 3787 vero
891 3720 1048 3786 villarum
1071 3720 1218 3806 ipsarum
1241 3723 1276 3784 et
1299 3718 1418 3784 exenia
1428 3694 1547 3790 iiiiii*

365 3846 439 3910 quae
462 3825 560 3890 certis
575 3825 863 3912 solempnitatibus
885 3824 1125 3912 proveniebant
1139 3823 1288 3900 retinuit,
1299 3823 1417 3908 jurans

365 3925 400 3990 in
422 3932 546 3993 secreto
561 3927 649 4013 quod
672 3949 844 4014 nunquam
866 3927 998 4014 plenam
1020 3924 1169 3990 habituri
1192 3929 1302 3989 essent
1322 3924 1418 3988 resti·

363 4029 536 4106 tutionem,
559 4029 626 4094 nisi
658 4029 748 4115 prior
781 4035 898 4116 sponte
920 4049 982 4093 sua
1012 4027 1195 4114 prioratum
1218 4026 1419 4112 resignaret;

363 4151 479 4196 verum
509 4132 538 4196 si
568 4131 612 4197 ad
642 4130 844 4197 humilitatis
886 4129 1075 4215 exemplum
1113 4129 1157 4195 ob
1197 4126 1417 4193 reverentiam
1430 4148 1551 4203 mopsos

363 4235 598 4321 archiepiscopi
621 4234 804 4320 prioratum
837 4232 1028 4309 dimitteret,
1054 4237 1088 4296 et
1118 4230 1225 4295 eidem
1256 4228 1293 4292 in
1324 4227 1417 4293 brevi
1429 4199 1560 4312 litt-1⁸¹⁰

363 4336 547 4422 prioratum
589 4357 632 4400 ex
676 4334 812 4401 consilio
863 4333 1005 4399 fratum
1050 4332 1249 4408 restitueret,
1284 4336 1319 4395 et
1349 4350 1417 4394 om·
1429 4299 1554 4395 wsb
1554 4311 1577 4350 ¹¹¹

363 4438 463 4503 nibus
495 4437 614 4503 deinde
648 4442 824 4523 paternum
856 4435 1030 4502 exhiberet
1062 4433 1226 4499 affectum.
1283 4401 1540 4497 Assera-¹⁰⁰⁰*

363 4541 447 4606 baut
468 4539 557 4605 idem
579 4538 645 4605 fide
677 4539 881 4625 interposita,
903 4537 1025 4602 summi
1047 4535 1226 4603 consiliarii
1257 4533 1418 4621 archiepi-

363 4642 453 4730 scopi
476 4643 623 4709 dicentes
638 4646 673 4708 et
694 4643 889 4729 pejerantes,
912 4639 1193 4727 archiepiscopum
1207 4636 1312 4703 nichil
1326 4636 1418 4703 aliud

452 4743 520 4788 Att-
1257 4756 1284 4805 Κ
