3588 5740
435 887 500 952 554
634 899 797 951 suavssn
818 900 979 953 nossem
1001 901 1275 954 ousuuaamsrs

282 1095 406 1193 situas.
436 1087 781 1145 “excommunicationis
806 1088 855 1147 vel
871 1087 1023 1146 interdicti
1049 1106 1122 1162 quas
1138 1090 1171 1147 in
1188 1089 1332 1164 quosdam
1355 1090 1486 1164 ipsorum

317 1152 416 1257 Ἃ
436 1173 456 1201 “
474 1172 599 1229 fratrum
628 1172 734 1230 diceris
757 1178 867 1230 temere
896 1174 1110 1247 promulgasse,
1134 1173 1252 1248 publice
1281 1174 1399 1232 nunties
1427 1192 1486 1231 non

265 1211 454 1361 ffiffif
471 1263 635 1357 tener-epae
651 1258 688 1315 de
706 1263 810 1315 cetero
834 1257 1046 1358 circanstatum
1070 1260 1163 1358 ipsius
1188 1260 1361 1359 monasterii
1386 1264 1487 1316 conus

435 1343 456 1372 “
474 1344 699 1417 proh1b1t10nem
723 1349 853 1399 noscam
876 1344 962 1415 halus
986 1362 1135 1401 occasione
1158 1350 1271 1418 negotu
1293 1362 1354 1401 non
1376 1361 1487 1417 praesu

436 1426 456 1455 “
474 1445 539 1484 mas
557 1427 670 1500 aliquid
687 1427 843 1489 innovare;
869 1426 990 1484 illicitos
1016 1428 1165 1485 invasores
1183 1429 1332 1493 villarum,
1348 1428 1487 1500 possessi-

437 1512 457 1540 “
476 1529 575 1578 onum,
588 1511 757 1567 reddituum
775 1528 890 1582 quoque
908 1511 1041 1583 ipsorum
1058 1512 1185 1568 fratrum
1202 1530 1294 1585 usqne
1305 1512 1344 1568 ad
1355 1513 1486 1568 satisfac·

435 1596 456 1624 “
474 1595 586 1651 tionem
609 1595 743 1651 idoneam
760 1594 879 1651 vinoqu
904 1595 1213 1651 excommunicationis
1237 1595 1415 1669 astringam.
1452 1593 1487 1651 Si

435 1680 456 1708 “
473 1697 553 1747 vero,
567 1680 646 1753 quod
655 1697 715 1735 nou
733 1678 893 1744 credimus,
905 1678 1079 1735 mandatnm
1096 1684 1229 1735 nostrum
1246 1680 1325 1737 infra
1342 1682 1486 1737 statutum

435 1765 454 1793 ‘⁴
472 1766 632 1822 terminum
649 1764 814 1835 neglexeris
839 1765 887 1820 vei
911 1763 1063 1821 distuleris
1089 1764 1261 1838 adimplere,
1280 1767 1350 1839 qnia
1370 1766 1486 1838 justum

433 1852 453 1878 “
472 1855 518 1905 est
534 1855 568 1905 ut
585 1849 613 1904 ei
631 1848 796 1904 obedientia
813 1847 1002 1904 subtrahatur
1019 1847 1070 1921 qui
1095 1849 1159 1905 sedi
1177 1849 1343 1922 apostolicas
1367 1851 1485 1924 neglex-

432 1936 452 1963 “
471 1935 529 1990 erit
546 1933 672 2000 obedire,
690 1931 907 1989 venerabilibus
925 1932 1066 1989 fratribus
1083 1933 1191 1989 nostris
1209 1933 1400 2007 suffraganeis
1424 1934 1485 1990 tuis

431 2018 451 2046 “
470 2017 650 2089 perscripta
666 2022 767 2073 nostra
784 2014 996 2082 mandavimus,
1015 2021 1050 2072 ut
1067 2016 1124 2072 tibi
1141 2018 1337 2074 reverentiam
1362 2024 1392 2075 et
1415 2018 1484 2074 obe·

433 2102 453 2129 “
472 2101 613 2157 dientiam
640 2118 697 2155 nou
721 2098 887 2173 inpendunt.
926 2099 1008 2170 Quod
1034 2099 1060 2156 si
1084 2101 1159 2157 forte
1184 2102 1222 2157 ab
1245 2101 1289 2157 eis
1311 2102 1484 2158 volcarum

433 2188 453 2216 ‘⁴
472 2186 570 2259 aliquo
599 2192 700 2241 contra
728 2183 956 2256 prohibitionem
984 2188 1116 2239 nostram
1141 2184 1199 2240 tibi
1222 2184 1328 2242 feceris
1354 2185 1484 2259 aliquam

433 2269 667 2325 “obedientiam
696 2272 727 2324 et
755 2266 952 2323 reverentiam
978 2268 1120 2336 exhiberi,
1148 2268 1224 2325 scias
1252 2274 1283 2325 te
1309 2274 1416 2325 extunc
1446 2269 1484 2325 ab

433 2352 632 2427 “episcopali
661 2351 806 2424 dignitate
833 2368 1019 2424 suspensum,
1045 2355 1076 2407 et
1099 2351 1215 2407 tamdiu
1243 2351 1301 2424 ipsi
1330 2354 1484 2409 sententias

433 2439 453 2466 “
471 2437 620 2510 subjacere
638 2436 730 2492 donee
748 2434 950 2491 satisfacturus
976 2434 1013 2490 de
1038 2439 1210 2508 contemptu
1234 2441 1335 2492 nostro
1359 2441 1390 2493 te
1416 2455 1484 2493 oon·

431 2524 451 2552 “
470 2523 584 2595 spectui
613 2526 813 2595 representes.
849 2520 919 2576 Non
947 2525 1046 2575 autem
1079 2518 1289 2592 distinguimus
1321 2525 1423 2577 utrum
1452 2522 1485 2578 in

430 2608 451 2635 “
470 2609 534 2663 loco
552 2624 570 2661 a
586 2604 849 2679 predecessoribus
875 2603 982 2685 nostris
1006 2602 1173 2670 interdicto,
1193 2622 1231 2659 an
1256 2605 1326 2672 alio,
1344 2605 1377 2660 in
1406 2624 1482 2677 proe·

430 2692 450 2722 “
469 2691 554 2747 dictoe
589 2689 707 2762 capelle
742 2686 958 2744 constmctione
993 2694 1023 2743 et
1057 2689 1263 2743 canonicorum
1299 2689 1483 2747 institutione

431 2777 451 2805 “
469 2774 654 2848 processeris,
673 2773 705 2828 in
723 2771 854 2828 eeclesias
873 2770 1093 2827 Cantuariensis
1110 2771 1314 2844 praejudicium
1331 2779 1361 2828 et
1381 2791 1482 2844 grava-

430 2863 451 2889 “
469 2878 546 2926 men,
567 2857 669 2915 eadem
687 2855 926 2913 contradictionis
944 2872 1031 2910 causa
1048 2854 1180 2922 durante,
1199 2856 1257 2910 nisi
1275 2856 1353 2928 quod
1373 2873 1409 2911 ex
1427 2858 1483 2913 hoo

429 2945 449 2973 “
467 2944 562 3015 magis
580 2942 726 2999 oredimus
744 2940 841 2996 eidem
865 2939 996 2994 ecclesia
1020 2937 1154 3010 derogari
1180 2938 1257 3012 quod
1273 2939 1306 2994 in
1331 2941 1482 2997 remotiori

430 3028 449 3053 “
467 3028 532 3083 loco
549 3026 661 3083 fabrica
677 3025 730 3079 illa
747 3029 794 3079 est
811 3022 960 3079 manslats.
998 3018 1106 3077 Da'tnm
1125 3022 1226 3078 Roma
1245 3022 1324 3094 apud
1341 3022 1482 3081 Sanctam

429 3113 449 3225 Σ
468 3111 599 3250 Fregit&
643 3107 709 3165 viis
745 3106 886 3163 kalendas
925 3105 1007 3171 Maii,
1045 3105 1232 3177 pontificatus
1271 3107 1367 3163 nostri
1405 3126 1482 3165 anno

258 3298 407 3403 ffiffi·
467 3213 678 3358 Iineundam
700 3288 836 3354 modum
865 3287 999 3374 scripsit
1027 3286 1181 3352 dominus
1212 3309 1299 3375 papa
1329 3290 1482 3357 omnibus

259 3401 407 3496 fflnffiavggr
426 3395 586 3483 episeopis
623 3392 755 3481 Angliae
793 3389 1040 3457 Cantuariensis
1077 3389 1221 3456 eeclesiae
1258 3391 1482 3480 suffraganeis.

257 3483 415 3607 ffigffffi·
426 3498 699 3585 Archiepiseopus
746 3491 884 3561 autem²
928 3492 1053 3558 indixit
1089 3492 1258 3558 monachis
1302 3497 1482 3562 terminum

425 3599 645 3689 respondendi
680 3597 801 3663 litteris
838 3596 963 3662 domini
997 3616 1092 3682 papae
1123 3594 1299 3662 Dominiea
1331 3599 1483 3684 proxima

425 3710 504 3772 ante
546 3704 668 3769 festum
707 3699 822 3766 Sancti
859 3698 1023 3764 Johannis
1061 3698 1231 3784 Baptistae,
1268 3699 1393 3766 scilicet
1429 3702 1483 3766 xi⁰

426 3807 586 3874 kalendas
617 3803 710 3882 Julii,
733 3802 823 3889 apud
858 3798 1082 3879 cantuariam,
1105 3800 1164 3866 ubi
1198 3801 1375 3868 sacrandus
1410 3810 1482 3870 erat

426 3905 629 3977 Gaufiidus²
651 3904 909 3973 Conventrensis
931 3903 1061 3969 electus.
1108 3903 1241 3969 Interea
1263 3904 1354 3970 misit
1375 3905 1483 3973 arehi-

426 4013 596 4101 episoopus
618 4008 754 4074 nuntios
776 4027 851 4072 suos
874 4010 909 4071 et
931 4005 1061 4071 litteras
1091 4005 1136 4071 ad
1167 4026 1280 4070 omnes
1313 4007 1481 4095 episcopos

426 4118 485 4204 qui
516 4122 598 4181 tune
626 4116 722 4178 erant
750 4111 787 4175 in
809 4109 932 4196 Anglia
961 4108 1016 4174 vel
1039 4107 1192 4187 sunna?
1213 4110 1308 4194 quasi
1337 4111 1374 4174 in
1403 4133 1481 4193 oon-

426 4219 598 4286 tumeliam
630 4213 864 4280 monachorum
896 4209 1194 4291 Oantuariensium,
1217 4211 1259 4277 de
1282 4214 1481 4300 supradietis

427 4319 665 4409 querimoniam
687 4316 817 4382 faciens.
864 4313 1041 4379 Mandavit
1074 4319 1115 4378 ut
1145 4334 1259 4379 omnes
1293 4315 1337 4380 ad
1369 4337 1481 4383 conse-

427 4425 606 4493 crationem
640 4418 783 4507 episcopi
818 4415 1033 4484 cantuariam
1064 4415 1226 4496 venirent,
1249 4421 1284 4482 et
1308 4417 1351 4484 de
1381 4439 1481 4488 eausa

693 4639 702 4672 ¹
714 4637 807 4705 autem]
823 4653 874 4687 orn.
886 4637 919 4686 B.

694 4718 706 4749 ²
717 4715 873 4783 Gaufiidas]
889 4714 1008 4780 Geoffrey
1018 4714 1178 4782 Moschamp.

691 4795 703 4830 ⁸
717 4793 836 4862 Gustu]
850 4794 955 4858 Gauiis,
965 4793 1000 4846 A.
1011 4793 1043 4846 Β.
