3662 5728
746 880 860 930 orans
881 880 1073 931 mammea
1368 867 1433 932 169
1490 948 1500 955 ⁸

374 1065 519 1151 episeopi
552 1063 750 1143 Oantuariae,
777 1084 846 1130 una
878 1086 954 1131 sum
988 1064 1091 1131 eleeto
1123 1064 1313 1143 Exoniensi‚
1336 1085 1435 1150 quam
1465 1081 1589 1126 anun.

375 1169 519 1234 aarum
541 1164 710 1233 walterus
732 1167 897 1233 asama
912 1167 1084 1254 epscopus
1106 1167 1150 1232 au
1171 1167 1277 1233 utare
1301 1166 1435 1244 caesai,
1448 1144 1571 1239 herr*

376 1270 455 1336 data
476 1270 679 1357 professione
710 1270 751 1336 de
785 1270 942 1336 esnonioa
973 1269 1175 1355 subjectione
1200 1268 1433 1337 cantuariensi
1448 1245 1600 1349 millies

377 1371 520 1439 eeclesiae
542 1377 578 1438 et
599 1371 844 1458 archiepiscopo
865 1371 979 1437 futuro
1010 1370 1219 1437 exhibenda.1
1266 1371 1348 1436 Erat
1378 1392 1436 1436 au·
1450 1346 1574 1392 ΗΜ·

378 1480 446 1539 tem
468 1472 521 1539 his
554 1473 670 1539 diebus
693 1473 835 1539 Thomas
859 1472 1109 1538 Cantuariensis
1131 1472 1381 1539 archidiaconus
1403 1477 1438 1537 et
1451 1481 1611 1576 gffiamtpgphgr

378 1575 465 1662 regis
487 1574 700 1642 eanoellarius
726 1575 763 1641 in
782 1575 907 1662 Anglia
939 1576 1199 1662 potentissimus,
1221 1575 1258 1639 in
1290 1575 1438 1640 omnium
1452 1583 1595 1629 omaus,

379 1678 481 1745 oeulis
513 1677 682 1765 gloriosus,
713 1678 877 1764 sapientia
909 1677 1095 1764 praeclarus,
1125 1676 1301 1743 nobilitate
1333 1676 1440 1743 cordis

379 1779 532 1846 omnibus
554 1779 767 1857 admirabilis,
789 1778 932 1845 inimicis
962 1785 997 1845 et
1019 1778 1148 1845 aemulis
1172 1779 1240 1843 suis
1274 1778 1440 1855 terribilis,

379 1887 497 1968 utpote
518 1881 606 1969 regis
627 1882 753 1947 amicus
775 1886 810 1947 et
839 1881 876 1946 in
898 1902 1000 1970 regno
1021 1881 1193 1960 secundus,
1216 1881 1275 1947 sed
1297 1887 1333 1949 et
1354 1881 1441 1969 regis

380 1989 487 2051 rector
510 1990 544 2050 et
566 1983 661 2070 quasi
683 1983 848 2071 magister.

770 2207 1047 2277 noma-IV.

212 2362 363 2414 neruum.
428 2351 502 2416 Rex
533 2350 698 2418 Henrious
729 2350 799 2415 suis
836 2360 1041 2417 trmsmsrinis
1078 2352 1259 2438 impeditus
1290 2353 1440 2440 negotiis,
1470 2369 1593 2415 annos

212 2429 370 2549 ξξζίἒιξίι
383 2452 612 2519 admirabilem
643 2451 765 2519 illum²
802 2451 962 2518 Thomam
994 2453 1225 2521 cancellarium
1259 2454 1296 2514 ad
1325 2463 1440 2535 expedi·
1453 2433 1611 2529 {affinga

212 2568 271 2614 ut.
384 2562 459 2619 ends
488 2564 572 2636 regni
601 2563 721 2635 negotis
757 2558 933 2620 transmisit
962 2562 995 2617 in
1023 2562 1166 2651 Anglism
1178 2579 1187 2636 ;
1230 2555 1293 2622 hac
1329 2534 1568 2621 “mensuruus

383 2656 492 2743 prima
506 2660 540 2721 et
562 2656 729 2742 praesipua
743 2655 929 2721 intentione
952 2660 992 2721 ut
1006 2656 1043 2721 in
1057 2657 1338 2744 arehiepiscopum
1355 2655 1442 2723 Oan-

383 2758 561 2824 tuariensis
593 2757 736 2825 eoelesiae
771 2757 955 2846 eligeretur.
1012 2758 1092 2825 Post
1125 2759 1298 2839 modicum,
1330 2780 1441 2825 mense
1454 2778 1586 2832 nunno

1453 2829 1532 2874 orders
1540 2831 1582 2874 the

382 2860 540 2927 videlieet
570 2860 668 2939 Maio,
700 2866 866 2926 venerumt
889 2859 1105 2928 Oantuariam
1138 2862 1250 2927 nuntii
1282 2884 1325 2927 ex
1346 2866 1441 2948 parte
1452 2880 1573 2975 ml}

283 2996 289 3003 ·
383 2967 418 3028 et
449 2968 614 3049 praecepto
637 2962 763 3028 domini
784 2963 881 3049 regis,
903 2964 1074 3050 episeopus
1103 2964 1229 3032 scilieet
1258 2963 1440 3030 Oioestren·
1453 2984 1550 3025 amoto

383 3064 437 3142 aa,
461 3064 634 3151 episcopus
656 3063 862 3142 exoniense,
887 3065 1058 3152 episeopus
1081 3066 1253 3144 neema,
1275 3066 1378 3131 sabas
1400 3031 1586 3178 elffii

383 3165 477 3232 aeuo
500 3172 535 3232 a
556 3166 660 3231 asur
680 3166 786 3253 ipsius
808 3166 969 3233 erasus
991 3168 1033 3233 aa
1059 3168 1150 3248 auci,
1172 3174 1343 3256 portenta
1365 3188 1440 3234 oon·
1454 3145 1493 3178 ”⁰
1562 3144 1599 3186 ⁰¹²·

384 3268 502 3334 ventui
525 3267 652 3333 domini
674 3268 761 3354 regis
783 3268 892 3354 apioes
914 3275 949 3335 et
971 3271 1175 3350 mandatum,
1193 3276 1234 3336 ut
1255 3271 1345 3358 prior
1367 3292 1443 3336 eum

384 3372 551 3459 aliquibus
574 3371 744 3438 monachis
766 3393 934 3438 unacum
956 3375 1116 3463 episeopis
1139 3381 1174 3442 et
1204 3376 1290 3442 clero
1311 3375 1443 3462 anglia

383 3476 475 3562 apud
497 3474 704 3541 Londoniam
737 3475 953 3542 convenirent
983 3477 1047 3542 sibi
1081 3478 1361 3565 arehiepiscopum
1392 3484 1442 3544 to-

384 3577 477 3663 tique
516 3575 634 3662 patriae
672 3575 847 3662 primatem
884 3577 1028 3644 electuri.
1085 3579 1160 3645 Hoc
1192 3580 1297 3666 igitur
1327 3580 1442 3645 audito

384 3679 511 3756 nuntio,
535 3678 743 3743 venerandus
769 3677 826 3744 ille
856 3677 1026 3745 Wibertus
1059 3680 1149 3767 prior
1181 3683 1360 3768 assumptis
1393 3703 1443 3747 se·

385 3802 459 3847 eum
491 3779 676 3847 senioribus
700 3779 948 3847 Cantuariensis
980 3782 1123 3850 eeclesiae
1155 3783 1324 3850 monachis
1356 3783 1443 3848 Lon·

385 3883 518 3949 doniam
541 3883 643 3960 venit,
666 3881 779 3968 ibique
802 3884 958 3969 praesules
980 3890 1015 3951 et
1040 3907 1189 3972 proceres
1210 3885 1342 3972 Angliae
1366 3908 1442 3952 eon-

418 4092 609 4144 ¹Escondieto
635 4092 888 4160 ....eoeliben‹la]
940 4095 984 4147 the
1004 4098 1088 4162 places
1098 4098 1182 4150 where
1202 4098 1242 4150 his
1261 4099 1442 4167 languagssp-

387 4189 438 4225 om.
451 4173 481 4225 O.
598 4234 605 4243 ,
940 4177 1097 4253 prorimates
1122 4186 1190 4229 most
1212 4179 1308 4244 closely
1330 4186 1358 4229 to
1379 4180 1442 4231 such

420 4250 525 4319 eruum]
539 4268 590 4304 om.
602 4253 634 4304 B.
669 4253 746 4304 From
756 4251 807 4304 this
818 4252 892 4318 point
940 4256 1010 4321 early
1033 4256 1189 4307 authorities.
1223 4258 1277 4308 But
1298 4273 1326 4308 aa
1348 4258 1381 4308 he
1404 4258 1443 4309 iu-

386 4331 626 4385 Gemseusedthe
637 4332 739 4383 llresoi
748 4332 892 4384 &ihomas
939 4335 1054 4402 variably
1074 4336 1158 4389 either
1176 4335 1295 4403 sbridges
1317 4351 1347 4387 or
1369 4353 1443 4402 para·

386 4410 422 4474 by
439 4409 549 4462 Herbert
564 4410 593 4461 of
608 4411 727 4472 Bosham,
738 4410 852 4464 wirham
866 4412 898 4462 of
938 4413 1052 4478 phrases,
1058 4416 1109 4465 und
1116 4416 1200 4482 rsrely
1206 4417 1360 4480 reprodnoes
1367 4424 1443 4468 exuet

388 4490 557 4556 Cantsrbury‚
578 4490 648 4540 Alan
666 4490 698 4541 of
709 4490 892 4556 Tewlresbury,
939 4493 1104 4558 expressions
1114 4494 1181 4545 from
1192 4496 1238 4546 the
1250 4496 1335 4547 vorke
1345 4498 1378 4547 he
1389 4513 1443 4547 was

386 4571 438 4621 sud
444 4569 516 4622 John
524 4569 555 4619 of
558 4568 688 4635 salisbury
697 4569 812 4630 3besides
820 4569 892 4621 other
937 4571 1020 4640 using,
1032 4572 1052 4625 it
1069 4573 1117 4624 has
1127 4575 1191 4625 been
1210 4574 1293 4626 found
1304 4577 1443 4643 extremely

389 4648 442 4699 still
453 4645 891 4715 extantmaterialsforhishistory
937 4651 1042 4704 difficult
1059 4660 1087 4705 to
1109 4654 1182 4704 mark
1201 4654 1246 4706 the
1268 4653 1444 4707 coincidenees
1508 4672 1511 4677 ·

388 4726 418 4776 ol
435 4728 479 4779 the
497 4727 657 4792 arehbishop.
690 4727 747 4779 'Ihe
766 4727 891 4794 marginal
936 4746 998 4797 very
1008 4732 1325 4798 exacuybysoifferenoe
1336 4734 1366 4785 ol
1374 4741 1443 4801 type.

388 4808 590 4862 referenceswill
608 4811 640 4862 be
651 4808 731 4863 found
741 4817 769 4863 to
780 4808 889 4863 indicate
