3572 5744
386 825 427 888 86
593 839 755 889 emussn
777 838 939 889 uourosr
962 841 1237 891 circummissis

388 1034 423 1093 et
452 1028 572 1094 docent
598 1029 741 1096 ecclesiae
770 1031 929 1117 magistri,
957 1031 1129 1097 sciliceta
1158 1031 1245 1097 malo
1275 1030 1439 1097 declinare

292 1144 336 1201 in.
389 1136 424 1196 et
445 1132 533 1197 bona
555 1132 668 1199 fecere.
720 1132 787 1198 Sed
808 1154 913 1219 genus
942 1134 1134 1212 humanum,
1157 1134 1288 1199 invidio
1317 1131 1441 1198 diaboli

390 1238 424 1299 et
446 1234 654 1320 suggestione
685 1235 721 1298 in
751 1235 859 1320 primo
889 1240 1026 1321 parente
1056 1236 1238 1313 seductum,
1260 1235 1440 1321 flagilitate

388 1336 521 1423 propriu
543 1343 743 1423 corruptum,
773 1337 938 1403 densitate
967 1338 1178 1405 tenebrarum
1203 1338 1322 1404 harum
1348 1337 1444 1402 invo-

389 1439 507 1515 lutum,
522 1439 756 1530 praedicatione
770 1444 841 1505 tum
857 1440 950 1505 brevi
973 1461 1034 1506 nec
1055 1441 1178 1507 amalo
1201 1441 1364 1508 declinam
1383 1459 1444 1505 nec

389 1541 514 1607 bonnm
540 1542 652 1627 potuit
676 1542 868 1608 desiderare.
915 1543 959 1608 Et
984 1545 1073 1629 quod
1097 1544 1256 1624 mirabile,
1281 1544 1382 1608 immo
1409 1548 1444 1607 et

390 1643 584 1721 miserabile,
608 1648 666 1722 est,
689 1665 750 1710 nec
772 1645 897 1711 malum
919 1666 940 1711 a
962 1646 1057 1728 bono,
1080 1667 1141 1713 nec
1166 1647 1291 1713 bonum
1314 1667 1334 1711 a
1356 1644 1443 1710 melo

391 1743 592 1831 adplenum
615 1745 727 1831 potuit
749 1745 939 1812 discernere.
987 1745 1221 1834 Opportunum
1252 1748 1356 1835 igitur
1377 1746 1444 1811 fuit

391 1846 553 1933 valdeque
576 1848 794 1913 necessarium
817 1855 857 1914 ut
879 1854 984 1914 tantae
1007 1855 1042 1914 et
1063 1855 1134 1916 tam
1149 1851 1336 1937 caliginose
1352 1856 1444 1915 tene·

392 1948 468 2016 bras
490 1950 688 2037 ignorantise
719 1950 862 2035 plurime
883 1950 1091 2017 illustrarent
1111 1951 1310 2018 luminaria.¹
1354 1950 1444 2016 Prae·

240 2088 255 2119 u
306 2090 344 2136 ³..
392 2059 560 2118 cesserunt
596 2053 710 2138 itaque
755 2052 995 2138 prohibitiones
1028 2061 1069 2119 ut
1107 2054 1235 2120 malum
1274 2052 1445 2139 quodlibet

235 2175 240 2185 ·
271 2137 319 2168 ¹⁰¹¹
337 2137 354 2168 ¹'
392 2154 573 2233 vitaretur;
604 2160 830 2223 successerunt
850 2155 1086 2241 preceptiones
1109 2161 1148 2221 ut
1170 2156 1293 2221 bonum
1316 2154 1445 2241 quodli-

221 2238 286 2321 ἕξω
302 2238 342 2321 “ii
392 2256 450 2321 bet
471 2256 619 2322 moribus
634 2261 670 2320 et
684 2255 756 2321 vite
779 2261 966 2338 teneretur3
988 2257 1141 2344 apposite
1154 2265 1235 2324 sunt
1256 2263 1444 2324 sanctorum

391 2364 524 2444 patrum
561 2358 703 2445 gloriosa
734 2360 893 2446 exempla,
918 2382 992 2445 quse
1024 2361 1060 2424 in
1091 2359 1239 2426 historiis
1271 2361 1444 2446 utriusque

391 2460 595 2526 Testamenti
615 2458 819 2546 amplissima
841 2467 876 2526 et
899 2461 1038 2527 dilatata
1060 2461 1242 2528 relatione²
1273 2462 1443 2529 continen-

391 2568 467 2628 tur:
507 2562 761 2648 “Quoscumque
795 2564 884 2628 enim
923 2565 1046 2651 scripte
1090 2572 1177 2643 sunt,
1216 2565 1259 2630 ad
1295 2571 1443 2630 nostram
1457 2586 1602 2640 somne:

392 2665 616 2732 “doctrinam
648 2665 771 2753 scripte
793 2665 899 2731 sunt.''
925 2714 928 2721 ·
955 2666 1043 2732 Sunt
1074 2673 1185 2733 autem
1208 2667 1443 2754 quamplurimi

390 2788 530 2852 quorum
553 2774 681 2834 mentes
704 2768 833 2833 facilius
867 2768 1072 2834 inclinantur
1102 2769 1146 2833 ed
1179 2769 1303 2835 melum
1333 2769 1444 2834 vitan-

390 2869 470 2933 dum
493 2870 548 2935 vel
570 2871 615 2935 ed
637 2871 760 2935 bonum
783 2869 970 2935 faciendum
994 2871 1154 2956 exemplis
1177 2893 1275 2957 quum
1298 2871 1444 2957 prohibi-

301 2989 346 3030 o'·
391 2972 539 3037 tionibus
561 2972 616 3036 vel
637 2972 818 3058 praeceptis.
865 2972 951 3037 Cum
974 2973 1062 3037 enim
1084 2973 1225 3060 alicujus
1246 2996 1379 3060 poensm
1402 2974 1445 3040 ob

268 3049 298 3129 ·⁰
333 3049 355 3080 ¹⁰
391 3070 620 3161 contemptum
642 3074 771 3140 illatum
793 3075 911 3160 legunt
934 3074 989 3139 vel
1011 3074 1163 3154 audiunt,
1186 3077 1305 3169 timore
1335 3077 1444 3142 territi

391 3175 479 3242 mela
502 3168 646 3263 fugiunt,
666 3198 708 3241 ne
732 3176 873 3241 similem
898 3177 1083 3243 sortiantur
1104 3178 1294 3245 vindictam.
1334 3178 1444 3245 Simili

390 3279 488 3344 modo
511 3300 586 3344 cum
609 3278 748 3364 alicujus
777 3278 916 3365 gloriam
943 3285 1077 3366 propter
1106 3301 1200 3345 suam
1223 3280 1444 3346 obedientiam

389 3381 507 3467 legrmt
532 3380 587 3445 vel
617 3380 767 3459 audiunt,
792 3379 832 3444 de
855 3380 944 3446 facili
975 3381 1104 3447 amalo
1126 3388 1324 3460 coercentur,
1351 3385 1444 3448 etin
1544 3466 1548 3475 ι

391 3483 486 3549 bonis
501 3483 653 3570 operibus
676 3483 838 3549 attentius
862 3489 897 3548 et
910 3483 1081 3549 ardentius
1104 3483 1317 3550 delectantur.
1357 3485 1445 3551 Sunt

390 3586 491 3652 etiam
514 3586 650 3672 plurimi
673 3586 755 3651 adeo
781 3607 840 3672 per
854 3585 1006 3672 exempla
1028 3591 1216 3652 sanctorum
1238 3586 1445 3667 inflammati,

390 3694 430 3753 ut
445 3710 466 3754 a
480 3687 543 3753 Dei
566 3688 743 3783 dilectione
763 3687 988 3772 bonorumque
1011 3708 1146 3773 operum
1169 3688 1362 3754 executione
1385 3711 1445 3757 nec

391 3791 563 3878 prosperis,
579 3813 640 3856 nec
662 3790 818 3868 adversis,
834 3810 894 3855 nec
917 3810 1090 3875 poenarum
1114 3791 1285 3877 sngrrstiis,
1301 3792 1359 3858 sed
1381 3813 1443 3859 nec

392 3895 508 3959 mortis
530 3890 777 3959 amaritudine³
798 3892 934 3958 valeant
949 3893 1096 3959 coerceri.
1144 3892 1232 3958 Sunt
1247 3915 1264 3958 e
1279 3896 1443 3960 contrario

393 3994 628 4081 quamplurimi
658 4015 798 4080 quorum
822 3993 975 4058 infinitus
997 4000 1048 4059 est
1070 4015 1234 4072 numerus,
1258 3995 1346 4081 quod
1368 4018 1444 4061 cum
1487 3994 1492 3999 ’

394 4099 503 4164 dolore
526 4103 561 4163 et
582 4097 710 4185 gemitu
733 4095 908 4163 dicendum
928 4100 987 4174 est,
1004 4097 1062 4182 qui
1084 4117 1144 4162 neo
1166 4097 1444 4184 prohibitionibus

393 4223 453 4268 nec
484 4201 666 4288 praeceptis,
690 4199 748 4265 sed
781 4220 841 4265 neo
863 4204 1052 4264 sanctorum
1078 4199 1238 4285 exemplis
1268 4206 1445 4287 patruma

394 4303 462 4368 suis
485 4302 632 4368 moribus
654 4301 803 4388 pessimis
826 4300 1025 4366 avelluntur.
1071 4301 1244 4368 Iactantur
1266 4303 1446 4369 enimcum

428 4555 656 4606 ¹Hocindicont.
684 4593 691 4606 .
722 4553 893 4620 dominum]
917 4554 920 4631 l
975 4553 1176 4619 latomorum
1194 4593 1199 4604 .
1219 4592 1224 4605 .
1244 4557 1442 4624 ‚mistim

394 4650 444 4686 om.
458 4635 488 4687 C.
918 4634 920 4673 l
942 4632 1034 4686 cmc.

427 4712 581 4779 'nuumJ
597 4712 710 4765 omnium
722 4714 774 4766 fare
790 4711 898 4764 volumi·

394 4792 522 4856 numius
535 4792 566 4844 0.
