3666 5724
418 847 483 913 eta
619 860 781 910 onnvasu
803 858 963 911 uouaonr
985 858 1259 910 caurumnusrs

267 1068 324 1117 ao
331 1062 426 1116 ιιιι.ί
429 1050 565 1138 ‘Super
594 1050 706 1117 omnia
740 1054 860 1136 gravat
896 1068 956 1114 nos
992 1066 1082 1115 nora
1109 1048 1169 1115 illa
1204 1048 1340 1116 ooolesia
1369 1066 1469 1134 quam

249 1123 428 1231 {must
430 1155 536 1219 vult
557 1153 726 1219 aedifieare.
773 1151 932 1217 Videmus
953 1151 1042 1217 enim
1064 1151 1101 1216 in
1122 1150 1185 1217 hoe
1205 1171 1303 1237 opere
1325 1151 1413 1236 quod
1435 1155 1470 1216 et

250 1235 366 1381 iffi}
347 1295 408 1380 i⁰¹¹'
420 1255 728 1344 “prudentioribus
750 1254 919 1342 probabile
941 1258 1001 1330 est,
1023 1258 1169 1319 nostram
1198 1253 1324 1325 scilieet
1345 1253 1470 1319 desola·

250 1338 339 1481 {piiss
340 1336 401 1433 she,
422 1359 595 1435 “tionem
619 1359 744 1425 ordinis
766 1358 1022 1434 subversionem,
1045 1357 1285 1443 possessionum
1308 1363 1343 1422 et
1364 1357 1474 1443 digni·

250 1438 351 1532 bibi*
423 1467 571 1528 “tatum
594 1462 691 1528 iatius
721 1461 865 1528 eeclesiae
895 1459 1157 1526 diminutionem
1205 1459 1302 1542 Quod
1331 1482 1375 1525 ex
1401 1482 1474 1526 ver·

423 1573 439 1598 “
462 1564 545 1630 bis
536 1564 640 1651 rpsius
669 1562 905 1650 ambiepisoopi
928 1583 1002 1649 quae
1031 1562 1133 1648 priori
1156 1567 1269 1628 nostro
1291 1563 1388 1640 dixit,
1410 1564 1474 1628 etsi

422 1674 438 1700 ‘¹
460 1687 528 1732 non
558 1666 702 1743 aliunde,
727 1667 879 1752 poteritis
901 1663 1109 1751 perpendere.
1155 1663 1217 1730 Ait
1239 1664 1336 1742 enim,
1353 1664 1473 1744 ‘Prior,

422 1777 438 1804 “
462 1768 584 1856 ‘priom
613 1768 685 1835 baso
722 1773 774 1834 est
817 1767 953 1834 eeclesia
972 1765 1226 1832 cantuariensis
1256 1788 1358 1852 quam
1395 1766 1471 1834 volo

421 1879 470 1906 ⁴“
485 1870 607 1937 faeere?
653 1869 784 1935 Diffusa
813 1870 916 1956 igitur
938 1868 1164 1954 hujusoomodi
1194 1869 1291 1946 fama,
1313 1869 1473 1955 eompulsl

250 1972 298 2016 ΨΜ
250 1972 439 2067 fflffi“
462 1994 575 2038 sumus
612 1971 824 2059 apostolicam
864 1971 1030 2059 appellare
1072 1972 1289 2058 praesentiam.
1336 1971 1473 2036 Denun-

250 2035 399 2175 {idianis
423 2090 440 2115 “
462 2081 547 2145 tiata
569 2080 599 2145 ei
622 2079 801 2166 appellatio
823 2078 888 2143 vii⁰
911 2078 986 2143 idus
1001 2077 1191 2145 Decembris
1212 2078 1301 2165 apud
1325 2078 1457 2166 Gilinge

421 2182 537 2248 “ham
560 2203 619 2267 per
641 2187 708 2248 tres
737 2182 857 2248 fratres
878 2186 1007 2246 nostrus
1036 2180 1146 2247 viroe¹
1168 2181 1316 2268 probate
1341 2181 1471 2268 religio·

420 2294 437 2319 “
460 2286 619 2362 niseum
645 2285 689 2350 ad
718 2302 794 2350 suos
816 2282 1093 2349 introduoendos²
1122 2284 1294 2350 oenoniooe
1325 2283 1471 2350 Cantua-

421 2397 437 2422 “
460 2388 543 2454 riam
580 2386 717 2454 veniret.
780 2386 844 2451 Die
884 2391 996 2452 autem
1034 2386 1108 2472 ipsa
1151 2404 1218 2472 qua
1255 2384 1472 2452 omiserim

420 2499 437 2526 “
460 2491 555 2557 venit
592 2495 626 2555 et
664 2489 825 2574 sequenti,
857 2509 899 2553 ex
936 2493 1101 2574 proeeepto
1139 2488 1257 2575 prioris
1286 2494 1323 2553 et
1357 2494 1471 2555 nostro

420 2591 653 2658 “missisunt
682 2592 800 2657 fratres
830 2591 967 2678 plurimi
996 2608 1090 2656 senos
1112 2608 1188 2656 oum
1214 2591 1403 2676 junioribus
1432 2592 1469 2655 in

420 2705 438 2731 ‘¹
462 2714 630 2762 oooursum
661 2695 741 2780 ejus,
773 2700 812 2759 ut
849 2695 886 2758 in
922 2694 1064 2759 introitu
1101 2694 1191 2758 illius
1220 2693 1364 2760 eoelesiae
1397 2694 1468 2780 jam

421 2807 438 2833 “
461 2797 584 2864 fastam
610 2800 809 2863 renovarent
837 2796 1099 2883 appellationem.
1146 2795 1221 2882 Ipse
1251 2814 1329 2861 vero
1351 2796 1469 2883 spretis

268 2918 337 3002 33⁸2
363 2918 396 3011 *ry
423 2908 438 2936 “
462 2900 614 2967 omnibus
657 2899 891 2966 nichilominus
936 2916 1013 2965 suos
1058 2899 1247 2964 introduxit
1290 2900 1471 2977 oenonioos,

397 2989 438 3038 '“
462 3000 639 3068 monaobos
674 3005 787 3068 autem
825 2999 900 3066 illos
937 3002 980 3067 ab
1011 3000 1115 3067 offioio
1146 3000 1260 3067 altaris
1290 3002 1470 3088 suspendit,

422 3106 606 3191 “priorem
644 3122 665 3169 a
702 3104 868 3189 prioratus
904 3103 1201 3170 administratione.
1246 3103 1362 3169 Unum
1392 3124 1471 3171 vero

420 3217 436 3241 “
460 3224 502 3272 ex
533 3206 585 3270 his
616 3206 673 3291 qul
703 3205 793 3292 apud
824 3205 1034 3292 Gilingehem
1064 3206 1289 3271 formaverunt
1325 3206 1470 3293 appella·

420 3317 437 3343 “
460 3309 594 3385 tionem,
623 3327 644 3373 a
682 3308 838 3373 sooietate
875 3313 989 3373 nostra
1026 3313 1061 3373 et
1105 3307 1225 3374 deinde
1257 3308 1301 3374 ab
1337 3308 1471 3376 ecelesia

420 3420 437 3447 “
460 3410 617 3497 preeoeplt
639 3408 793 3476 amoveri.
839 3408 1004 3475 Redditus
1026 3414 1154 3476 nostros
1176 3410 1271 3475 nobis
1294 3411 1471 3490 subtraxit,

375 3557 379 3566 -
420 3522 436 3550 “
460 3518 495 3580 et
531 3518 677 3578 nostram
722 3512 854 3599 penitus
898 3512 1109 3598 perturbavit
1150 3513 1304 3599 quietem.
1351 3513 1396 3578 Et
1432 3520 1473 3580 ut

423 3615 655 3681 “summatim
692 3615 803 3680 omnia
849 3615 921 3701 ejus
958 3616 1153 3702 gravamina
1189 3615 1471 3702 comprehendam,

421 3728 437 3755 “
463 3724 538 3805 post
559 3718 683 3805 primos
697 3718 741 3783 vi.
765 3736 901 3795 menses,
916 3723 957 3783 ut
982 3718 1178 3805 praedictum
1201 3723 1260 3796 est,
1284 3719 1344 3785 vix
1366 3738 1471 3785 unum

422 3831 438 3856 “
460 3821 518 3887 sed
540 3840 600 3887 nee
623 3839 726 3887 unum
756 3820 845 3888 diem
875 3821 971 3887 nobis
993 3822 1144 3908 permisit
1169 3821 1289 3888 babere
1312 3824 1470 3908 quietum.

285 3947 322 3987 er
343 3946 370 4029 gr
421 3925 526 3989 “His
556 3924 661 4011 igitur
690 3924 731 3990 de
761 3925 868 3991 oausis
897 3924 1048 3989 misimus
1077 3924 1219 4010 priorem
1249 3928 1399 3991 nostrum
1428 3926 1471 3993 ad

276 4048 337 4130 ''ss‘'
423 4037 438 4063 ‘⁴
462 4025 632 4093 dominum
655 4042 776 4114 papam
798 4044 873 4093 oum
896 4026 1018 4093 litteris
1038 4025 1286 4094 ratihabitionis
1308 4033 1343 4095 et
1364 4044 1471 4098 causeo

323 4117 328 4130 ’
422 4138 439 4165 “
462 4125 665 4195 uomuisse)
710 4127 798 4209 Quia
834 4129 938 4215 igitur
974 4128 1070 4194 illum
1115 4133 1150 4195 et
1186 4130 1303 4197 fratrea
1343 4135 1471 4198 nostros

420 4243 436 4268 ‘⁴
457 4233 527 4318 jam
550 4232 684 4298 domino
706 4248 801 4318 papae
824 4235 980 4317 putamus
1002 4236 1118 4310 astare,
1142 4238 1177 4298 et
1199 4233 1235 4298 in
1257 4233 1328 4319 ejus
1350 4235 1470 4300 oonsls-

418 4346 435 4371 “
459 4337 544 4402 torio
566 4339 680 4401 nostra
703 4335 892 4421 exposuisse
914 4336 1115 4422 gravamina,
1139 4354 1206 4402 non
1236 4336 1389 4402 volumus
1411 4359 1471 4404 neo

419 4448 434 4473 “
459 4436 617 4515 valemus,
635 4438 692 4505 sed
715 4454 776 4505 nee
807 4438 971 4519 debemus,
993 4438 1079 4506 hano
1102 4439 1189 4506 siet
1218 4440 1351 4507 domino
1374 4460 1469 4529 papee

417 4626 615 4633 ...ι--ι--ω-
650 4628 656 4631 -
678 4628 683 4631 -
706 4627 1055 4635 --.-—-.—.----—

452 4727 461 4761 ι
474 4727 553 4794 mm]
568 4726 625 4788 viri,
636 4729 666 4779 c,
997 4726 1008 4759 ⁸
1024 4730 1166 4796 mmmirroe]
1182 4731 1368 4792 commissione,
1380 4734 1411 4785 C.

452 4807 463 4840 ²
474 4804 674 4872 introducendos]
684 4806 921 4871 nmoduoendw.
