<?xml version="1.0" encoding="UTF-8"?>
<!DOCTYPE html PUBLIC "-//W3C//DTD XHTML 1.0 Transitional//EN"
    "http://www.w3.org/TR/xhtml1/DTD/xhtml1-transitional.dtd">
<html xmlns="http://www.w3.org/1999/xhtml" xml:lang="en" lang="en">
 <head>
  <title>
</title>
<meta http-equiv="Content-Type" content="text/html;charset=utf-8" />
  <meta name='ocr-system' content='tesseract 3.04.00' />
  <meta name='ocr-capabilities' content='ocr_page ocr_carea ocr_par ocr_line ocrx_word'/>
</head>
<body>
  <div class='ocr_page' id='page_1' title='image "./historicalworks00offigoog_0162.png"; bbox 0 0 3540 5738; ppageno 0'>
   <div class='ocr_carea' id='block_1_1' title="bbox 380 817 1234 882">
    <p class='ocr_par' dir='ltr' id='par_1_1' title="bbox 380 817 1234 882">
     <span class='ocr_line' id='line_1_1' title="bbox 380 817 1234 882; baseline -0.006 -2"><span class='ocrx_word' id='word_1_1' title='bbox 380 817 423 882; x_wconf 81' lang='grc'><strong>98</strong></span> <span class='ocrx_word' id='word_1_2' title='bbox 589 826 752 877; x_wconf 74' lang='lat' dir='ltr'><strong>cervien</strong></span> <span class='ocrx_word' id='word_1_3' title='bbox 774 825 936 877; x_wconf 76' lang='lat' dir='ltr'><strong>mousom</strong></span> <span class='ocrx_word' id='word_1_4' title='bbox 958 825 1234 878; x_wconf 71' lang='lat' dir='ltr'><strong>caurommusrs</strong></span> 
     </span>
    </p>
   </div>
   <div class='ocr_carea' id='block_1_2' title="bbox 214 1106 1442 1204">
    <p class='ocr_par' dir='ltr' id='par_1_2' title="bbox 214 1106 1442 1204">
     <span class='ocr_line' id='line_1_2' title="bbox 214 1106 1442 1204; baseline -0.029 1"><span class='ocrx_word' id='word_1_5' title='bbox 214 1109 336 1204; x_wconf 58' lang='lat' dir='ltr'><strong>lente</strong></span> <span class='ocrx_word' id='word_1_6' title='bbox 382 1115 398 1140; x_wconf 86' lang='lat'>“</span> <span class='ocrx_word' id='word_1_7' title='bbox 421 1111 627 1194; x_wconf 77' lang='lat' dir='ltr'><strong>perpetuum,</strong></span> <span class='ocrx_word' id='word_1_8' title='bbox 649 1108 800 1195; x_wconf 69' lang='lat' dir='ltr'><strong>prussis</strong></span> <span class='ocrx_word' id='word_1_9' title='bbox 822 1110 1009 1176; x_wconf 77' lang='lat' dir='ltr'><strong>astantibus</strong></span> <span class='ocrx_word' id='word_1_10' title='bbox 1031 1109 1109 1176; x_wconf 73' lang='lat' dir='ltr'><strong>ueri</strong></span> <span class='ocrx_word' id='word_1_11' title='bbox 1144 1115 1178 1176; x_wconf 72' lang='lat' dir='ltr'><strong>a</strong></span> <span class='ocrx_word' id='word_1_12' title='bbox 1209 1107 1323 1196; x_wconf 81' lang='lat' dir='ltr'><strong>populi</strong></span> <span class='ocrx_word' id='word_1_13' title='bbox 1346 1106 1442 1172; x_wconf 71' lang='lat' dir='ltr'><strong>resu-</strong></span> 
     </span>
    </p>
   </div>
   <div class='ocr_carea' id='block_1_3' title="bbox 212 1207 1448 2520">
    <p class='ocr_par' dir='ltr' id='par_1_3' title="bbox 214 1207 1444 1305">
     <span class='ocr_line' id='line_1_3' title="bbox 214 1207 1444 1305; baseline 0.001 -33"><span class='ocrx_word' id='word_1_14' title='bbox 214 1209 369 1305; x_wconf 53' lang='lat' dir='ltr'><strong>{gfflssfffi</strong></span> <span class='ocrx_word' id='word_1_15' title='bbox 383 1215 400 1240; x_wconf 91' lang='lat'><em>“</em></span> <span class='ocrx_word' id='word_1_16' title='bbox 422 1207 494 1286; x_wconf 90' lang='lat' dir='ltr'><strong>bus,</strong></span> <span class='ocrx_word' id='word_1_17' title='bbox 517 1209 699 1275; x_wconf 74' lang='lat' dir='ltr'><strong>dinoscitur</strong></span> <span class='ocrx_word' id='word_1_18' title='bbox 730 1223 799 1276; x_wconf 87' lang='lat' dir='ltr'><strong>esse</strong></span> <span class='ocrx_word' id='word_1_19' title='bbox 822 1211 1060 1278; x_wconf 88' lang='lat' dir='ltr'><strong>confirmatum.</strong></span> <span class='ocrx_word' id='word_1_20' title='bbox 1107 1211 1207 1276; x_wconf 90' lang='lat' dir='ltr'><strong>Nunc</strong></span> <span class='ocrx_word' id='word_1_21' title='bbox 1238 1215 1351 1276; x_wconf 85' lang='lat' dir='ltr'><strong>autem</strong></span> <span class='ocrx_word' id='word_1_22' title='bbox 1373 1227 1444 1285; x_wconf 82' lang='lat' dir='ltr'><strong>vos,</strong></span> 
     </span>
    </p>

    <p class='ocr_par' dir='ltr' id='par_1_4' title="bbox 212 1310 1444 1454">
     <span class='ocr_line' id='line_1_4' title="bbox 212 1310 1444 1454; baseline 0.001 -79"><span class='ocrx_word' id='word_1_23' title='bbox 212 1310 339 1454; x_wconf 48' lang='grc' dir='ltr'><strong>ξῖὶζέξῗῗ</strong></span> <span class='ocrx_word' id='word_1_24' title='bbox 383 1311 482 1395; x_wconf 89' lang='lat' dir='ltr'><strong>“qui</strong></span> <span class='ocrx_word' id='word_1_25' title='bbox 515 1311 659 1378; x_wconf 80' lang='lat' dir='ltr'><strong>ecclesiae</strong></span> <span class='ocrx_word' id='word_1_26' title='bbox 692 1312 938 1379; x_wconf 68' lang='lat' dir='ltr'><strong>cantuariensis</strong></span> <span class='ocrx_word' id='word_1_27' title='bbox 967 1314 1046 1400; x_wconf 79' lang='lat' dir='ltr'><strong>jure</strong></span> <span class='ocrx_word' id='word_1_28' title='bbox 1071 1315 1159 1380; x_wconf 90' lang='lat' dir='ltr'><strong>tueri</strong></span> <span class='ocrx_word' id='word_1_29' title='bbox 1181 1318 1216 1380; x_wconf 91' lang='lat' dir='ltr'><strong>et</strong></span> <span class='ocrx_word' id='word_1_30' title='bbox 1238 1315 1444 1378; x_wconf 80' lang='lat' dir='ltr'><strong>sacramento</strong></span> 
     </span>
     <span class='ocr_line' id='line_1_5' title="bbox 217 1413 1133 1454; baseline -0.002 0"><span class='ocrx_word' id='word_1_31' title='bbox 217 1421 289 1454; x_wconf 85' lang='lat' dir='ltr'><strong>cure</strong></span> <span class='ocrx_word' id='word_1_32' title='bbox 384 1419 401 1447; x_wconf 64' lang='grc' dir='ltr'><strong>τι</strong></span> <span class='ocrx_word' id='word_1_33' title='bbox 607 1413 614 1428; x_wconf 87' lang='grc'><em>·</em></span> <span class='ocrx_word' id='word_1_34' title='bbox 816 1415 823 1429; x_wconf 90' lang='grc'><em>·</em></span> <span class='ocrx_word' id='word_1_35' title='bbox 853 1416 859 1430; x_wconf 92' lang='grc'><strong><em>·</em></strong></span> <span class='ocrx_word' id='word_1_36' title='bbox 896 1417 903 1432; x_wconf 87' lang='grc'>·</span> <span class='ocrx_word' id='word_1_37' title='bbox 1127 1416 1133 1430; x_wconf 92' lang='grc'><strong><em>·</em></strong></span> 
     </span>
    </p>

    <p class='ocr_par' dir='ltr' id='par_1_5' title="bbox 202 1414 1443 1605">
     <span class='ocr_line' id='line_1_6' title="bbox 217 1414 1443 1602; baseline -0.001 -23.012"><span class='ocrx_word' id='word_1_38' title='bbox 217 1460 363 1512; x_wconf 72' lang='lat'><strong>⁰⁸¹¹</strong></span> <span class='ocrx_word' id='word_1_39' title='bbox 384 1521 402 1548; x_wconf 80' lang='lat'>«</span> <span class='ocrx_word' id='word_1_40' title='bbox 424 1414 1355 1602; x_wconf 49' lang='lat' dir='ltr'><strong>tlssttttttttutltnttmtl‘t</strong></span> <span class='ocrx_word' id='word_1_41' title='bbox 1365 1433 1443 1580; x_wconf 64' lang='lat'>3033:</span> 
     </span>
    </p>

    <p class='ocr_par' dir='ltr' id='par_1_6' title="bbox 253 1573 1444 1703">
     <span class='ocr_line' id='line_1_7' title="bbox 253 1573 1444 1703; baseline 0 -21"><span class='ocrx_word' id='word_1_42' title='bbox 253 1573 300 1606; x_wconf 74' lang='lat' dir='ltr'><strong>var.</strong></span> <span class='ocrx_word' id='word_1_43' title='bbox 384 1617 401 1650; x_wconf 75' lang='lat'><strong>³‘</strong></span> <span class='ocrx_word' id='word_1_44' title='bbox 424 1615 556 1682; x_wconf 77' lang='lat' dir='ltr'><strong>firmato</strong></span> <span class='ocrx_word' id='word_1_45' title='bbox 591 1617 731 1703; x_wconf 82' lang='lat' dir='ltr'><strong>spoliare</strong></span> <span class='ocrx_word' id='word_1_46' title='bbox 762 1619 936 1684; x_wconf 73' lang='lat' dir='ltr'><strong>conamini.</strong></span> <span class='ocrx_word' id='word_1_47' title='bbox 991 1619 1102 1684; x_wconf 86' lang='lat' dir='ltr'><strong>Vultis</strong></span> <span class='ocrx_word' id='word_1_48' title='bbox 1140 1619 1230 1684; x_wconf 92' lang='lat' dir='ltr'><strong>enim</strong></span> <span class='ocrx_word' id='word_1_49' title='bbox 1268 1617 1444 1684; x_wconf 84' lang='lat' dir='ltr'><strong>canonicos</strong></span> 
     </span>
    </p>

    <p class='ocr_par' dir='ltr' id='par_1_7' title="bbox 385 1717 1445 1807">
     <span class='ocr_line' id='line_1_8' title="bbox 385 1717 1445 1807; baseline 0.001 -24"><span class='ocrx_word' id='word_1_50' title='bbox 385 1726 402 1752; x_wconf 87' lang='lat'><strong>“</strong></span> <span class='ocrx_word' id='word_1_51' title='bbox 425 1717 527 1784; x_wconf 89' lang='lat' dir='ltr'><strong>istcs¹</strong></span> <span class='ocrx_word' id='word_1_52' title='bbox 550 1719 640 1785; x_wconf 86' lang='lat' dir='ltr'><strong>viros</strong></span> <span class='ocrx_word' id='word_1_53' title='bbox 662 1725 836 1786; x_wconf 84' lang='lat' dir='ltr'><strong>extraneos</strong></span> <span class='ocrx_word' id='word_1_54' title='bbox 858 1725 893 1785; x_wconf 90' lang='lat' dir='ltr'><strong>et</strong></span> <span class='ocrx_word' id='word_1_55' title='bbox 915 1720 1032 1788; x_wconf 79' lang='lat' dir='ltr'><strong>eliense</strong></span> <span class='ocrx_word' id='word_1_56' title='bbox 1062 1720 1231 1807; x_wconf 78' lang='lat' dir='ltr'><strong>religionis</strong></span> <span class='ocrx_word' id='word_1_57' title='bbox 1258 1720 1295 1784; x_wconf 90' lang='lat' dir='ltr'><strong>in</strong></span> <span class='ocrx_word' id='word_1_58' title='bbox 1317 1739 1445 1805; x_wconf 79' lang='lat' dir='ltr'><strong>posses·</strong></span> 
     </span>
    </p>

    <p class='ocr_par' dir='ltr' id='par_1_8' title="bbox 385 1820 1445 1907">
     <span class='ocr_line' id='line_1_9' title="bbox 385 1820 1445 1907; baseline 0.001 -22"><span class='ocrx_word' id='word_1_59' title='bbox 385 1820 551 1886; x_wconf 89' lang='lat' dir='ltr'><strong>“sionem</strong></span> <span class='ocrx_word' id='word_1_60' title='bbox 583 1821 686 1907; x_wconf 87' lang='lat' dir='ltr'><strong>ipsius</strong></span> <span class='ocrx_word' id='word_1_61' title='bbox 718 1823 790 1887; x_wconf 90' lang='lat' dir='ltr'><strong>sine</strong></span> <span class='ocrx_word' id='word_1_62' title='bbox 823 1843 958 1888; x_wconf 82' lang='lat' dir='ltr'><strong>assensu</strong></span> <span class='ocrx_word' id='word_1_63' title='bbox 980 1828 1092 1890; x_wconf 89' lang='lat' dir='ltr'><strong>nostro</strong></span> <span class='ocrx_word' id='word_1_64' title='bbox 1114 1823 1331 1888; x_wconf 70' lang='lat' dir='ltr'><strong>introducere.</strong></span> <span class='ocrx_word' id='word_1_65' title='bbox 1379 1820 1445 1886; x_wconf 85' lang='lat' dir='ltr'><strong>Sed</strong></span> 
     </span>
    </p>

    <p class='ocr_par' dir='ltr' id='par_1_9' title="bbox 385 1922 1447 2010">
     <span class='ocr_line' id='line_1_10' title="bbox 385 1922 1447 2010; baseline -0.001 -22"><span class='ocrx_word' id='word_1_66' title='bbox 385 1931 402 1958; x_wconf 90' lang='lat'><em>“</em></span> <span class='ocrx_word' id='word_1_67' title='bbox 425 1922 586 1989; x_wconf 74' lang='lat' dir='ltr'><strong>interdico</strong></span> <span class='ocrx_word' id='word_1_68' title='bbox 601 1923 703 1988; x_wconf 66' lang='lat' dir='ltr'><strong>&#39;vobis</strong></span> <span class='ocrx_word' id='word_1_69' title='bbox 733 1945 777 1989; x_wconf 83' lang='lat' dir='ltr'><strong>ex</strong></span> <span class='ocrx_word' id='word_1_70' title='bbox 798 1929 893 2010; x_wconf 83' lang='lat' dir='ltr'><strong>perte</strong></span> <span class='ocrx_word' id='word_1_71' title='bbox 915 1924 980 1991; x_wconf 90' lang='lat' dir='ltr'><strong>Dei</strong></span> <span class='ocrx_word' id='word_1_72' title='bbox 1011 1932 1046 1990; x_wconf 89' lang='lat' dir='ltr'><strong>et</strong></span> <span class='ocrx_word' id='word_1_73' title='bbox 1068 1930 1250 1992; x_wconf 83' lang='lat' dir='ltr'><strong>conventus</strong></span> <span class='ocrx_word' id='word_1_74' title='bbox 1272 1924 1378 1990; x_wconf 84' lang='lat' dir='ltr'><strong>nostri</strong></span> <span class='ocrx_word' id='word_1_75' title='bbox 1410 1926 1447 1988; x_wconf 89' lang='lat' dir='ltr'><strong>et</strong></span> 
     </span>
    </p>

    <p class='ocr_par' dir='ltr' id='par_1_10' title="bbox 386 2023 1448 2112">
     <span class='ocr_line' id='line_1_11' title="bbox 386 2023 1448 2112; baseline -0.001 -23"><span class='ocrx_word' id='word_1_76' title='bbox 386 2033 403 2060; x_wconf 93' lang='lat'><strong>“</strong></span> <span class='ocrx_word' id='word_1_77' title='bbox 426 2045 486 2112; x_wconf 87' lang='lat' dir='ltr'><strong>per</strong></span> <span class='ocrx_word' id='word_1_78' title='bbox 508 2025 729 2090; x_wconf 86' lang='lat' dir='ltr'><strong>obedientiam</strong></span> <span class='ocrx_word' id='word_1_79' title='bbox 751 2025 961 2112; x_wconf 76' lang='lat' dir='ltr'><strong>professionis</strong></span> <span class='ocrx_word' id='word_1_80' title='bbox 984 2030 1112 2104; x_wconf 77' lang='lat' dir='ltr'><strong>vestras,</strong></span> <span class='ocrx_word' id='word_1_81' title='bbox 1135 2026 1197 2091; x_wconf 92' lang='lat' dir='ltr'><strong>sub</strong></span> <span class='ocrx_word' id='word_1_82' title='bbox 1223 2023 1448 2111; x_wconf 75' lang='lat' dir='ltr'><strong>appellatione</strong></span> 
     </span>
    </p>

    <p class='ocr_par' dir='ltr' id='par_1_11' title="bbox 265 2125 1446 2228">
     <span class='ocr_line' id='line_1_12' title="bbox 265 2125 1446 2228; baseline -0.001 -36"><span class='ocrx_word' id='word_1_83' title='bbox 265 2146 311 2228; x_wconf 68' lang='lat' dir='ltr'><strong>‘m</strong></span> <span class='ocrx_word' id='word_1_84' title='bbox 386 2136 403 2163; x_wconf 88' lang='lat'>“</span> <span class='ocrx_word' id='word_1_85' title='bbox 427 2127 530 2192; x_wconf 85' lang='lat' dir='ltr'><strong>etiam</strong></span> <span class='ocrx_word' id='word_1_86' title='bbox 552 2127 638 2192; x_wconf 89' lang='lat' dir='ltr'><strong>sedis</strong></span> <span class='ocrx_word' id='word_1_87' title='bbox 661 2128 857 2212; x_wconf 69' lang='lat' dir='ltr'><strong>apostolica,</strong></span> <span class='ocrx_word' id='word_1_88' title='bbox 880 2150 922 2193; x_wconf 90' lang='lat' dir='ltr'><strong>ne</strong></span> <span class='ocrx_word' id='word_1_89' title='bbox 955 2127 1015 2194; x_wconf 93' lang='lat' dir='ltr'><strong>hos</strong></span> <span class='ocrx_word' id='word_1_90' title='bbox 1038 2128 1092 2194; x_wconf 84' lang='lat' dir='ltr'><strong>vel</strong></span> <span class='ocrx_word' id='word_1_91' title='bbox 1123 2127 1205 2193; x_wconf 90' lang='lat' dir='ltr'><strong>alios</strong></span> <span class='ocrx_word' id='word_1_92' title='bbox 1227 2127 1264 2191; x_wconf 92' lang='lat' dir='ltr'><strong>in</strong></span> <span class='ocrx_word' id='word_1_93' title='bbox 1286 2125 1373 2192; x_wconf 86' lang='lat' dir='ltr'><strong>hene</strong></span> <span class='ocrx_word' id='word_1_94' title='bbox 1395 2145 1446 2191; x_wconf 88' lang='lat' dir='ltr'><strong>eo·</strong></span> 
     </span>
    </p>

    <p class='ocr_par' dir='ltr' id='par_1_12' title="bbox 325 2216 1445 2315">
     <span class='ocr_line' id='line_1_13' title="bbox 325 2216 1445 2315; baseline -0.004 -21"><span class='ocrx_word' id='word_1_95' title='bbox 325 2216 332 2228; x_wconf 69' lang='grc'><strong><em>’</em></strong></span> <span class='ocrx_word' id='word_1_96' title='bbox 387 2237 404 2265; x_wconf 89' lang='lat'><strong>“</strong></span> <span class='ocrx_word' id='word_1_97' title='bbox 427 2229 559 2294; x_wconf 84' lang='lat' dir='ltr'><strong>elesiam</strong></span> <span class='ocrx_word' id='word_1_98' title='bbox 583 2227 808 2307; x_wconf 83' lang='lat' dir='ltr'><strong>introducatis,</strong></span> <span class='ocrx_word' id='word_1_99' title='bbox 831 2250 891 2295; x_wconf 88' lang='lat' dir='ltr'><strong>nec</strong></span> <span class='ocrx_word' id='word_1_100' title='bbox 917 2230 1063 2315; x_wconf 88' lang='lat' dir='ltr'><strong>aliquam</strong></span> <span class='ocrx_word' id='word_1_101' title='bbox 1086 2231 1126 2295; x_wconf 95' lang='lat' dir='ltr'><strong>de</strong></span> <span class='ocrx_word' id='word_1_102' title='bbox 1149 2229 1212 2294; x_wconf 85' lang='lat' dir='ltr'><strong>hac</strong></span> <span class='ocrx_word' id='word_1_103' title='bbox 1234 2226 1370 2294; x_wconf 88' lang='lat' dir='ltr'><strong>ecelesia</strong></span> <span class='ocrx_word' id='word_1_104' title='bbox 1391 2226 1445 2291; x_wconf 90' lang='lat' dir='ltr'><strong>vel</strong></span> 
     </span>
    </p>

    <p class='ocr_par' dir='ltr' id='par_1_13' title="bbox 388 2327 1448 2418">
     <span class='ocr_line' id='line_1_14' title="bbox 388 2327 1448 2418; baseline -0.001 -23"><span class='ocrx_word' id='word_1_105' title='bbox 388 2339 405 2365; x_wconf 76' lang='lat'><strong>‘¹</strong></span> <span class='ocrx_word' id='word_1_106' title='bbox 428 2330 469 2395; x_wconf 92' lang='lat' dir='ltr'><strong>de</strong></span> <span class='ocrx_word' id='word_1_107' title='bbox 492 2329 545 2394; x_wconf 88' lang='lat' dir='ltr'><strong>his</strong></span> <span class='ocrx_word' id='word_1_108' title='bbox 567 2351 642 2415; x_wconf 76' lang='lat' dir='ltr'><strong>quse</strong></span> <span class='ocrx_word' id='word_1_109' title='bbox 665 2331 708 2396; x_wconf 87' lang='lat' dir='ltr'><strong>ad</strong></span> <span class='ocrx_word' id='word_1_110' title='bbox 723 2352 796 2396; x_wconf 86' lang='lat' dir='ltr'><strong>cam</strong></span> <span class='ocrx_word' id='word_1_111' title='bbox 811 2331 980 2417; x_wconf 90' lang='lat' dir='ltr'><strong>pertinent</strong></span> <span class='ocrx_word' id='word_1_112' title='bbox 995 2327 1268 2418; x_wconf 79' lang='lat' dir='ltr'><strong>dispositionem²</strong></span> <span class='ocrx_word' id='word_1_113' title='bbox 1289 2327 1448 2395; x_wconf 57' lang='lat' dir='ltr'><strong>faciatis?</strong></span> 
     </span>
    </p>

    <p class='ocr_par' dir='ltr' id='par_1_14' title="bbox 388 2431 1448 2520">
     <span class='ocr_line' id='line_1_15' title="bbox 388 2431 1448 2520; baseline -0.001 -24"><span class='ocrx_word' id='word_1_114' title='bbox 388 2432 443 2497; x_wconf 81' lang='lat' dir='ltr'><strong>Ad</strong></span> <span class='ocrx_word' id='word_1_115' title='bbox 476 2431 548 2498; x_wconf 85' lang='lat' dir='ltr'><strong>haec</strong></span> <span class='ocrx_word' id='word_1_116' title='bbox 580 2431 768 2498; x_wconf 86' lang='lat' dir='ltr'><strong>Bernerdus</strong></span> <span class='ocrx_word' id='word_1_117' title='bbox 791 2432 961 2520; x_wconf 89' lang='lat' dir='ltr'><strong>episcopus</strong></span> <span class='ocrx_word' id='word_1_118' title='bbox 983 2433 1154 2519; x_wconf 89' lang='lat' dir='ltr'><strong>respondit</strong></span> <span class='ocrx_word' id='word_1_119' title='bbox 1182 2441 1218 2498; x_wconf 89' lang='lat'><strong>:“</strong></span> <span class='ocrx_word' id='word_1_120' title='bbox 1230 2431 1356 2498; x_wconf 86' lang='lat' dir='ltr'><strong>Contra</strong></span> <span class='ocrx_word' id='word_1_121' title='bbox 1378 2451 1448 2496; x_wconf 84' lang='lat' dir='ltr'><strong>ma-</strong></span> 
     </span>
    </p>
   </div>
   <div class='ocr_carea' id='block_1_4' title="bbox 157 2529 1500 2654">
    <p class='ocr_par' dir='ltr' id='par_1_15' title="bbox 157 2529 1500 2654">
     <span class='ocr_line' id='line_1_16' title="bbox 157 2529 1500 2654; baseline -0.017 -37"><span class='ocrx_word' id='word_1_122' title='bbox 157 2529 160 2534; x_wconf 32' lang='lat'>⁵</span> <span class='ocrx_word' id='word_1_123' title='bbox 218 2559 348 2654; x_wconf 59' lang='lat' dir='ltr'><strong>ffiffl‘</strong></span> <span class='ocrx_word' id='word_1_124' title='bbox 388 2537 514 2599; x_wconf 85' lang='lat' dir='ltr'><strong>“trem</strong></span> <span class='ocrx_word' id='word_1_125' title='bbox 536 2539 683 2598; x_wconf 88' lang='lat' dir='ltr'><strong>nostram</strong></span> <span class='ocrx_word' id='word_1_126' title='bbox 708 2533 979 2600; x_wconf 85' lang='lat' dir='ltr'><strong>Cantuariensem</strong></span> <span class='ocrx_word' id='word_1_127' title='bbox 995 2533 1174 2610; x_wconf 86' lang='lat' dir='ltr'><strong>ecelesiam,</strong></span> <span class='ocrx_word' id='word_1_128' title='bbox 1197 2533 1251 2599; x_wconf 93' lang='lat' dir='ltr'><strong>vel</strong></span> <span class='ocrx_word' id='word_1_129' title='bbox 1276 2532 1448 2617; x_wconf 86' lang='lat' dir='ltr'><strong>professio·</strong></span> <span class='ocrx_word' id='word_1_130' title='bbox 1495 2543 1500 2550; x_wconf 83' lang='lat'>&#39;</span> 
     </span>
    </p>
   </div>
   <div class='ocr_carea' id='block_1_5' title="bbox 219 2620 1566 2720">
    <p class='ocr_par' dir='ltr' id='par_1_16' title="bbox 219 2620 1566 2720">
     <span class='ocr_line' id='line_1_17' title="bbox 219 2620 1566 2720; baseline -0.005 -16"><span class='ocrx_word' id='word_1_131' title='bbox 219 2620 375 2705; x_wconf 71' lang='lat' dir='ltr'><strong>orsmvrds.</strong></span> <span class='ocrx_word' id='word_1_132' title='bbox 390 2643 406 2669; x_wconf 89' lang='lat'><em>“</em></span> <span class='ocrx_word' id='word_1_133' title='bbox 428 2655 506 2700; x_wconf 91' lang='lat' dir='ltr'><strong>nem</strong></span> <span class='ocrx_word' id='word_1_134' title='bbox 530 2640 676 2700; x_wconf 85' lang='lat' dir='ltr'><strong>nostram</strong></span> <span class='ocrx_word' id='word_1_135' title='bbox 704 2656 771 2720; x_wconf 82' lang='lat' dir='ltr'><strong>qua</strong></span> <span class='ocrx_word' id='word_1_136' title='bbox 797 2635 904 2701; x_wconf 88' lang='lat' dir='ltr'><strong>eidem</strong></span> <span class='ocrx_word' id='word_1_137' title='bbox 931 2633 1104 2713; x_wconf 70' lang='lat' dir='ltr'><strong>tenemur,3</strong></span> <span class='ocrx_word' id='word_1_138' title='bbox 1126 2635 1253 2700; x_wconf 86' lang='lat' dir='ltr'><strong>nullam</strong></span> <span class='ocrx_word' id='word_1_139' title='bbox 1280 2633 1449 2699; x_wconf 83' lang='lat' dir='ltr'><strong>maehina·</strong></span> <span class='ocrx_word' id='word_1_140' title='bbox 1560 2681 1566 2689; x_wconf 91' lang='lat'>.</span> 
     </span>
    </p>
   </div>
   <div class='ocr_carea' id='block_1_6' title="bbox 221 2739 1452 3332">
    <p class='ocr_par' dir='ltr' id='par_1_17' title="bbox 221 2739 1452 3332">
     <span class='ocr_line' id='line_1_18' title="bbox 389 2739 1449 2827; baseline -0.001 -23"><span class='ocrx_word' id='word_1_141' title='bbox 389 2748 504 2805; x_wconf 87' lang='lat' dir='ltr'><strong>“mur</strong></span> <span class='ocrx_word' id='word_1_142' title='bbox 534 2740 701 2827; x_wconf 87' lang='lat' dir='ltr'><strong>injuriam,</strong></span> <span class='ocrx_word' id='word_1_143' title='bbox 723 2761 784 2806; x_wconf 90' lang='lat' dir='ltr'><strong>nec</strong></span> <span class='ocrx_word' id='word_1_144' title='bbox 815 2761 888 2807; x_wconf 85' lang='lat' dir='ltr'><strong>eam</strong></span> <span class='ocrx_word' id='word_1_145' title='bbox 919 2741 955 2805; x_wconf 91' lang='lat' dir='ltr'><strong>in</strong></span> <span class='ocrx_word' id='word_1_146' title='bbox 987 2741 1101 2827; x_wconf 88' lang='lat' dir='ltr'><strong>aliqua</strong></span> <span class='ocrx_word' id='word_1_147' title='bbox 1133 2739 1345 2827; x_wconf 87' lang='lat' dir='ltr'><strong>possessionis</strong></span> <span class='ocrx_word' id='word_1_148' title='bbox 1379 2759 1449 2804; x_wconf 85' lang='lat' dir='ltr'><strong>suae</strong></span> 
     </span>
     <span class='ocr_line' id='line_1_19' title="bbox 389 2841 1452 2930; baseline -0.003 -22"><span class='ocrx_word' id='word_1_149' title='bbox 389 2851 406 2878; x_wconf 80' lang='lat'><strong>‘¹</strong></span> <span class='ocrx_word' id='word_1_150' title='bbox 429 2842 592 2930; x_wconf 80' lang='lat' dir='ltr'><strong>particula</strong></span> <span class='ocrx_word' id='word_1_151' title='bbox 623 2843 806 2908; x_wconf 90' lang='lat' dir='ltr'><strong>diminuere</strong></span> <span class='ocrx_word' id='word_1_152' title='bbox 828 2849 1038 2929; x_wconf 80' lang='lat' dir='ltr'><strong>temptamus.</strong></span> <span class='ocrx_word' id='word_1_153' title='bbox 1086 2841 1152 2908; x_wconf 85' lang='lat' dir='ltr'><strong>Sed</strong></span> <span class='ocrx_word' id='word_1_154' title='bbox 1175 2841 1452 2927; x_wconf 85' lang='lat' dir='ltr'><strong>&#39;archiepiscopus</strong></span> 
     </span>
     <span class='ocr_line' id='line_1_20' title="bbox 389 2943 1448 3030; baseline -0.002 -22"><span class='ocrx_word' id='word_1_155' title='bbox 389 2953 406 2980; x_wconf 76' lang='lat'><strong>‘¹</strong></span> <span class='ocrx_word' id='word_1_156' title='bbox 429 2949 541 3009; x_wconf 86' lang='lat' dir='ltr'><strong>noster</strong></span> <span class='ocrx_word' id='word_1_157' title='bbox 572 2949 607 3008; x_wconf 92' lang='lat' dir='ltr'><strong>et</strong></span> <span class='ocrx_word' id='word_1_158' title='bbox 639 2950 749 3009; x_wconf 80' lang='lat' dir='ltr'><strong>vester</strong></span> <span class='ocrx_word' id='word_1_159' title='bbox 780 2944 932 3009; x_wconf 89' lang='lat' dir='ltr'><strong>dominus</strong></span> <span class='ocrx_word' id='word_1_160' title='bbox 955 2944 1083 3010; x_wconf 87' lang='lat' dir='ltr'><strong>adhoc</strong></span> <span class='ocrx_word' id='word_1_161' title='bbox 1105 2965 1188 3030; x_wconf 89' lang='lat' dir='ltr'><strong>opus</strong></span> <span class='ocrx_word' id='word_1_162' title='bbox 1219 2943 1448 3028; x_wconf 87' lang='lat' dir='ltr'><strong>exequendum</strong></span> 
     </span>
     <span class='ocr_line' id='line_1_21' title="bbox 390 3044 1449 3131; baseline -0.001 -22"><span class='ocrx_word' id='word_1_163' title='bbox 390 3044 615 3109; x_wconf 86' lang='lat' dir='ltr'><strong>“transmisit</strong></span> <span class='ocrx_word' id='word_1_164' title='bbox 645 3067 714 3122; x_wconf 91' lang='lat' dir='ltr'><strong>nos,</strong></span> <span class='ocrx_word' id='word_1_165' title='bbox 750 3045 843 3130; x_wconf 90' lang='lat' dir='ltr'><strong>cujus</strong></span> <span class='ocrx_word' id='word_1_166' title='bbox 875 3044 1042 3112; x_wconf 84' lang='lat' dir='ltr'><strong>mandatis</strong></span> <span class='ocrx_word' id='word_1_167' title='bbox 1076 3067 1143 3111; x_wconf 92' lang='lat' dir='ltr'><strong>non</strong></span> <span class='ocrx_word' id='word_1_168' title='bbox 1176 3065 1350 3131; x_wconf 83' lang='lat' dir='ltr'><strong>possumus</strong></span> <span class='ocrx_word' id='word_1_169' title='bbox 1381 3065 1449 3109; x_wconf 91' lang='lat' dir='ltr'><strong>non</strong></span> 
     </span>
     <span class='ocr_line' id='line_1_22' title="bbox 390 3145 1449 3233; baseline -0.003 -21"><span class='ocrx_word' id='word_1_170' title='bbox 390 3157 407 3184; x_wconf 89' lang='lat'><strong><em>“</em></strong></span> <span class='ocrx_word' id='word_1_171' title='bbox 431 3146 589 3213; x_wconf 86' lang='lat' dir='ltr'><strong>obedire.&#39;’</strong></span> <span class='ocrx_word' id='word_1_172' title='bbox 635 3147 684 3211; x_wconf 81' lang='lat' dir='ltr'><strong>At</strong></span> <span class='ocrx_word' id='word_1_173' title='bbox 706 3147 888 3213; x_wconf 85' lang='lat' dir='ltr'><strong>Jeremies:</strong></span> <span class='ocrx_word' id='word_1_174' title='bbox 915 3146 1090 3213; x_wconf 85' lang='lat' dir='ltr'><strong>“Ecclesia</strong></span> <span class='ocrx_word' id='word_1_175' title='bbox 1112 3147 1177 3212; x_wconf 84' lang='lat' dir='ltr'><strong>iste</strong></span> <span class='ocrx_word' id='word_1_176' title='bbox 1199 3168 1267 3211; x_wconf 91' lang='lat' dir='ltr'><strong>non</strong></span> <span class='ocrx_word' id='word_1_177' title='bbox 1289 3145 1449 3233; x_wconf 89' lang='lat' dir='ltr'><strong>archiepi-</strong></span> 
     </span>
     <span class='ocr_line' id='line_1_23' title="bbox 221 3247 1451 3332; baseline 0 -20"><span class='ocrx_word' id='word_1_178' title='bbox 221 3252 324 3298; x_wconf 68' lang='lat' dir='ltr'><strong>measa</strong></span> <span class='ocrx_word' id='word_1_179' title='bbox 390 3257 406 3284; x_wconf 91' lang='lat'><strong>“</strong></span> <span class='ocrx_word' id='word_1_180' title='bbox 430 3269 528 3332; x_wconf 89' lang='lat' dir='ltr'><strong>scopo</strong></span> <span class='ocrx_word' id='word_1_181' title='bbox 552 3248 609 3312; x_wconf 92' lang='lat' dir='ltr'><strong>sed</strong></span> <span class='ocrx_word' id='word_1_182' title='bbox 625 3247 769 3314; x_wconf 71' lang='lat' dir='ltr'><strong>ecclesiae</strong></span> <span class='ocrx_word' id='word_1_183' title='bbox 783 3253 915 3326; x_wconf 81' lang='lat' dir='ltr'><strong>nostrae,</strong></span> <span class='ocrx_word' id='word_1_184' title='bbox 938 3249 1117 3315; x_wconf 87' lang='lat' dir='ltr'><strong>conventui</strong></span> <span class='ocrx_word' id='word_1_185' title='bbox 1140 3247 1272 3325; x_wconf 88' lang='lat' dir='ltr'><strong>scilicet,</strong></span> <span class='ocrx_word' id='word_1_186' title='bbox 1296 3247 1376 3312; x_wconf 79' lang='lat' dir='ltr'><strong>data</strong></span> <span class='ocrx_word' id='word_1_187' title='bbox 1391 3251 1451 3324; x_wconf 87' lang='lat' dir='ltr'><strong>est,</strong></span> 
     </span>
    </p>
   </div>
   <div class='ocr_carea' id='block_1_7' title="bbox 220 3264 1449 3434">
    <p class='ocr_par' dir='ltr' id='par_1_18' title="bbox 220 3264 1449 3434">
     <span class='ocr_line' id='line_1_24' title="bbox 221 3264 355 3348; baseline 0 -1"><span class='ocrx_word' id='word_1_188' title='bbox 221 3303 279 3347; x_wconf 78' lang='lat' dir='ltr'><strong>with</strong></span> <span class='ocrx_word' id='word_1_189' title='bbox 287 3264 355 3348; x_wconf 63' lang='lat' dir='ltr'><strong>derod-¹</strong></span> 
     </span>
     <span class='ocr_line' id='line_1_25' title="bbox 220 3349 1449 3434; baseline 0.002 -24"><span class='ocrx_word' id='word_1_190' title='bbox 220 3352 339 3398; x_wconf 60' lang='lat' dir='ltr'><strong>11¹¹*th</strong></span> <span class='ocrx_word' id='word_1_191' title='bbox 390 3359 407 3386; x_wconf 89' lang='lat'><strong>“</strong></span> <span class='ocrx_word' id='word_1_192' title='bbox 431 3351 570 3434; x_wconf 88' lang='lat' dir='ltr'><strong>ideoque</strong></span> <span class='ocrx_word' id='word_1_193' title='bbox 593 3349 665 3414; x_wconf 90' lang='lat' dir='ltr'><strong>sine</strong></span> <span class='ocrx_word' id='word_1_194' title='bbox 687 3356 853 3417; x_wconf 89' lang='lat' dir='ltr'><strong>conventu</strong></span> <span class='ocrx_word' id='word_1_195' title='bbox 874 3350 937 3416; x_wconf 89' lang='lat' dir='ltr'><strong>hoc</strong></span> <span class='ocrx_word' id='word_1_196' title='bbox 959 3351 1012 3416; x_wconf 90' lang='lat' dir='ltr'><strong>vel</strong></span> <span class='ocrx_word' id='word_1_197' title='bbox 1036 3350 1128 3415; x_wconf 84' lang='lat' dir='ltr'><strong>aliud</strong></span> <span class='ocrx_word' id='word_1_198' title='bbox 1153 3349 1231 3414; x_wconf 90' lang='lat' dir='ltr'><strong>inde</strong></span> <span class='ocrx_word' id='word_1_199' title='bbox 1253 3349 1359 3414; x_wconf 83' lang='lat' dir='ltr'><strong>facere</strong></span> <span class='ocrx_word' id='word_1_200' title='bbox 1382 3370 1449 3415; x_wconf 91' lang='lat' dir='ltr'><strong>non</strong></span> 
     </span>
    </p>
   </div>
   <div class='ocr_carea' id='block_1_8' title="bbox 219 3403 1536 4455">
    <p class='ocr_par' dir='ltr' id='par_1_19' title="bbox 219 3403 1536 4455">
     <span class='ocr_line' id='line_1_26' title="bbox 219 3403 1450 3527; baseline -0.002 -10"><span class='ocrx_word' id='word_1_201' title='bbox 219 3403 335 3500; x_wconf 47' lang='lat' dir='ltr'><strong>mih</strong></span> <span class='ocrx_word' id='word_1_202' title='bbox 391 3461 407 3488; x_wconf 90' lang='lat'><strong>“</strong></span> <span class='ocrx_word' id='word_1_203' title='bbox 430 3451 576 3517; x_wconf 82' lang='lat' dir='ltr'><strong>valetis.”</strong></span> <span class='ocrx_word' id='word_1_204' title='bbox 622 3451 676 3516; x_wconf 81' lang='lat' dir='ltr'><strong>Ad</strong></span> <span class='ocrx_word' id='word_1_205' title='bbox 691 3451 762 3518; x_wconf 87' lang='lat' dir='ltr'><strong>haec</strong></span> <span class='ocrx_word' id='word_1_206' title='bbox 778 3451 1026 3518; x_wconf 83' lang='lat' dir='ltr'><strong>archidiaconus</strong></span> <span class='ocrx_word' id='word_1_207' title='bbox 1041 3451 1282 3516; x_wconf 87' lang='lat' dir='ltr'><strong>intumescens:</strong></span> <span class='ocrx_word' id='word_1_208' title='bbox 1305 3448 1450 3527; x_wconf 74' lang='lat' dir='ltr'><strong>“Satis&#39;&#39;</strong></span> 
     </span>
     <span class='ocr_line' id='line_1_27' title="bbox 389 3552 1450 3639; baseline -0.002 -21"><span class='ocrx_word' id='word_1_209' title='bbox 389 3553 509 3639; x_wconf 90' lang='lat' dir='ltr'><strong>inquit,</strong></span> <span class='ocrx_word' id='word_1_210' title='bbox 533 3561 617 3638; x_wconf 88' lang='lat' dir='ltr'><strong>“per</strong></span> <span class='ocrx_word' id='word_1_211' title='bbox 640 3558 839 3619; x_wconf 86' lang='lat' dir='ltr'><strong>conventum</strong></span> <span class='ocrx_word' id='word_1_212' title='bbox 863 3557 921 3630; x_wconf 89' lang='lat' dir='ltr'><strong>est,</strong></span> <span class='ocrx_word' id='word_1_213' title='bbox 944 3573 1019 3618; x_wconf 90' lang='lat' dir='ltr'><strong>cum</strong></span> <span class='ocrx_word' id='word_1_214' title='bbox 1053 3552 1108 3618; x_wconf 93' lang='lat' dir='ltr'><strong>hic</strong></span> <span class='ocrx_word' id='word_1_215' title='bbox 1141 3573 1254 3617; x_wconf 91' lang='lat' dir='ltr'><strong>sumus</strong></span> <span class='ocrx_word' id='word_1_216' title='bbox 1287 3572 1329 3616; x_wconf 84' lang='lat' dir='ltr'><strong>ex</strong></span> <span class='ocrx_word' id='word_1_217' title='bbox 1355 3555 1450 3637; x_wconf 83' lang='lat' dir='ltr'><strong>parte</strong></span> 
     </span>
     <span class='ocr_line' id='line_1_28' title="bbox 392 3654 1450 3741; baseline -0.003 -21"><span class='ocrx_word' id='word_1_218' title='bbox 392 3664 409 3691; x_wconf 89' lang='lat'>“</span> <span class='ocrx_word' id='word_1_219' title='bbox 432 3655 677 3741; x_wconf 84' lang='lat' dir='ltr'><strong>archiepiscopi,</strong></span> <span class='ocrx_word' id='word_1_220' title='bbox 700 3661 735 3720; x_wconf 89' lang='lat' dir='ltr'><strong>et</strong></span> <span class='ocrx_word' id='word_1_221' title='bbox 764 3655 854 3741; x_wconf 86' lang='lat' dir='ltr'><strong>prior</strong></span> <span class='ocrx_word' id='word_1_222' title='bbox 875 3659 986 3721; x_wconf 80' lang='lat' dir='ltr'><strong>vester</strong></span> <span class='ocrx_word' id='word_1_223' title='bbox 1016 3655 1061 3720; x_wconf 90' lang='lat' dir='ltr'><strong>sit</strong></span> <span class='ocrx_word' id='word_1_224' title='bbox 1082 3654 1253 3720; x_wconf 90' lang='lat' dir='ltr'><strong>nobiscum</strong></span> <span class='ocrx_word' id='word_1_225' title='bbox 1284 3673 1343 3740; x_wconf 93' lang='lat' dir='ltr'><strong>pro</strong></span> <span class='ocrx_word' id='word_1_226' title='bbox 1373 3673 1450 3718; x_wconf 90' lang='lat' dir='ltr'><strong>con·</strong></span> 
     </span>
     <span class='ocr_line' id='line_1_29' title="bbox 392 3755 1536 3842; baseline 0 -22"><span class='ocrx_word' id='word_1_227' title='bbox 392 3765 408 3792; x_wconf 92' lang='lat'><strong>“</strong></span> <span class='ocrx_word' id='word_1_228' title='bbox 432 3756 562 3824; x_wconf 89' lang='lat' dir='ltr'><strong>ventu.’&#39;</strong></span> <span class='ocrx_word' id='word_1_229' title='bbox 609 3755 728 3822; x_wconf 85' lang='lat' dir='ltr'><strong>Fertur</strong></span> <span class='ocrx_word' id='word_1_230' title='bbox 751 3757 839 3821; x_wconf 90' lang='lat' dir='ltr'><strong>enim</strong></span> <span class='ocrx_word' id='word_1_231' title='bbox 862 3757 950 3842; x_wconf 91' lang='lat' dir='ltr'><strong>quod</strong></span> <span class='ocrx_word' id='word_1_232' title='bbox 980 3756 1028 3820; x_wconf 93' lang='lat' dir='ltr'><strong>ibi</strong></span> <span class='ocrx_word' id='word_1_233' title='bbox 1051 3755 1152 3821; x_wconf 82' lang='lat' dir='ltr'><strong>fuerit</strong></span> <span class='ocrx_word' id='word_1_234' title='bbox 1173 3756 1263 3842; x_wconf 87' lang='lat' dir='ltr'><strong>prior</strong></span> <span class='ocrx_word' id='word_1_235' title='bbox 1290 3755 1452 3831; x_wconf 85' lang='lat' dir='ltr'><strong>Elmerus,</strong></span> <span class='ocrx_word' id='word_1_236' title='bbox 1533 3821 1536 3829; x_wconf 77' lang='grc'><strong>,</strong></span> 
     </span>
     <span class='ocr_line' id='line_1_30' title="bbox 393 3855 1450 3945; baseline -0.002 -23"><span class='ocrx_word' id='word_1_237' title='bbox 393 3857 446 3922; x_wconf 86' lang='lat' dir='ltr'><strong>vir</strong></span> <span class='ocrx_word' id='word_1_238' title='bbox 467 3879 596 3945; x_wconf 82' lang='lat' dir='ltr'><strong>magnae</strong></span> <span class='ocrx_word' id='word_1_239' title='bbox 620 3858 842 3944; x_wconf 75' lang='lat' dir='ltr'><strong>simplicitatis</strong></span> <span class='ocrx_word' id='word_1_240' title='bbox 861 3863 896 3923; x_wconf 93' lang='lat' dir='ltr'><strong>et</strong></span> <span class='ocrx_word' id='word_1_241' title='bbox 909 3858 1041 3924; x_wconf 86' lang='lat' dir='ltr'><strong>eximiae</strong></span> <span class='ocrx_word' id='word_1_242' title='bbox 1057 3857 1232 3944; x_wconf 87' lang='lat' dir='ltr'><strong>religionis.</strong></span> <span class='ocrx_word' id='word_1_243' title='bbox 1280 3855 1343 3921; x_wconf 76' lang='lat' dir='ltr'><strong>Oui</strong></span> <span class='ocrx_word' id='word_1_244' title='bbox 1357 3855 1450 3921; x_wconf 84' lang='lat' dir='ltr'><strong>Jere·</strong></span> 
     </span>
     <span class='ocr_line' id='line_1_31' title="bbox 392 3957 1452 4046; baseline -0.001 -21"><span class='ocrx_word' id='word_1_245' title='bbox 392 3960 497 4026; x_wconf 88' lang='lat' dir='ltr'><strong>mias:</strong></span> <span class='ocrx_word' id='word_1_246' title='bbox 529 3959 667 4037; x_wconf 75' lang='lat' dir='ltr'><strong>“Vere&#39;’</strong></span> <span class='ocrx_word' id='word_1_247' title='bbox 702 3960 821 4045; x_wconf 91' lang='lat' dir='ltr'><strong>inquit,</strong></span> <span class='ocrx_word' id='word_1_248' title='bbox 853 3960 973 4046; x_wconf 88' lang='lat' dir='ltr'><strong>“prior</strong></span> <span class='ocrx_word' id='word_1_249' title='bbox 1005 3965 1117 4026; x_wconf 82' lang='lat' dir='ltr'><strong>noster</strong></span> <span class='ocrx_word' id='word_1_250' title='bbox 1149 3964 1208 4037; x_wconf 90' lang='lat' dir='ltr'><strong>est,</strong></span> <span class='ocrx_word' id='word_1_251' title='bbox 1230 3959 1288 4023; x_wconf 91' lang='lat' dir='ltr'><strong>sed</strong></span> <span class='ocrx_word' id='word_1_252' title='bbox 1318 3957 1355 4022; x_wconf 92' lang='lat' dir='ltr'><strong>in</strong></span> <span class='ocrx_word' id='word_1_253' title='bbox 1388 3957 1452 4024; x_wconf 78' lang='lat' dir='ltr'><strong>hac</strong></span> 
     </span>
     <span class='ocr_line' id='line_1_32' title="bbox 391 4058 1453 4150; baseline -0.002 -22"><span class='ocrx_word' id='word_1_254' title='bbox 391 4071 408 4098; x_wconf 78' lang='lat'><strong>‘¹</strong></span> <span class='ocrx_word' id='word_1_255' title='bbox 431 4067 525 4150; x_wconf 85' lang='lat' dir='ltr'><strong>parte</strong></span> <span class='ocrx_word' id='word_1_256' title='bbox 559 4068 674 4128; x_wconf 85' lang='lat' dir='ltr'><strong>contra</strong></span> <span class='ocrx_word' id='word_1_257' title='bbox 705 4085 765 4127; x_wconf 90' lang='lat' dir='ltr'><strong>nos</strong></span> <span class='ocrx_word' id='word_1_258' title='bbox 797 4068 855 4140; x_wconf 91' lang='lat' dir='ltr'><strong>est,</strong></span> <span class='ocrx_word' id='word_1_259' title='bbox 879 4063 967 4128; x_wconf 90' lang='lat' dir='ltr'><strong>unde</strong></span> <span class='ocrx_word' id='word_1_260' title='bbox 1000 4069 1036 4128; x_wconf 90' lang='lat' dir='ltr'><strong>et</strong></span> <span class='ocrx_word' id='word_1_261' title='bbox 1066 4063 1175 4149; x_wconf 90' lang='lat' dir='ltr'><strong>ipsum</strong></span> <span class='ocrx_word' id='word_1_262' title='bbox 1203 4061 1239 4125; x_wconf 89' lang='lat' dir='ltr'><strong>in</strong></span> <span class='ocrx_word' id='word_1_263' title='bbox 1269 4058 1340 4146; x_wconf 81' lang='lat' dir='ltr'><strong>jam</strong></span> <span class='ocrx_word' id='word_1_264' title='bbox 1362 4058 1453 4126; x_wconf 77' lang='lat' dir='ltr'><strong>facts</strong></span> 
     </span>
     <span class='ocr_line' id='line_1_33' title="bbox 393 4161 1451 4251; baseline -0.005 -20"><span class='ocrx_word' id='word_1_265' title='bbox 393 4163 653 4251; x_wconf 82' lang='lat' dir='ltr'><strong>“appellatione</strong></span> <span class='ocrx_word' id='word_1_266' title='bbox 676 4163 899 4230; x_wconf 81' lang='lat' dir='ltr'><strong>innodemus.&#39;&#39;</strong></span> <span class='ocrx_word' id='word_1_267' title='bbox 946 4163 1186 4233; x_wconf 86' lang='lat' dir='ltr'><strong>Conticuerunt</strong></span> <span class='ocrx_word' id='word_1_268' title='bbox 1207 4161 1250 4228; x_wconf 85' lang='lat' dir='ltr'><strong>sd</strong></span> <span class='ocrx_word' id='word_1_269' title='bbox 1280 4161 1351 4228; x_wconf 83' lang='lat' dir='ltr'><strong>haec</strong></span> <span class='ocrx_word' id='word_1_270' title='bbox 1382 4161 1451 4248; x_wconf 90' lang='lat' dir='ltr'><strong>epi-</strong></span> 
     </span>
     <span class='ocr_line' id='line_1_34' title="bbox 394 4263 1450 4356; baseline -0.005 -24"><span class='ocrx_word' id='word_1_271' title='bbox 394 4269 501 4356; x_wconf 83' lang='lat' dir='ltr'><strong>scopi3</strong></span> <span class='ocrx_word' id='word_1_272' title='bbox 523 4274 566 4346; x_wconf 88' lang='lat' dir='ltr'><strong>et‚·</strong></span> <span class='ocrx_word' id='word_1_273' title='bbox 582 4265 716 4332; x_wconf 86' lang='lat' dir='ltr'><strong>consilio</strong></span> <span class='ocrx_word' id='word_1_274' title='bbox 739 4267 827 4331; x_wconf 86' lang='lat' dir='ltr'><strong>inter</strong></span> <span class='ocrx_word' id='word_1_275' title='bbox 849 4287 884 4332; x_wconf 89' lang='lat' dir='ltr'><strong>se</strong></span> <span class='ocrx_word' id='word_1_276' title='bbox 907 4287 1052 4332; x_wconf 89' lang='lat' dir='ltr'><strong>seorsum</strong></span> <span class='ocrx_word' id='word_1_277' title='bbox 1074 4265 1199 4342; x_wconf 86' lang='lat' dir='ltr'><strong>habito,</strong></span> <span class='ocrx_word' id='word_1_278' title='bbox 1221 4264 1293 4330; x_wconf 83' lang='lat' dir='ltr'><strong>haee</strong></span> <span class='ocrx_word' id='word_1_279' title='bbox 1316 4263 1450 4328; x_wconf 87' lang='lat' dir='ltr'><strong>tandem</strong></span> 
     </span>
     <span class='ocr_line' id='line_1_35' title="bbox 395 4363 1451 4455; baseline -0.005 -22"><span class='ocrx_word' id='word_1_280' title='bbox 395 4367 556 4436; x_wconf 84' lang='lat' dir='ltr'><strong>monacho</strong></span> <span class='ocrx_word' id='word_1_281' title='bbox 587 4368 790 4434; x_wconf 79' lang='lat' dir='ltr'><strong>retulerrmt:</strong></span> <span class='ocrx_word' id='word_1_282' title='bbox 814 4366 896 4432; x_wconf 85' lang='lat' dir='ltr'><strong>“Ex</strong></span> <span class='ocrx_word' id='word_1_283' title='bbox 929 4373 1094 4455; x_wconf 85' lang='lat' dir='ltr'><strong>praecepto</strong></span> <span class='ocrx_word' id='word_1_284' title='bbox 1128 4364 1255 4432; x_wconf 91' lang='lat' dir='ltr'><strong>domini</strong></span> <span class='ocrx_word' id='word_1_285' title='bbox 1290 4363 1451 4452; x_wconf 85' lang='lat' dir='ltr'><strong>archiepi-</strong></span> 
     </span>
    </p>
   </div>
   <div class='ocr_carea' id='block_1_9' title="bbox 395 4466 1451 4556">
    <p class='ocr_par' dir='ltr' id='par_1_20' title="bbox 395 4466 1451 4556">
     <span class='ocr_line' id='line_1_36' title="bbox 395 4466 1451 4556; baseline -0.007 -19"><span class='ocrx_word' id='word_1_286' title='bbox 395 4479 411 4506; x_wconf 92' lang='lat'><strong>“</strong></span> <span class='ocrx_word' id='word_1_287' title='bbox 435 4471 524 4556; x_wconf 89' lang='lat' dir='ltr'><strong>scopi</strong></span> <span class='ocrx_word' id='word_1_288' title='bbox 554 4470 621 4535; x_wconf 92' lang='lat' dir='ltr'><strong>huc</strong></span> <span class='ocrx_word' id='word_1_289' title='bbox 653 4470 814 4547; x_wconf 88' lang='lat' dir='ltr'><strong>venimus,</strong></span> <span class='ocrx_word' id='word_1_290' title='bbox 836 4472 875 4534; x_wconf 91' lang='lat' dir='ltr'><strong>tu</strong></span> <span class='ocrx_word' id='word_1_291' title='bbox 897 4489 977 4536; x_wconf 88' lang='lat' dir='ltr'><strong>vero</strong></span> <span class='ocrx_word' id='word_1_292' title='bbox 1008 4471 1123 4536; x_wconf 85' lang='lat' dir='ltr'><strong>contre</strong></span> <span class='ocrx_word' id='word_1_293' title='bbox 1156 4466 1227 4553; x_wconf 83' lang='lat' dir='ltr'><strong>ejus</strong></span> <span class='ocrx_word' id='word_1_294' title='bbox 1249 4468 1451 4551; x_wconf 75' lang='lat' dir='ltr'><strong>praeceptum</strong></span> 
     </span>
    </p>
   </div>
   <div class='ocr_carea' id='block_1_10' title="bbox 428 4680 1319 4831">
    <p class='ocr_par' dir='ltr' id='par_1_21' title="bbox 428 4680 1319 4831">
     <span class='ocr_line' id='line_1_37' title="bbox 429 4680 1319 4751; baseline -0.004 -17"><span class='ocrx_word' id='word_1_295' title='bbox 429 4684 438 4717; x_wconf 89' lang='lat'>¹</span> <span class='ocrx_word' id='word_1_296' title='bbox 449 4684 523 4751; x_wconf 77' lang='lat' dir='ltr'><strong>istos]</strong></span> <span class='ocrx_word' id='word_1_297' title='bbox 537 4691 570 4745; x_wconf 82' lang='lat' dir='ltr'><strong>et,</strong></span> <span class='ocrx_word' id='word_1_298' title='bbox 582 4683 629 4734; x_wconf 76' lang='lat' dir='ltr'><strong>int.</strong></span> <span class='ocrx_word' id='word_1_299' title='bbox 644 4685 672 4738; x_wconf 83' lang='lat' dir='ltr'><strong>C.</strong></span> <span class='ocrx_word' id='word_1_300' title='bbox 979 4681 990 4716; x_wconf 84' lang='lat'>⁸</span> <span class='ocrx_word' id='word_1_301' title='bbox 1003 4681 1123 4749; x_wconf 73' lang='lat' dir='ltr'><strong>masur]</strong></span> <span class='ocrx_word' id='word_1_302' title='bbox 1137 4691 1277 4743; x_wconf 70' lang='lat' dir='ltr'><strong>musenim,</strong></span> <span class='ocrx_word' id='word_1_303' title='bbox 1289 4680 1319 4733; x_wconf 85' lang='lat' dir='ltr'><strong>C.</strong></span> 
     </span>
     <span class='ocr_line' id='line_1_38' title="bbox 428 4763 897 4831; baseline 0 -17"><span class='ocrx_word' id='word_1_304' title='bbox 428 4763 646 4831; x_wconf 57' lang='lat' dir='ltr'><strong>’dispositionem</strong></span> <span class='ocrx_word' id='word_1_305' title='bbox 659 4764 853 4830; x_wconf 77' lang='lat' dir='ltr'><strong>depositionem,</strong></span> <span class='ocrx_word' id='word_1_306' title='bbox 865 4763 897 4816; x_wconf 83' lang='lat' dir='ltr'><strong>G.</strong></span> 
     </span>
    </p>
   </div>
   <div class='ocr_carea' id='block_1_11' title="bbox 0 0 1795 5732">
    <p class='ocr_par' dir='ltr' id='par_1_22' title="bbox 0 0 1795 5732">
     <span class='ocr_line' id='line_1_39' title="bbox 0 0 1795 5732; baseline 0 0"><span class='ocrx_word' id='word_1_307' title='bbox 0 0 1795 5732; x_wconf 95' lang='lat' dir='ltr'><strong> </strong></span> 
     </span>
    </p>
   </div>
  </div>
 </body>
</html>
