3662 5728
427 932 492 996 164
628 944 791 995 sunvssu
813 943 975 994 nossem
998 944 1272 1029 esurusursusrs

276 1135 333 1180 al)
340 1126 711 1185 11u.“benedi0tionem.
761 1130 876 1200 Quanto
909 1130 1035 1202 amplius
1064 1098 1238 1186 venerabilis
1267 1130 1358 1185 frater
1386 1133 1487 1184 noster

259 1201 451 1347 ᾷμῑξθὲᾗξξμ
471 1211 688 1269 Oantuariensis
706 1214 948 1285 archiepiscopus,
963 1213 1217 1285 apostolicaesedis
1235 1215 1360 1286 legatus,
1373 1212 1487 1283 abipso

259 1303 451 1406 §affin
432 1296 451 1322 “
470 1296 660 1366 P10motionis
672 1314 732 1353 sua
750 1302 880 1370 tempore
893 1301 1083 1353 sacrosanctas
1095 1297 1235 1353 Romana
1253 1296 1380 1353 ecclesis
1393 1294 1487 1357 fidelis

259 1352 373 1449 dmm„
443 1379 585 1451 semper
608 1396 643 1436 ac
667 1380 789 1436 devotus
813 1380 945 1436 noscitur
969 1380 1108 1446 extitisse,
1128 1386 1210 1436 tanto
1228 1379 1402 1469 propensius
1419 1396 1487 1433 eum

275 1454 405 1549 mfflssgh
431 1462 451 1489 ‘⁸
470 1466 501 1516 et
526 1462 709 1519 commissam
736 1463 792 1519 sibi
817 1463 971 1519 ecclesiam
996 1463 1121 1536 diligere
1145 1482 1198 1519 nos
1224 1460 1347 1535 oportet,
1367 1468 1397 1518 et
1420 1461 1488 1533 jura

259 1552 349 1605 buhen,
357 1568 383 1599 ns
432 1545 451 1572 ‘¹
471 1563 523 1600 sua
540 1545 634 1601 eidem
651 1547 766 1603 illibata
784 1546 922 1605 debemus
940 1554 970 1604 et
996 1548 1112 1621 integra
1129 1566 1308 1605 conservare.
1345 1546 1420 1602 Indo
1442 1550 1487 1602 est

258 1586 401 1700 &ciffi
431 1631 451 1656 “
471 1628 550 1699 qnod
561 1630 712 1686 dilectioni
728 1636 788 1687 tnae
805 1649 858 1703 per
875 1631 1035 1704 apostoliea
1052 1632 1160 1704 scripta
1177 1631 1393 1703 praecipiendo¹
1405 1647 1485 1685 man-

257 1703 324 1750 dona
431 1713 451 1739 “
470 1712 582 1779 damus,
604 1713 741 1785 quatinus
759 1714 835 1770 sient
859 1715 987 1787 aliquem
1005 1721 1219 1772 antecessorum
1236 1720 1356 1770 tuorum
1373 1717 1487 1770 constat

431 1796 450 1821 “
469 1795 558 1851 alicui
583 1797 791 1868 praedecessori
809 1798 939 1869 ejusdem
957 1799 1058 1855 fratris
1075 1799 1171 1870 nostri
1188 1798 1397 1871 archiepiscopi
1420 1798 1485 1853 obe·

431 1880 449 1906 “
470 1879 612 1936 dientim
637 1881 736 1953 ulique
761 1887 893 1955 tempore
917 1882 1092 1949 exhibuisse,
1111 1883 1154 1938 ita
1171 1900 1236 1938 eam
1254 1882 1336 1938 omni
1360 1882 1486 1954 appella·

431 1964 449 1991 ‘⁴
468 1962 548 2020 tione
566 1969 597 2020 et
615 1966 764 2022 occasione
781 1972 904 2031 remota,
924 1966 1002 2022 infra
1023 1985 1088 2022 xxx.
1109 1965 1170 2023 dies
1188 1972 1255 2039 post
1274 1965 1486 2037 susceptionem

430 2048 450 2075 “
469 2047 658 2119 praesentium
676 2047 870 2104 litterarum
861 2048 918 2120 rpsi
935 2065 995 2104 non
1014 2049 1133 2105 differas
1151 2049 1314 2105 exhibere?

157 2154 159 2159 ¹
256 2142 397 2195 curatas
474 2130 539 2195 His
565 2131 698 2208 auditis,
722 2130 883 2198 Silvester
909 2132 1040 2199 dicebat
1064 2132 1128 2198 sibi
1158 2153 1226 2197 non
1250 2137 1399 2199 constare
1424 2131 1486 2197 ali·

258 2200 405 2295 {ih-lida
429 2252 528 2317 quem
554 2231 830 2318 praedecessorum
866 2254 1000 2299 suorum
1026 2233 1218 2319 hujusmodi
1248 2233 1486 2320 professionem

258 2300 396 2445 i¹⁰h03s
429 2333 551 2401 fecisse.
613 2334 817 2413 “Faciam''
847 2336 959 2422 inquit
998 2335 1270 2429 archiepiscopus,
1314 2335 1443 2401 “tibi
1434 2357 1486 2399 ιιι-

258 2399 438 2511 „cithera
440 2441 658 2503 ‘cunctanter
680 2437 856 2504 constare?
902 2438 1094 2507 Astiterunt
1115 2439 1228 2525 itaque
1249 2439 1315 2504 viri
1332 2438 1486 2526 religiosi,

258 2512 384 2554 mum
429 2539 541 2605 fideles
575 2544 610 2604 et
636 2560 738 2617 senes,
762 2540 821 2626 qui
850 2540 949 2606 tactis
974 2542 1190 2607 saerosanctis
1212 2542 1421 2627 juraverunt,
1451 2562 1486 2605 se

260 2563 358 2654 mm
428 2646 606 2727 praesentes
621 2640 722 2706 fixisse
737 2641 932 2727 professioni
951 2641 1105 2728 Hugonis
1129 2642 1427 2728 predecessoris
1399 2665 1484 2728 eJus·

429 2744 504 2810 dem
535 2743 698 2820 Silvestri,
738 2764 838 2829 quam
875 2744 999 2811 iecerat
1036 2743 1203 2810 Willelmo
1241 2742 1486 2831 archiepiscopo

426 2845 657 2934 praedecessori
684 2845 896 2912 Theodbaldi.
944 2846 1074 2926 Quibus
1095 2846 1228 2923 auditis,
1253 2847 1413 2913 Silvestcr
1434 2847 1485 2911 ul-

426 2949 531 3014 terius
547 2948 699 3014 rceistere
714 2970 783 3014 non
798 2948 922 3027 valens,
933 2949 1062 3035 judicio
1078 2948 1227 3014 omnium
1242 2948 1485 3036 archiepiscopo

428 3048 661 3116 Cantuarienei
688 3049 875 3115 absolutam
905 3049 984 3114 iecit
1013 3049 1255 3135 professionem.
1313 3049 1355 3113 In
1384 3049 1485 3136 hujus

427 3150 638 3237 professionis
660 3150 891 3217 testimonium
914 3151 1103 3236 compositae
1123 3156 1203 3215 sunt
1222 3149 1345 3215 ibidem
1363 3150 1485 3216 litterae

426 3258 554 3339 septem
574 3252 801 3339 episcoporum
821 3250 939 3338 sigillis
954 3251 1102 3337 signatae,
1118 3273 1193 3338 quae
1209 3273 1313 3337 usque
1330 3252 1367 3315 in
1390 3251 1485 3318 hodi-

427 3375 544 3419 ernum
567 3354 655 3420 diem
671 3355 714 3420 ad
740 3354 904 3421 cautelam
930 3352 1119 3419 futurorum
1144 3353 1181 3418 in
1206 3353 1341 3419 ecclesia
1357 3352 1483 3420 Christi

426 3455 661 3523 reserventur.2
706 3457 836 3522 Harum
862 3455 1052 3521 litterarum
1075 3456 1140 3521 iste
1165 3462 1216 3522 est
1242 3462 1377 3523 textus:

258 3561 446 3709 tlddwthhdfps„
465 3558 656 3615 “Universis
674 3565 782 3615 sanctos
800 3558 931 3615 ecclesie
958 3558 1027 3613 filiis
1045 3564 1075 3614 et
1093 3558 1229 3615 fidelibus
1247 3558 1389 3616 Ricardus
1399 3559 1483 3619 Lon·

258 3664 449 3810 acts
427 3641 632 3782 Ztttht‘.
661 3642 1052 3797 ittffl‘tttt
1082 3642 1485 3793 trititfttttt

258 3777 449 3860 &gigan
430 3807 705 3873 “Hsrefordensis,
722 3807 866 3864 Bobertus
884 3807 1096 3864 Lincolniensis
1115 3808 1241 3880 episcopi
1259 3809 1392 3866 salutem
1430 3810 1485 3867 Re·

257 3866 370 3963 ‘iim'
432 3892 452 3919 “
469 3909 536 3947 rum
566 3897 717 3964 gestarum
746 3890 888 3946 memoria
918 3890 1039 3962 provide
1073 3891 1110 3946 lit
1098 3892 1182 3947 ttoris
1211 3892 1416 3959 committitur,
1448 3911 1484 3949 ne

258 3968 439 4024 mmm*
443 3979 569 4032 ‘tractu
585 3974 727 4048 temporis
743 3992 779 4030 ea
797 3991 863 4047 qua
888 3975 980 4031 semel
997 3980 1075 4031 recte
1093 3974 1252 4030 terminata
1274 3981 1351 4041 sunt,
1369 3977 1485 4033 iteratis

429 4059 715 4131 “refragationibus
748 4057 962 4131 perturbentur.
1011 4058 1086 4114 Inde
1117 4062 1161 4113 est
1192 4058 1270 4129 quod
1298 4060 1485 4117 universitati

429 4147 449 4174 “
467 4149 573 4210 vestrm
585 4143 741 4216 pressantis
753 4142 857 4214 scripti
867 4142 1054 4198 attestatione
1065 4147 1170 4198 notum
1181 4143 1313 4210 facimus,
1328 4144 1406 4216 quod
1417 4162 1485 4201 con·

428 4227 613 4283 “troversia
639 4225 820 4297 temporibus
847 4226 955 4281 nostris
981 4231 1060 4291 nata,
1089 4243 1153 4296 quaa
1183 4225 1261 4281 inter
1291 4227 1484 4283 venerabilem

429 4314 448 4340 “
467 4318 582 4382 patrem
599 4316 732 4365 nostrum
746 4308 969 4363 Theodbaldum
989 4307 1207 4364 cantuariensis
1226 4310 1356 4366 ecclesias
1374 4311 1484 4367 archie-

429 4395 447 4421 “
468 4395 619 4467 piscopum
638 4398 668 4448 et
680 4392 855 4449 Silvestrum
873 4390 1007 4447 abbatem
1025 4392 1195 4448 monasterii
1213 4391 1315 4448 Sancti
1325 4392 1487 4465 Augustini

429 4478 448 4503 ‘⁸
469 4478 634 4534 Oantuariae
652 4495 739 4550 snper
763 4474 898 4532 facienda
923 4475 979 4531 sibi
996 4477 1174 4549 professione
1202 4477 1358 4532 abeodem
1381 4478 1485 4534 abbate

430 4562 449 4588 ‘⁴
467 4562 647 4627 versabatur,
669 4561 755 4632 juxta
772 4559 943 4615 mandatum
962 4560 1074 4616 domiui
1089 4578 1173 4632 papae
1196 4560 1322 4616 Adriani
1339 4562 1393 4618 sub
1410 4579 1484 4633 proe·

429 4647 446 4672 “
466 4646 560 4702 sentia
586 4651 687 4700 nostra
710 4645 766 4699 hoc
790 4643 877 4703 modo
902 4645 1058 4700 terminate
1086 4652 1139 4701 cst.
1178 4645 1308 4701 Dederat
1332 4646 1410 4701 enim
1428 4645 1486 4718 ipsi

462 4803 660 4870 ¹proeoipicndo]
675 4820 726 4854 om.
739 4803 773 4853 A.
784 4804 816 4853 B.
977 4802 1005 4853 iu
1021 4804 1097 4855 modo
1108 4803 1197 4855 forulae
1208 4803 1348 4870 composita
1356 4804 1389 4866 ”3
1407 4804 1442 4855 Δ
1454 4804 1480 4856 in

462 4882 474 4916 ²
484 4884 543 4935 “Et
553 4890 612 4934 sunt
623 4882 649 4933 in
661 4881 813 4934 cancellmia
830 4880 856 4932 in
867 4880 930 4933 cista
978 4897 1059 4949 marg.
