3646 5720
430 896 496 960 282
631 907 793 960 annvnsn
815 909 978 960 uorncm
1000 907 1274 961 clarummane

275 1097 400 1143 hil-¹¹⁷⁹·
430 1103 450 1129 “
469 1100 752 1157 administrationem
769 1099 914 1167 habuerit,
934 1099 1055 1158 deaureo
1072 1105 1205 1173 temporo
1229 1099 1266 1156 de
1283 1100 1486 1159 ooneeorandie
1497 1106 1595 1158 &aaa

294 1147 383 1254 ¹33⁰ss
430 1186 448 1213 ‘⁸
469 1183 612 1256 epiaoopie
629 1201 648 1240 a
664 1183 826 1245 oanouibua
843 1182 978 1250 diffinito,
991 1184 1017 1240 ie
1034 1183 1073 1239 ad
1091 1202 1179 1255 quom
1196 1190 1329 1256 epeotant
1345 1170 1583 1241 bonefloia'bw·

336 1340 343 1355 .
429 1270 447 1296 “
468 1285 535 1339 quaa
547 1267 693 1324 habuerat
703 1266 877 1339 disponendi
894 1266 931 1324 de
949 1266 1009 1323 illie
1026 1267 1151 1324 liberam
1163 1267 1296 1339 optineat
1306 1268 1485 1324 facultatem.

431 1353 448 1378 “
469 1350 614 1406 Interiora
631 1349 721 1406 etiam
738 1348 911 1415 ministeria,
930 1354 966 1405 ut
982 1353 1057 1421 puta
1080 1348 1249 1416 deoanatua,
1273 1349 1486 1406 arohidiaoona·

430 1435 450 1461 “
468 1438 518 1488 tna
542 1439 572 1489 et
589 1433 648 1489 alia
673 1450 738 1504 quae
764 1432 928 1489 animarum
954 1449 1056 1489 aarum
1083 1432 1194 1489 habent
1217 1449 1368 1498 annexam,
1386 1433 1487 1490 nullae

430 1520 449 1544 ⁴‘
468 1517 586 1573 omnino
604 1515 754 1589 amoipiat,
769 1515 822 1571 ned
839 1533 893 1572 neo
910 1515 1122 1588 paroehialium
1139 1516 1330 1573 eooleeiaram
1340 1516 1485 1589 regimen,

429 1601 450 1627 “
469 1599 527 1655 niei
545 1599 596 1670 qai
611 1600 675 1672 jam
695 1600 826 1655 xx²¹¹v⁸¹¹¹²¹
847 1616 957 1655 annum
974 1598 1070 1655 atatis
1082 1598 1226 1670 attigerit,
1245 1605 1277 1656 et
1297 1599 1348 1671 qui
1365 1599 1488 1656 eoieutia

430 1684 450 1709 ‘¹
470 1688 501 1738 ot
526 1681 657 1739 moribus
681 1681 929 1738 oommeudandna
946 1681 1061 1738 existat.
1106 1682 1181 1738 Cum
1198 1687 1297 1738 autam
1320 1688 1486 1754 mumptnn

430 1767 451 1794 “
470 1765 569 1830 fuerit,
589 1764 616 1821 ei
633 1764 854 1822 arohidiooonue
870 1764 901 1819 in
924 1764 1085 1831 dianonem
1104 1765 1232 1822 deoanua
1250 1770 1281 1821 et
1297 1764 1406 1836 reliqui
1423 1782 1485 1821 am·

431 1849 451 1875 “
470 1848 587 1914 moniti,
605 1865 665 1905 non
692 1848 802 1903 fuerint
826 1847 945 1919 praefixo
970 1865 989 1903 a
1012 1847 1171 1905 canonibus
1194 1852 1325 1920 tempore
1349 1848 1381 1903 iu
1407 1865 1487 1920 pree·

431 1933 450 1958 “
470 1933 588 2002 bytaroa
605 1930 743 1996 ordinati,
762 1935 794 1986 et
810 1931 848 1986 ab
866 1930 918 1986 ino
935 1937 1142 1987 removeantur
1159 1931 1252 1988 offloio
1271 1936 1302 1987 et
1319 1930 1402 1988 aliie¹
1420 1949 1487 1988 oon·

430 2016 450 2042 “
470 2014 591 2079 seratur,
611 2013 662 2085 qni
680 2011 730 2068 et¹
747 2013 840 2087 velint
858 2018 889 2068 et
906 2014 1022 2084 poeaint
1039 2013 1114 2069 illud
1132 2014 1341 2071 eonvenioater
1352 2013 1485 2085 implere.

433 2098 451 2124 “
472 2096 535 2152 Neo
553 2096 647 2168 prosit
664 2095 707 2151 eia
724 2094 927 2167 appellationis
951 2095 1120 2167 diffugium,
1139 2095 1165 2152 ei
1182 2095 1258 2153 forte
1277 2096 1309 2151 in
1325 2100 1487 2168 menegraa·

434 2181 454 2207 “
473 2179 552 2234 aione
582 2177 799 2234 oonetitntionie
829 2178 914 2234 iatine
943 2196 996 2250 por
1026 2177 1250 2252 appellationem
1279 2179 1427 2236 voluerint
1456 2196 1487 2236 ee

435 2264 455 2289 “
474 2262 559 2316 tueri.
596 2261 661 2318 Hoo
673 2278 742 2317 eane
760 2277 820 2316 non
832 2261 925 2317 nolum
945 2261 982 2317 de
995 2262 1208 2335 promovendis,
1223 2261 1276 2318 aad
1288 2261 1324 2317 do
1343 2262 1380 2318 iia
1396 2262 1487 2319 etiam

434 2347 454 2373 “
473 2346 524 2416 qui
537 2346 601 2418 jam
626 2345 752 2418 promoti
770 2350 847 2410 eunt,
867 2345 893 2400 ei
910 2362 1035 2402 mnonee
1052 2364 1112 2401 non
1130 2346 1283 2411 obsistant,
1301 2345 1488 2419 proeuipimna

434 2431 453 2456 “
472 2428 695 2485 observandum.
732 2426 839 2484 Olarioi
851 2427 979 2499 qnidam,
992 2428 1018 2484 ei
1030 2433 1133 2484 ooutra
1149 2428 1274 2484 formam
1285 2428 1374 2484 iatam
1387 2445 1487 2500 qnem-

434 2514 453 2538 “
473 2529 561 2583 quam
586 2511 740 2583 elegerint,
760 2517 791 2567 et
817 2510 949 2583 eligendi
963 2516 1106 2583 potestate
1123 2510 1264 2583 privator,
1288 2516 1319 2568 et
1340 2512 1377 2568 ab
1396 2513 1488 2570 anolo·

434 2597 453 2625 “
472 2596 597 2653 eiaetioie
614 2596 763 2652 benefieiis
786 2595 915 2652 triennio
933 2596 1070 2653 noverint
1097 2613 1128 2652 ee
1153 2613 1320 2669 enepaneoe.
1354 2597 1487 2670 Dignum

433 2681 453 2706 “
472 2684 518 2735 eet
536 2679 626 2746 enim,
646 2685 681 2735 at
701 2696 774 2750 quoe
792 2678 848 2736 Dei
868 2679 959 2736 timor
975 2696 994 2735 a
1011 2679 1088 2736 malo
1112 2696 1171 2736 uon
1193 2685 1319 2745 revooat,
1338 2680 1486 2738 molaniae·

433 2765 452 2790 “
471 2763 540 2818 tioae
557 2763 662 2819 ealtem
675 2763 828 2819 cohorreat
847 2763 987 2820 aaronitae
998 2762 1170 2835 dieoiplinoe.
1207 2762 1367 2837 Epieoopue
1378 2769 1486 2831 antem,

432 2847 452 2873 “
471 2846 497 2902 ei
515 2852 567 2901 ant
579 2846 683 2902 feeerit
699 2853 802 2902 eontra
817 2846 883 2913 hoo,
902 2852 955 2903 aut
972 2845 1152 2903 ooneeneerit
1162 2846 1238 2913 fieri,
1257 2847 1289 2903 in
1306 2847 1487 2905 conserendis

433 2929 451 2955 “
472 2928 621 3000 praediotie
640 2928 740 2984 offioiie
764 2932 940 3001 potestatem
954 2945 1038 2984 enam
1056 2927 1183 2994 amittat,
1196 2933 1227 2985 ot
1245 2947 1299 3001 per
1316 2930 1487 3002 oapitulnm,

434 3014 452 3039 ‘¹
471 3017 524 3067 aut
541 3029 595 3082 per
606 3011 873 3082 metropolitanum,
887 3011 913 3066 ei
930 3010 1094 3083 oapitulnm
1112 3011 1288 3084 nequiverit,
1307 3012 1487 3069 ordinentur.

469 3097 489 3122 “
509 3095 563 3149 m
582 3094 674 3149 anla
690 3093 887 3151 eooleeiaetica
912 3094 1085 3160 ministeria,
1102 3111 1154 3151 aen
1171 3094 1261 3152 etiam
1286 3096 1426 3153 benefloia
1442 3097 1597 3156 relBanet

433 3179 453 3205 “
472 3176 609 3244 aoclaeiae,
630 3177 719 3233 aliani
744 3177 921 3244 tribuantur,
946 3196 997 3234 een
1020 3177 1239 3250 promittantur,
1258 3184 1415 3251 autequam
1440 3171 1517 3235 vra-l·
1529 3176 1587 3223 288.

472 3264 555 3326 oent;
580 3277 619 3315 ua
636 3260 800 3316 desiderare
827 3260 892 3331 quie
916 3266 1041 3316 mortem
1057 3261 1184 3332 proximi
1200 3260 1335 3318 rideatur
1358 3263 1390 3317 in
1408 3263 1490 3336 onjne

444 3345 568 3400 ‘locum
586 3347 616 3399 et
632 3342 805 3399 benefieinm
829 3359 860 3400 eo
882 3343 977 3400 eredit
1000 3361 1209 3401 euooeeeurnm.
1255 3344 1331 3401 (lam
1354 3345 1433 3402 anim
1458 3347 1490 3403 id

434 3424 454 3451 “
473 3418 564 3489 etiam
588 3423 620 3478 iu
637 3422 709 3495 ipeie
726 3422 883 3494 mutilium
901 3422 1017 3493 legibue
1034 3422 1201 3479 inveniatur
1217 3423 1387 3492 inhibitum,
1404 3430 1491 3498 turpe

433 3508 452 3534 “
471 3504 561 3562 nimie
578 3512 633 3572 oet,
646 3513 676 3562 at
694 3505 789 3565 divini
806 3507 926 3578 plenum
944 3505 1193 3562 animadversione
1207 3506 1323 3580 judieii,
1343 3509 1370 3565 ei
1393 3508 1489 3565 loonm

433 3593 452 3618 ‘⁴
471 3590 504 3646 in
527 3590 648 3645 eooleaia
668 3589 723 3645 Dei
748 3590 855 3646 lntnrae
875 3588 1065 3646 encoeeaionie
1085 3591 1248 3662 expectatio
1265 3591 1381 3658 habeat,
1401 3609 1488 3664 qaam

433 3677 452 3701 “
472 3673 529 3746 ipei
548 3673 638 3730 etiam
662 3674 876 3745 condempnare
896 3672 1021 3743 gentiles
1041 3672 1176 3730 hominen
1192 3680 1377 3732 curaverunt.
1413 3675 1490 3732 Oum

432 3759 451 3784 “
470 3775 540 3813 varo
568 3756 749 3829 prebendae,
779 3755 926 3821 eooleeiaa,
957 3772 1009 3811 eea
1038 3756 1178 3827 quaelibet
1206 3757 1301 3814 affinia
1330 3758 1362 3813 in
1390 3758 1490 3832 aliqua

433 3843 452 3869 “
471 3840 593 3897 eooleeia
612 3856 716 3914 vaoara
733 3839 899 3911 eontigerit,
912 3840 960 3895 rel
977 3838 1003 3895 ai
1021 3839 1112 3897 etiam
1126 3841 1218 3897 modo
1237 3847 1353 3909 vacant,
1366 3858 1426 3898 aon
1437 3842 1490 3899 dia

431 3928 451 3954 ‘⁶
470 3930 608 3982 maneant
623 3925 656 3980 in
673 3940 822 3995 enapeneo,
840 3923 892 3980 aad
903 3923 1158 3981 interimentia
1175 3927 1305 3997 pareouie
1323 3944 1388 3999 qua
1400 3926 1490 3999 digne

432 4008 680 4065 “administrare
702 4007 821 4064 valeant
844 4008 1039 4064 oonferantur.
1090 4007 1123 4065 Si
1147 4013 1246 4066 autern
1269 4011 1422 4084 apiaoopue
1438 4009 1490 4067 ubi

432 4096 451 4121 “
471 4092 509 4148 ad
530 4110 598 4148 oum
616 4090 790 4162 spectaverit
809 4091 940 4146 oouserre
956 4090 1114 4157 dietnlerit,
1128 4110 1181 4165 per
1197 4093 1359 4166 oapitulnm
1377 4094 1490 4150 ordina·

433 4178 451 4203 “
470 4181 531 4231 tur.
567 4175 650 4245 Quod
668 4174 693 4231 ei
712 4173 750 4229 ad
768 4173 931 4246 oapitulnm
949 4173 1053 4229 electio
1071 4175 1255 4246 pertinuerit,
1274 4182 1306 4233 et
1322 4175 1401 4232 infra
1419 4195 1490 4250 praa·

433 4259 619 4332 “scriptum
641 4256 802 4317 terminum
831 4256 887 4313 hoo
916 4273 976 4312 uon
1006 4256 1117 4324 feeerit,
1148 4259 1301 4332 epieoopnn
1330 4260 1490 4317 eeoandnm

433 4343 568 4399 “Deum
597 4341 652 4397 hoo
682 4358 749 4396 oum
773 4339 894 4396 oonnilio
918 4338 1125 4411 religiosorum
1148 4342 1280 4397 virorum
1308 4348 1489 4415 exaequatur.

434 4428 453 4454 “
472 4426 535 4482 Aut
554 4426 580 4482 ai
601 4426 676 4480 sorte
699 4439 799 4479 omnee
822 4422 1014 4499 neglexerint,
1033 4423 1278 4496 metropolitanae
1296 4424 1334 4481 de
1355 4424 1426 4496 ipeie
1447 4443 1492 4483 se·

434 4511 453 4537 “
472 4509 601 4565 nondam
642 4507 737 4563 Deam
774 4506 881 4578 abeqne
920 4505 1039 4561 illoram
1077 4506 1308 4564 oouuadiotione
1344 4508 1491 4580 disponat.

433 4594 453 4618 “
467 4591 616 4646 Prteieraa
644 4589 808 4661 episeopus,
839 4589 864 4645 ai
891 4587 1018 4661 aliquam
1048 4588 1112 4646 eine
1141 4596 1221 4647 oarto
1250 4591 1339 4647 titulo
1368 4591 1405 4648 de
1434 4610 1492 4664 quo

465 4809 560 4878 ¹aliia]
575 4809 629 4874 alii,
639 4809 674 4861 A.
686 4808 718 4860 B.
730 4808 760 4861 C.
950 4808 956 4877 Ι
1002 4809 1060 4878 ἐι]
1075 4825 1126 4862 oar.
1138 4811 1173 4864 A.
1186 4811 1218 4863 B.
