3544 5724
420 854 463 920 20
621 868 781 917 ornvasn
805 868 965 918 mousom
989 868 1261 918 csnrulnransrs

267 1077 396 1142 russum·
420 1059 501 1146 quis
522 1056 625 1124 ineis
647 1058 765 1124 chorus
788 1064 822 1123 et
848 1078 958 1124 cruces
981 1059 1155 1124 convenire
1175 1059 1369 1135 debuerunt,
1384 1058 1474 1145 prin·

205 1146 210 1154 ¹
272 1131 388 1277 {effi
420 1161 541 1249 ripales
571 1183 640 1227 esse
670 1160 853 1228 constituit.
915 1160 961 1276 In.
987 1159 1108 1246 quibus
1138 1161 1296 1248 appositis
1320 1160 1475 1276 'clavibus

256 1283 401 1386 Μὴ
420 1270 455 1329 et
479 1263 602 1329 fornice
624 1262 719 1341 facta,
734 1286 756 1328 o
779 1268 869 1328 turre
896 1284 1019 1348 majore
1042 1284 1146 1348 usque
1166 1264 1209 1328 ad
1232 1263 1367 1349 pilanus
1392 1285 1475 1349 prae-

307 1406 359 1416 -
403 1365 534 1443 ’dictos
550 1367 585 1430 id
608 1371 667 1443 est,
683 1387 787 1451 usque
808 1366 852 1430 ad
874 1386 1012 1441 crucem,
1027 1365 1193 1430 triferium
1208 1365 1345 1431 inferius
1361 1365 1475 1430 multis

252 1449 404 1542 tfflssssl'
421 1469 569 1534 intexuit
598 1468 782 1554 columpnis
811 1468 1009 1532 marmoreis.
1056 1467 1162 1553 Super
1192 1468 1280 1554 quod
1311 1468 1475 1533 triferium

252 1551 403 1645 tinctitiis.
420 1571 511 1636 eliud
543 1591 673 1657 quoque
702 1591 745 1636 ex
775 1568 841 1635 alia
870 1570 1010 1635 materia
1040 1576 1075 1635 et
1104 1570 1264 1636 fenestras
1293 1570 1475 1657 superiores

421 1673 558 1760 aptavit.
616 1672 746 1738 Deinde
776 1670 910 1737 fornicis
940 1693 1068 1759 magnae
1099 1678 1166 1738 tres
1191 1672 1310 1751 claves,
1333 1693 1356 1739 a
1385 1678 1475 1738 turre

420 1776 545 1843 scilicet
567 1796 671 1860 usque
693 1774 737 1840 ad
759 1794 877 1840 mucce.
925 1774 1008 1854 Quae
1031 1775 1142 1841 omnia
1164 1775 1259 1840 nobis
1274 1780 1309 1841 et
1323 1775 1475 1840 omnibus

421 1900 461 1945 es
475 1878 666 1944 videntibus
692 1876 962 1964 incomparabilia
986 1882 1021 1942 et
1047 1877 1144 1943 laude
1168 1877 1362 1965 dignissima
1383 1878 1475 1943 vide-

420 1982 551 2047 bantur.
598 1979 650 2045 De
679 1977 741 2046 hoc
771 2001 848 2065 ergo
878 1984 948 2044 tam
978 1979 1119 2067 glorioso
1155 1981 1318 2067 principio
1355 1980 1475 2046 hilares

422 2083 530 2150 effecti
552 2089 587 2148 et
609 2082 732 2148 future
753 2083 1045 2148 consummationis
1068 2083 1189 2148 bonam
1211 2104 1303 2169 spem
1332 2083 1475 2170 concipi·

421 2193 522 2264 entes,
545 2184 860 2251 consummationem
885 2185 992 2271 operis
1014 2185 1161 2251 ardentis
1187 2184 1291 2251 animi
1315 2186 1476 2252 desiderio

423 2288 601 2355 accelerem
639 2287 835 2354 curavimus.
898 2287 939 2351 In
976 2287 1050 2352 istis
1080 2288 1183 2375 igitur
1219 2309 1327 2354 annus
1358 2289 1476 2355 tertius

421 2392 603 2479 completus
632 2395 692 2468 est,
721 2395 757 2455 et
782 2394 921 2475 quartus
950 2389 1093 2476 sumpsit
1121 2390 1265 2458 initium.
1311 2390 1353 2456 In
1381 2391 1476 2477 cujus

421 2499 538 2560 testate
560 2515 582 2560 a
605 2513 700 2559 cruce
726 2491 895 2578 incipiens,
923 2491 1034 2557 decern
1059 2492 1194 2578 pilarios
1216 2494 1332 2571 erexit,
1352 2493 1477 2560 scilieet

269 2619 393 2664 anun.
422 2597 578 2683 utrinque
615 2595 769 2681 quinque.
831 2593 981 2675 Quorum
1010 2595 1092 2660 duos
1127 2596 1250 2681 primos
1287 2597 1475 2662 marmoreis

251 2681 398 2776 bilem
422 2721 542 2766 ornans
571 2697 756 2786 columpnis
785 2703 900 2763 contra
930 2696 1012 2762 alios
1042 2696 1125 2763 duos
1161 2698 1358 2785 principales
1388 2699 1474 2766 fecit.

253 2783 394 2829 ⁸¹¹⁶”¹¹¹‘··
422 2802 530 2891 super
559 2801 619 2868 hos
649 2801 761 2867 ocum
797 2820 892 2866 mus
923 2805 958 2865 a
987 2799 1126 2866 fornices
1154 2801 1274 2886 posuit
1331 2801 1475 2868 Peractis

421 2911 534 2972 autem
557 2905 707 2990 utrisque
733 2901 870 2968 triferiis
894 2895 935 2968 ¹et
961 2903 1184 2990 superioribus
1213 2903 1374 2983 fenestris,
1400 2926 1475 2972 cum

422 3007 590 3074 machinas
627 3007 670 3071 ad
700 3005 857 3071 fornicem
895 3025 1049 3092 magnam
1086 3005 1285 3071 volvendum
1322 3007 1358 3072 in
1395 3009 1475 3073 enni

251 3130 384 3225 fflffl
421 3110 532 3197 quinti
558 3108 656 3174 initio
684 3112 909 3194 praeparasset,
938 3112 1072 3195 repente
1103 3108 1210 3195 ruptis
1240 3109 1390 3175 trabibus
1414 3111 1476 3175 sub

306 3181 392 3235 ⁰¹⁶⁸*
420 3213 559 3300 pedibus
584 3212 655 3299 ejus
682 3215 716 3276 et
740 3210 828 3274 inter
851 3209 977 3295 lapides
1002 3215 1036 3274 ct
1066 3208 1157 3296 ligna
1180 3210 1278 3274 simul
1302 3232 1378 3276 cum
1404 3211 1476 3299 ipso

421 3316 602 3392 ruentibus,
625 3314 660 3379 in
684 3320 806 3379 terram
828 3312 960 3389 corruit,
981 3333 1003 3377 a
1032 3312 1194 3398 capitellis
1216 3314 1350 3380 fornicis
1379 3337 1475 3404 supc-

251 3414 838 3473 ruosmu···''''
1101 3415 1233 3430 ’·
1400 3419 1407 3432 ·

419 3414 1477 3606 rustumuturusuusurnn

419 3624 510 3711 operi
530 3622 660 3688 inutilis
687 3621 821 3687 effectus
842 3624 901 3697 est,
923 3619 1102 3705 nullusque
1121 3620 1207 3685 alius
1226 3626 1347 3707 prester
1367 3622 1475 3709 ipsum

418 3727 526 3792 solum
541 3726 577 3790 in
597 3723 709 3809 aliquo
724 3723 821 3788 lesus
841 3727 900 3787 est.
947 3722 988 3786 In
1010 3721 1116 3786 solum
1132 3724 1326 3809 magistrum
1342 3725 1396 3790 vel
1411 3724 1476 3791 Dei
1538 3746 1547 3764 ·

419 3829 576 3905 vindicte,
604 3825 657 3892 vel
681 3824 805 3890 diaboli
829 3824 969 3890 decrevit
999 3824 1135 3889 invidia.
1181 3824 1341 3912 Magister
1363 3827 1475 3912 itsque

418 3932 466 3998 sic
481 3932 587 4007 lessus,
604 3934 639 3995 et
653 3928 715 3994 sub
737 3948 817 3994 cura
839 3927 1040 3992 medicorum
1063 3926 1106 3991 ob
1128 3948 1219 4013 spem
1244 3928 1361 3994 salutis
1384 3951 1474 3995 recu·

418 4030 590 4121 perandre'
609 4029 804 4116 aliquandiu
842 4028 926 4093 lecto
964 4028 1169 4107 decumbens,
1209 4050 1266 4115 spe
1303 4031 1474 4097 fraudatus

418 4135 642 4202 convalescere
657 4154 725 4198 non
735 4131 867 4219 potuit;
881 4134 1100 4196 veruntamen
1109 4131 1189 4217 quia
1202 4132 1307 4196 hiems
1319 4133 1474 4211 instabat,

419 4244 454 4304 ot
478 4238 636 4302 fornicem
666 4234 866 4321 superiorem
891 4233 1110 4299 consummari
1137 4234 1319 4321 oportebat,
1343 4235 1474 4301 cuidam

420 4338 580 4405 monacho
602 4337 767 4403 industrio
788 4341 823 4400 et
846 4335 1016 4421 ingenioso
1031 4336 1090 4421 qui
1109 4337 1318 4402 cementariis
1341 4338 1475 4424 praefuit

249 4455 357 4509 neom
420 4463 502 4530 opus
524 4439 816 4506 consummandum
840 4437 1092 4516 commendavit,
1108 4440 1196 4505 unde
1219 4439 1326 4505 multa
1348 4441 1475 4505 invidia

248 4507 395 4602 ‘iffi-'⁰¹⁰
420 4551 455 4610 et
469 4542 662 4611 exercitatio
676 4541 813 4606 malitiae
828 4539 944 4607 habita
959 4546 1018 4617 est,
1033 4563 1072 4606 eo
1087 4541 1176 4627 quod
1199 4542 1278 4628 ipse,
1293 4564 1368 4607 cum
1389 4549 1475 4608 esset

415 4646 558 4732 juvenis
574 4642 815 4731 potentioribus
837 4647 872 4708 et
895 4641 1070 4708 ditioribus
1089 4643 1284 4730 prudentior
1298 4645 1473 4711 videretur.

419 4749 578 4836 Magister
597 4752 710 4811 tamen
732 4745 769 4810 in
791 4744 876 4810 lecto
898 4745 1065 4823 recubans,
1081 4747 1162 4831 quid
1184 4748 1288 4833 prius,
1303 4748 1385 4834 quid
1399 4770 1474 4836 pos·

418 4851 521 4920 terius
536 4849 608 4915 fieri
623 4848 739 4914 debuit
753 4847 928 4913 ordinavit.
967 4847 1105 4914 Factum
1120 4854 1172 4915 est
1187 4850 1299 4935 itaque
1314 4836 1473 4915 ciborium
