3662 5728
372 888 377 897 '
434 901 498 962 154
634 912 798 963 ennvrsn
819 911 980 964 uouronr
1002 910 1276 963 orurursrnrsrs

280 1114 336 1166 an.
345 1119 402 1161 urs.
431 1098 607 1164 comitibus
637 1103 672 1164 et
696 1098 876 1164 baronibus
914 1097 1043 1163 eminus
1074 1102 1239 1176 tractaret,
1256 1118 1367 1215 'equus
1398 1097 1486 1185 regis

263 1179 314 1275 3¹²⁰
293 1180 386 1275 '¹¹¹¹‘
293 1200 553 1287 fflmmpriorcs
577 1201 739 1287 pcdcsin
702 1199 906 1265 msublime
933 1199 1048 1278 erexit,
1075 1204 1111 1265 et
1140 1221 1208 1266 non
1238 1200 1309 1266 eine
1339 1200 1485 1287 periculo

263 1282 324 1377 {1¹⁰
294 1282 369 1377 „ah”
431 1304 608 1369 sedentis
599 1325 635 1368 1n
661 1308 784 1385 terram
810 1323 934 1389 pronus
960 1302 1060 1369 elisus
1086 1307 1144 1368 est
1190 1303 1265 1369 Hoc
1288 1304 1431 1369 secundo
1451 1308 1486 1368 et
1546 1320 1548 1325 ·

430 1406 530 1471 tertio
561 1410 611 1472 est
640 1405 828 1492 repetitum.
876 1404 1014 1471 Cunctis
1051 1405 1164 1491 itaque
1201 1406 1349 1492 portenti
1384 1404 1486 1491 hujus

430 1509 580 1574 novitate
610 1508 771 1586 attonitis,
794 1506 980 1573 Willelmus
1010 1527 1117 1573 comes
1147 1507 1189 1573 de
1218 1507 1409 1585 arundello,
1433 1508 1487 1572 vir

263 1612 396 1710 teessfgf
431 1610 725 1696 eloquentissimus,
740 1609 932 1695 hujusmodi
952 1610 1105 1696 prorupit
1129 1609 1167 1673 in
1192 1632 1326 1676 vocem:
1372 1618 1389 1645 “
1406 1611 1485 1675 Evi-

262 1715 374 1762 Amnes.
432 1721 448 1747 “
471 1712 653 1791 dentibus,''
676 1713 795 1798 inquit,
813 1720 860 1778 “o
874 1734 943 1789 res,
960 1712 1115 1779 docemur
1129 1712 1270 1791 indiciis,
1285 1713 1314 1778 si
1328 1713 1485 1779 instantis

431 1822 450 1849 “
469 1837 590 1901 pugnae
626 1818 740 1880 contra
764 1814 881 1893 ducem
907 1814 1104 1879 subierimus
1128 1815 1326 1892 conflictum,
1348 1815 1485 1881 minime

431 1924 448 1952 “
470 1917 565 1982 nobis
595 1916 664 1981 fore
690 1921 812 1994 tutum,
834 1937 908 1981 cum
939 1921 974 1981 et
1003 1916 1099 1982 illum
1128 1917 1265 1983 ineundi
1296 1917 1484 1984 certaminis

431 2019 589 2105 “justior
615 2039 714 2084 causa
738 2017 902 2095 sollicitet,
930 2022 965 2083 et
990 2040 1127 2105 pugnax
1153 2039 1228 2085 cum
1254 2019 1313 2086 illo
1339 2019 1483 2086 exhaere-

432 2122 625 2187 “datorum
656 2144 716 2208 per
746 2126 780 2186 te
810 2142 929 2191 manus
958 2121 1151 2186 ardentibus
1181 2122 1301 2187 animis
1339 2122 1483 2208 periculo

432 2230 449 2258 “
472 2223 645 2288 immineat
660 2222 807 2309 capitum
830 2224 1025 2288 nostrorum.
1071 2222 1235 2289 Praeterea
1257 2228 1354 2290 tanta
1375 2229 1426 2289 cst
1447 2225 1484 2289 in

431 2331 611 2412 “utroque
649 2325 796 2390 exercitu
837 2324 1153 2412 consanguineorum
1190 2330 1291 2412 atque
1324 2331 1483 2414 nepotum

432 2434 449 2463 “
472 2429 530 2493 sed
560 2434 595 2494 et
623 2428 765 2492 fratrum
792 2427 881 2493 inber
909 2449 945 2493 se
963 2426 1201 2493 ¹dissidentium
1228 2428 1417 2507 multitudo,
1444 2434 1484 2495 ut

431 2537 447 2564 “
471 2552 545 2596 cum
560 2530 734 2617 permixtis
757 2529 931 2596 contrariis
954 2530 1142 2618 agminibus
1164 2537 1350 2619 pugnatum
1372 2532 1482 2610 fuerit,
1509 2526 1512 2530 ’

431 2640 447 2666 “
469 2654 600 2699 necesse
622 2632 668 2697 sit
691 2637 731 2707 ut
755 2630 966 2719 quamplures
988 2631 1178 2719 parricidali
1199 2633 1351 2721 contagio
1377 2634 1483 2721 pollu-

431 2741 578 2801 “antur
626 2734 781 2817 Quiescat
811 2734 915 2821 igitur
947 2734 1055 2799 civilis
1084 2734 1165 2800 belli
1195 2735 1338 2825 nefanda
1367 2736 1483 2814 rabies,

432 2847 449 2873 “
470 2838 643 2924 missisque
664 2836 810 2903 vicissim
833 2822 928 2902 bonae
950 2842 985 2902 ct
1006 2837 1154 2924 probatae
1175 2836 1253 2902 fidei
1275 2838 1401 2925 legatis,
1417 2838 1484 2905 dis-

431 2949 448 2976 “
471 2940 583 3019 cordes
609 2938 925 3025 consanguineorum
947 2937 1025 3003 hinc
1048 2938 1125 3003 inde
1147 2944 1275 3004 mentes
1297 2941 1340 3006 ad
1363 2941 1484 3006 dcbitae

431 3041 658 3107 “dilectionis
696 3041 861 3106 unitatem
907 3045 1112 3119 revocentur,
1149 3043 1356 3128 acceptisque
1404 3042 1483 3108 belli

432 3138 613 3208 “induciis
637 3142 788 3207 odiorum
814 3162 921 3207 ceusae
952 3141 1086 3207 interim
1116 3144 1374 3230 conquiescant.’'
1419 3145 1484 3210 His

431 3246 529 3311 dictis
551 3245 717 3311 consensit
739 3266 807 3321 rex,
828 3252 1064 3309 consenserunt
1086 3245 1201 3311 etalii
1223 3247 1280 3333 qui
1303 3247 1373 3333 regi
1395 3252 1483 3313 asta-

299 3350 303 3358 '
429 3349 520 3414 bant.
566 3348 714 3414 Tandem
736 3347 800 3413 hoc
821 3347 910 3412 inter
923 3348 1089 3435 principes
1111 3349 1217 3490 regiqs
1240 3349 1408 3414 decretum
1424 3355 1483 3427 est,

264 3467 389 3563 rnpnuw
430 3458 471 3518 ut
499 3474 559 3516 rex
601 3472 676 3516 cum
718 3450 801 3516 duce
839 3471 985 3515 seorsum
1023 3450 1064 3516 de
1103 3453 1204 3537 paoo¹
1235 3444 1482 3537 colloqueretur,

261 3520 400 3669 stiiiegzry
431 3555 549 3621 deinde
570 3575 639 3641 pax
661 3552 785 3619 inter'
775 3573 864 3640 rpsos
886 3552 983 3630 facta,
1005 3553 1049 3618 ad
1071 3553 1243 3640 utriusque
1265 3554 1370 3672 partis
1391 3555 1483 3672 prin-

261 3620 400 3723 &cdliii
369 3650 519 3744 nloipes
560 3656 744 3722 referretur.
807 3653 985 3741 Postquam
1027 3654 1132 3741 igitur
1176 3655 1248 3722 haec
1296 3657 1483 3746 principum

430 3760 647 3828 consideratio
673 3782 732 3847 per
756 3756 980 3823 internuntios
1001 3758 1114 3825 fideles
1138 3758 1182 3824 ad
1205 3759 1363 3826 noticiam
1389 3762 1483 3829 ducis

430 3864 568 3931 inbelle
589 3863 733 3929 furentis
757 3861 868 3927 delata
892 3867 951 3939 est,
967 3861 1028 3926 vix
1049 3862 1184 3927 tandem
1210 3864 1483 3949 compellentibus

429 3968 543 4034 amicis
574 3967 642 4033 suis
674 3965 819 4052 praebuit
857 3986 1032 4031 assensum
1079 3964 1223 4031 Dolebat
1252 3967 1340 4032 enim
1370 3974 1483 4036 tantos

429 4070 508 4136 belli
541 4073 721 4156 apparatus
760 4068 877 4133 debere
915 4090 1047 4154 prorsus
1085 4090 1285 4149 evanescere,
1322 4073 1483 4158 nequibat

425 4173 586 4260 juvenilis
608 4172 750 4290 pectoris
774 4171 934 4237 fervorem
958 4171 1056 4237 citius
1071 4177 1261 4258 temperare.
1306 4173 1482 4241 Attamen

425 4197 627 4364 ingentibus
650 4275 773 4352 amicis,
791 4275 892 4338 immo
914 4273 984 4337 vim
1006 4273 1227 4340 inferentibus
1248 4275 1360 4342 animo
1382 4277 1481 4356 illius,

262 4396 338 4491 tioppa
294 4407 385 4441 ιιιιιιι·
429 4380 499 4467 regi
536 4379 685 4445 venienti
723 4380 936 4464 properanter
972 4377 1122 4456 occurrit,
1159 4382 1193 4443 et
1178 4379 1298 4445 tsolo
1328 4378 1482 4448 Tamensi

262 4451 338 4543 itt„
346 4496 410 4541 uem
412 4482 576 4547 fluminis
602 4480 698 4546 alveo
721 4479 902 4565 interjecto,
927 4478 986 4544 ubi
1009 4478 1154 4545 strictior
1179 4480 1358 4548 videbatur
1381 4486 1481 4551 etad

430 4584 632 4672 loquendum
662 4582 779 4669 aptior,
801 4583 844 4647 ab
874 4581 933 4647 illo
963 4582 1099 4661 divisus,
1125 4590 1265 4650 secretos
1296 4584 1481 4653 diutissime

806 4844 814 4878 ¹
822 4845 902 4912 pore]
917 4844 1012 4911 patria,
1022 4845 1070 4898 ins.
1084 4849 1114 4901 C.
