3666 5724
415 904 480 967 386
615 917 778 967 suavssn
802 917 964 967 nonnum
988 914 1263 966 onnrnsmunsrs

264 1102 424 1199 efflei-⁸
429 1104 529 1166 ¹,tum
548 1101 684 1173 quicquid
704 1101 740 1157 de
758 1101 944 1157 instituendis
964 1101 1110 1157 canonicis
1129 1105 1159 1156 at
1181 1100 1247 1156 aliis
1271 1101 1350 1158 circa
1372 1101 1466 1174 capel-

418 1188 437 1213 “
456 1185 516 1240 lam
548 1185 655 1239 factum
688 1192 733 1240 est
761 1192 791 1241 et
821 1186 981 1241 enormiter
1012 1186 1191 1240 innovatum.
1235 1184 1345 1241 Iocum
1376 1185 1466 1241 etiam

417 1270 436 1296 ‘⁸
457 1267 541 1322 illum
564 1267 753 1340 maledictum
777 1268 884 1325 habeat
907 1274 938 1324 et
962 1269 1155 1341 prophanum,
1181 1273 1211 1322 et
1241 1285 1289 1324 eos
1312 1269 1364 1340 qui
1393 1269 1466 1323 cele·

417 1354 435 1378 ‘⁸
455 1349 642 1406 braverunt
634 1369 665 1405 1n
683 1352 822 1423 capella
813 1370 877 1423 rpsa
897 1359 963 1424 post
981 1352 1189 1407 inhibitionem
1209 1358 1339 1407 nostram
1362 1353 1468 1408 habeat

417 1437 437 1461 ‘¹
456 1451 509 1505 pro
527 1435 674 1505 suspensis
693 1435 730 1490 ab
746 1434 842 1490 officio
859 1442 890 1492 et
907 1434 1058 1499 beneflcio,
1076 1441 1106 1491 et
1123 1435 1215 1491 donec
1233 1441 1332 1492 nostro
1352 1453 1383 1492 se
1401 1453 1467 1490 con·

417 1520 436 1544 “
457 1519 568 1589 spectui
586 1523 795 1590 repraesentent
813 1519 855 1575 sic
873 1523 972 1574 teneat
990 1536 1043 1590 pro
1061 1518 1218 1592 suspensis,
1235 1519 1383 1575 demolitis
1401 1518 1466 1573 uni-

418 1604 436 1630 “
455 1602 547 1657 versis
569 1603 703 1673 operibus
724 1620 789 1673 quae
811 1603 883 1658 inibi
908 1604 1003 1658 iacere
1025 1611 1279 1673 praesumpserunt.
1317 1602 1469 1659 Ministros

418 1689 436 1714 ‘⁸
456 1685 544 1741 etiarn
571 1692 730 1742 conventus
761 1704 833 1758 quos
862 1692 928 1759 post
956 1686 1181 1758 appellationem
1211 1686 1249 1743 ad
1277 1705 1331 1743 nos
1361 1687 1468 1742 iactam

417 1776 436 1801 ‘⁸
456 1774 576 1839 amovit,
596 1791 668 1845 qnos
688 1792 741 1829 nos
760 1774 950 1839 restituimus,
970 1775 1076 1830 habeat
1095 1775 1254 1841 restitutos,
1275 1782 1306 1831 et
1326 1793 1374 1831 eos
1396 1791 1468 1845 quos

417 1856 565 1928 “pariter
590 1863 657 1928 post
686 1857 911 1929 appellationem
939 1857 1114 1930 suspendere
1144 1858 1190 1914 vel
1220 1858 1469 1914 excommunicare

417 1942 435 1966 “
456 1939 692 2010 praesumpserim
711 1941 816 1996 lrabeat
843 1939 1050 1996 nichilominus
1080 1942 1246 2009 absolutos;
1275 1947 1306 1998 et
1334 1942 1470 1997 universa

418 2024 437 2048 ‘⁶
457 2040 521 2093 qua
539 2029 606 2094 post
622 2023 847 2094 appellationem
867 2023 960 2095 ipsam
986 2024 1017 2078 in
1035 2041 1135 2079 eorum
1160 2042 1320 2096 gravamen
1344 2030 1468 2096 attemp-

418 2110 437 2133 “
457 2110 519 2160 tata
543 2112 619 2173 sunt,
646 2107 677 2161 in
703 2107 851 2163 invasione
878 2107 1015 2163 videlicet
1042 2107 1180 2164 villarum
1204 2115 1235 2165 et
1255 2108 1469 2180 possessionum

419 2191 438 2215 “
458 2207 586 2253 suarum,
606 2189 773 2245 reddituum
793 2196 955 2262 quoquest
974 2191 1099 2247 aliorum
1119 2210 1183 2263 quae
1208 2198 1275 2248 ante
1299 2190 1469 2264 appellatio·

419 2275 438 2301 “
457 2290 525 2326 uem
542 2273 714 2339 habuerant,
733 2278 763 2329 et
781 2273 927 2329 ablatione
946 2275 1155 2330 nichilominus
1167 2275 1291 2331 aliarum
1309 2292 1419 2338 rerum,
1439 2274 1470 2327 in

420 2358 438 2382 ‘⁶
457 2361 567 2411 statum
590 2357 746 2427 pristinum
770 2357 964 2428 appellatione
984 2364 1114 2414 cessante
1134 2358 1264 2415 reducat.
1303 2358 1471 2414 Sententiae

418 2442 439 2467 “
459 2439 548 2495 etiam
566 2441 873 2496 excommunicationis
885 2446 915 2496 et
926 2442 1088 2507 interdicti,
1103 2460 1175 2513 quas
1192 2442 1224 2496 in
1236 2442 1375 2515 quosdam
1393 2442 1470 2513 ipso·

420 2525 438 2550 ‘¹
458 2541 523 2577 rum
549 2524 673 2579 fratrum
699 2530 808 2580 temere
831 2525 1041 2596 promulgavit,
1060 2525 1176 2597 publice
1197 2526 1316 2581 nuntiet
1342 2542 1401 2579 non
1426 2528 1470 2579 te·

419 2608 437 2633 “
457 2624 537 2671 nere,
554 2624 587 2662 ac
605 2607 642 2663 de
660 2614 765 2664 caetero
783 2607 927 2680 pendente
945 2609 998 2664 lite
1015 2609 1094 2664 circa
1111 2611 1220 2664 statum
1240 2607 1409 2664 monasterii
1427 2607 1470 2663 nil

419 2693 437 2718 ‘⁴
456 2690 602 2745 immutet.
640 2690 769 2762 Ideoque
782 2691 950 2747 discretioni
968 2697 1072 2746 vestrae
1090 2691 1278 2763 prasentinm
1297 2690 1471 2747 anctoritate

419 2776 438 2800 ‘⁶
457 2774 637 2841 mandamus,
660 2782 691 2830 et
715 2776 746 2829 in
772 2775 945 2830 obedientia
968 2774 1080 2829 virtuts
1105 2774 1305 2846 praecipimus,
1323 2775 1469 2846 quatinus,

418 2858 437 2882 “
457 2856 482 2911 si
499 2863 676 2914 memoratus
690 2858 927 2929 archiepiscopus
951 2862 1132 2929 praeceptum
1151 2865 1285 2913 nostrum
1310 2858 1388 2915 ultra
1404 2876 1469 2912 xxx.

418 2939 518 2994 “dies
546 2946 612 3011 post
636 2941 850 3014 susceptionem
873 2941 1039 2996 litterarum
1058 2958 1129 3013 quas
1147 2941 1176 2996 ei
1200 2941 1359 2997 direximus
1380 2941 1470 2997 distu-

419 3033 437 3057 “
456 3031 524 3087 lerit
549 3027 718 3101 adimplere,
740 3042 792 3079 vos
810 3024 947 3080 universa
971 3041 1035 3095 quae
1056 3024 1255 3096 praediximus,
1274 3025 1355 3080 omni
1373 3025 1469 3097 appel·

419 3115 438 3140 “
458 3114 576 3180 latione,
596 3109 736 3167 dilatione
754 3125 869 3179 quoque
887 3113 917 3162 et
934 3108 1128 3171 excusatione,
1141 3113 1282 3174 cessante,
1296 3108 1470 3163 anctoritate

419 3199 438 3223 “
457 3201 558 3252 nostra
575 3191 739 3250 executioni
762 3190 927 3257 mandetis3
945 3190 1066 3246 illicitos
1089 3190 1238 3246 invasores
1257 3190 1470 3263 possessionum

419 3283 437 3307 “
457 3279 615 3335 eorundem
634 3277 758 3331 fratrum
776 3273 834 3329 uisi
855 3274 1051 3329 satisfecerint
1067 3274 1186 3330 vinculo
1208 3275 1403 3330 anathematis
1427 3274 1470 3328 in·

420 3366 439 3391 “
458 3362 606 3428 nudantes,
627 3376 775 3432 quousque
792 3356 829 3412 ad
853 3356 1087 3412 emendationem
1109 3357 1253 3428 dignam,²
1270 3357 1384 3413 faciatis
1410 3374 1470 3411 ma·

419 3449 439 3475 ‘¹
458 3463 527 3502 nere
548 3444 665 3517 ligatos.
701 3440 883 3497 Provideatis
908 3444 1007 3496 autem
1032 3445 1066 3495 ut
1093 3439 1192 3494 taliter
1215 3439 1247 3495 in
1268 3439 1314 3495 hia
1338 3440 1472 3494 omnibus
1550 3446 1552 3450 ⁴

420 3534 439 3560 “
458 3528 646 3602 apostolicam
665 3524 846 3596 exequamini
864 3522 1033 3595 jussionem,
1053 3529 1088 3578 nt
1114 3523 1275 3577 videamini
1299 3524 1397 3595 potins
1421 3523 1470 3578 de·

421 3616 534 3669 “serre
551 3613 613 3669 Deo
631 3627 720 3681 quam
737 3606 859 3673 homini,
880 3611 910 3661 et
934 3624 972 3661 na
996 3605 1086 3662 ullius
1110 3606 1350 3677 transgressionis
1371 3603 1472 3661 savor³

421 3701 439 3726 ‘⁸
459 3713 511 3752 vos
541 3712 601 3749 non
628 3693 690 3749 sine
721 3691 806 3762 gravi
832 3689 1033 3759 indignatione
1062 3688 1139 3744 sedis
1169 3688 1336 3760 apostolicae
1366 3687 1473 3745 efficiat

421 3782 696 3849 “transgressores
732 3772 816 3842 Quod
842 3773 869 3828 ei
892 3789 993 3827 omnes
1018 3771 1065 3827 his
1089 3762 1263 3842 exequendis
1281 3770 1472 3844 nequiveritis

421 3866 440 3890 “
460 3862 609 3925 interesse,
628 3865 687 3914 tres
705 3861 834 3913 vestrum
852 3856 898 3910 vel
918 3855 975 3909 dno
999 3871 1033 3910 ea
1053 3854 1260 3910 nichilominus
1284 3859 1471 3925 exequantur.

422 3946 442 3972 ‘⁶
461 3945 570 4000 Datum
589 3940 714 3997 Feraria
732 3940 772 3996 v¹⁰
788 3955 879 3993 nonas
898 3936 1061 3994 Octobrisss’

250 4046 300 4092 ruo
468 4026 580 4091 Sciens
607 4029 718 4088 autem
749 4021 901 4086 dominus
923 4040 1009 4106 papa
1040 4018 1296 4105 prohibitionem
1326 4040 1400 4103 quae
1430 4039 1472 4082 ex

250 4098 394 4251 w'sstiolii
422 4135 516 4217 parte
537 4127 624 4214 regis
646 4147 705 4212 per
727 4123 930 4189 Randulfum
954 4124 994 4187 de
1018 4121 1186 4190 Glanvilla
1215 4120 1304 4186 facta
1326 4126 1473 4205 estque

421 4231 591 4318 negotium
616 4226 863 4293 Cantuariensis
893 4225 1036 4291 ecclesia
1066 4229 1101 4289 et
1123 4224 1317 4288 mandatum
1348 4223 1472 4287 domini

422 4355 516 4421 papie
538 4330 758 4419 praepeditum
792 4332 851 4404 est,
874 4350 916 4393 ne
946 4328 1127 4392 decaetero
1158 4324 1279 4410 aliquis
1312 4325 1471 4410 regalium

421 4433 645 4520 supradictum
674 4429 849 4516 impediret
871 4428 1107 4505 executionem,
1129 4428 1199 4513 regi
1222 4426 1352 4513 Anglise
1386 4425 1471 4492 hauc

422 4534 639 4621 subscriptam
662 4531 786 4596 direxit
807 4529 999 4616 epistolam:

446 4689 597 4697 --„-.-.-
647 4690 655 4693 .
688 4688 711 4692 -.
731 4685 961 4692 --——---—--
967 4685 1010 4690 -—-
1021 4683 1171 4697 -r—--—u
1185 4687 1253 4693 ..--

453 4754 664 4820 ¹proeeampmit]
681 4752 890 4819 praesumpsit&
1001 4751 1012 4784 ³
1016 4753 1111 4820 soom]
1126 4752 1214 4816 iaciat,
1224 4754 1258 4803 A.
1272 4753 1302 4803 B
1314 4751 1344 4803 C

451 4832 585 4899 'dianoni
598 4833 719 4894 debitam,
731 4833 760 4885 C.
