3646 5720
715 859 827 910 ornas
849 860 1041 910 nrsroarcs.
1333 847 1398 913 235

341 1048 479 1116 consilio
500 1069 600 1135 seque
614 1046 813 1126 fortioribus,
833 1047 1011 1134 praevalere
1026 1069 1095 1114 non
1113 1053 1256 1135 possent,
1271 1049 1398 1137 legatos
1411 1039 1570 1153 Hffifflq·

342 1151 505 1216 miscrrmt
534 1150 578 1216 ad
607 1170 718 1237 regem
740 1148 881 1236 Angliae,
904 1154 945 1214 ut
973 1150 1010 1214 in
1037 1150 1235 1216 Hiberniam
1259 1151 1570 1255 Vssssif‘lbdfflm

342 1252 454 1335 eisque
484 1256 600 1318 contra
628 1251 916 1336 importunitatem
951 1251 1086 1318 Ricardi
1108 1253 1238 1318 comitis
1267 1252 1487 1318 susem-⁰¹⁶⁰*-

342 1357 438 1431 reret,
471 1353 600 1438 sibique
631 1351 814 1417 dominium
840 1352 1012 1418 Hiberniae
1043 1359 1231 1420 assumeret
1280 1352 1398 1420 Comes

344 1458 457 1520 autem
479 1453 649 1531 Ricardus,
664 1457 816 1519 metuens
842 1474 884 1518 ne
911 1453 975 1519 sibi
998 1476 1057 1519 rex
1085 1456 1173 1540 quod
1195 1455 1399 1541 adquisierat

345 1554 563 1633 subtraheret,
592 1555 700 1621 missis
729 1554 866 1632 nuntiis,
893 1556 982 1641 quod
1011 1556 1214 1641 adquisierat
1242 1557 1313 1642 regi
1343 1556 1562 1664 ⁰b·1¹,¹0⁰1d⁰{⁹'⁸‘⁰

346 1656 434 1735 tulit
466 1657 514 1723 sic
545 1662 657 1722 tamen
688 1660 728 1721 ut
759 1655 844 1720 illud
876 1656 917 1721 de
947 1676 1023 1744 rege
1050 1661 1186 1722 teneret.
1232 1657 1297 1724 Hae
1320 1631 1573 1773 suntqppell’idi

346 1758 422 1824 duae
443 1779 551 1825 causae
574 1779 675 1843 quare
697 1779 757 1823 rex
780 1757 976 1822 Hiberniam
998 1758 1106 1843 petiit,
1125 1759 1255 1825 vocatio
1276 1758 1403 1825 scilicet
1471 1749 1477 1764 ⁶

346 1860 617 1925 Hiberniensium
649 1863 690 1923 ut
722 1865 838 1924 eontra
869 1858 1048 1924 Ricardum
1080 1859 1343 1938 defenderentur,
1366 1865 1402 1926 et

347 1962 476 2028 vocatio
499 1960 633 2026 Ricardi
663 1982 704 2025 ne
734 1966 850 2026 contra
875 1980 950 2025 eum
981 1965 1239 2047 protegerentur.
1290 1962 1402 2028 Tertia
1414 1972 1463 2018 rho
1471 1972 1529 2023 suc

348 2083 435 2141 vero,
458 2083 596 2139 summa,
617 2067 658 2126 ut
680 2061 816 2138 aestimo,
840 2065 912 2125 erat
933 2065 968 2126 ct
989 2063 1164 2148 praecipua,
1185 2062 1341 2129 videlicet
1362 2068 1403 2128 ut
1414 2023 1507 2117 mid
1491 2024 1542 2118 „ii

347 2164 546 2230 sententiam
578 2162 756 2239 interdicti,
789 2163 818 2227 si
849 2162 933 2227 forte
965 2162 1109 2241 daretur,
1143 2163 1272 2229 facilius
1303 2124 1562 2231 decliftiibiim'

349 2272 445 2332 naret
467 2266 521 2332 rel
543 2265 703 2332 occultius
726 2264 922 2331 observaret.
970 2265 1192 2351 Quaecumque
1215 2271 1327 2332 autem
1350 2267 1403 2332 sui

349 2368 513 2433 adventus
543 2367 668 2433 occasio
691 2366 800 2444 fuerit,
823 2366 894 2453 ipse
925 2387 999 2432 cum
1022 2365 1128 2433 ccccliu
1151 2372 1189 2432 ut
1211 2367 1316 2433 fertur
1345 2389 1406 2433 na·

351 2470 449 2535 vibus
471 2469 508 2534 in
530 2469 694 2534 Hibernia
716 2468 801 2534 circa
822 2468 945 2533 festum
966 2467 1093 2533 Calixti
1115 2488 1211 2554 papae
1233 2469 1404 2556 applicuit.

399 2591 415 2617 ‘¹
432 2580 559 2648 Caelum
585 2603 653 2648 non
675 2581 824 2647 animum
851 2584 985 2645 mutant
1011 2580 1069 2664 qui
1095 2584 1187 2646 trans
1213 2602 1303 2647 mare
1334 2602 1406 2648 cur·

488 2680 505 2706 u
527 2671 634 2736 ΜΗ)
748 2727 757 2742 ⁶

399 2787 536 2853 Summo
558 2786 662 2872 igitur
691 2806 767 2851 cum
792 2783 916 2849 honore
942 2784 985 2849 ab
1011 2782 1126 2849 incolis
1155 2788 1262 2862 terrae,
1288 2785 1407 2872 Anglis
1421 2813 1459 2858 110
1467 2814 1567 2859 nerva

353 2895 389 2955 et
421 2889 504 2966 aliis,
538 2893 698 2974 receptus,
741 2891 817 2973 post
849 2892 980 2972 tempus
1014 2885 1191 2971 parvulum
1224 2909 1339 2973 regrnn
1373 2892 1408 2954 et
1420 2864 1561 2959 titbllm

354 2991 541 3078 principum
568 2996 672 3064 terra,
699 2988 1016 3074 archiepiscoporum
1048 2987 1147 3052 simul
1178 2993 1213 3053 et
1242 2990 1407 3076 episcopo·
1420 2963 1571 3069 pappum

355 3116 438 3171 rum,
461 3091 606 3178 suscepit
635 3090 821 3156 fidelitates.
875 3090 935 3154 Hii
967 3094 1080 3156 autem
1114 3095 1194 3156 sunt
1224 3092 1282 3177 qui
1316 3091 1410 3158 Hen-

357 3195 424 3261 rico
446 3195 517 3280 regi
539 3192 680 3279 Angliae,
696 3191 845 3256 Matildis
867 3192 990 3278 reginas
1013 3190 1090 3269 filio,
1106 3192 1301 3259 fidelitatem
1324 3195 1411 3260 sicut

184 3293 194 3343 ἱ
253 3327 259 3341 ·
357 3298 491 3364 domino
513 3296 720 3382 juraverunt.
772 3294 846 3359 Rex
873 3291 1050 3371 Coroensis,
1076 3315 1137 3358 rex
1163 3294 1326 3374 Limeric,¹
1351 3318 1411 3362 rex

357 3401 400 3465 de
424 3396 564 3475 Osseria,
589 3418 650 3462 rex
681 3396 722 3461 de
754 3394 864 3469 Mida
889 3416 950 3460 rex
981 3392 1220 3481 (lognagtensis
1232 3421 1241 3476 ;
1264 3395 1319 3464 hic
1342 3399 1410 3484 regi
1425 3422 1571 3516 rssinqor

359 3500 490 3589 Angliae
512 3521 573 3567 nec
596 3520 762 3566 cucumere
784 3518 844 3563 nec
866 3497 1062 3563 fidelitatem
1084 3504 1241 3583 praestare
1256 3500 1412 3587 dignatus
1425 3475 1565 3572 wi

359 3609 432 3683 est;
456 3603 588 3669 dicebat
608 3601 697 3667 enim
721 3604 826 3665 totam
846 3598 1044 3664 Hiberniam
1059 3599 1100 3663 de
1118 3599 1194 3684 jure
1217 3622 1311 3666 suam
1335 3624 1413 3681 csse,

360 3711 559 3791 caeterosque
590 3724 683 3789 reges
714 3707 811 3767 terrae
842 3700 933 3765 illius
977 3721 1046 3765 suae
1074 3700 1195 3767 ditioni
1220 3703 1415 3790 subjugari2

360 3806 486 3872 debere.
532 3804 606 3885 Quo
628 3804 665 3868 in
686 3824 746 3867 suo
765 3802 841 3887 jure
859 3801 950 3886 juste
973 3800 1027 3865 vel
1050 3800 1175 3887 injuste
1201 3804 1415 3889 pertinaciter

360 3909 566 3997 persistente,
596 3927 671 3974 cum
701 3904 834 3991 regibus
866 3903 992 3969 caeteris
1023 3903 1223 3989 juraverunt
1254 3906 1413 3994 archiepi-

360 4031 478 4097 scopus
503 4005 735 4074 Armachensis
767 4009 802 4071 et
834 4005 1006 4070 Hiberniae
1038 4005 1169 4091 primas,
1201 4013 1236 4073 et
1269 4029 1344 4074 cum
1377 4031 1415 4076 eo

361 4111 560 4198 suffraganei
581 4109 634 4174 sui
657 4108 826 4195 episcopus
850 4105 1135 4193 Lughbdunensis,
1158 4108 1329 4195 episeopus
1354 4109 1415 4176 00.

360 4209 536 4290 nenensis,³
559 4211 729 4297 episcopus
754 4207 913 4285 Tarensis,
938 4208 1109 4294 episcopus
1137 4208 1417 4307 Ardahactensis,⁴

361 4314 532 4401 episcopus
558 4310 771 4388 Thuenensis,
795 4309 966 4395 episcopus
993 4307 1219 4388 Condetensis,
1245 4311 1416 4399 episcopus

396 4539 405 4572 ¹
417 4536 540 4604 Lm]
561 4535 684 4596 Limerik,
696 4534 726 4587 C.
945 4530 955 4563 ⁴
967 4530 1178 4600 Mdatcctense's]
1219 4534 1410 4587 Hardahatteu-

395 4616 407 4650 ²
419 4616 565 4683 autjapm']
580 4614 724 4680 subjugare,
736 4612 767 4665 C.
913 4608 956 4671 sis,
969 4610 999 4662 C.

394 4694 570 4746 ’Caesareis
582 4694 594 4762 ]
606 4691 772 4755 Cerienemis,
784 4689 868 4753 AB,
996 4760 998 4769 y

364 4773 531 4839 Camerina
543 4773 574 4828 C.
