3588 5740
708 904 821 955 ornan
842 904 1033 954 marorum
1330 886 1394 954 587

341 1088 536 1177 explerent1
558 1088 761 1154 mandatum.
818 1087 921 1174 Cujus
952 1088 1081 1154 tonitru
1114 1086 1207 1153 solo²
1229 1088 1395 1173 paulisper
1425 1106 1547 1151 annm

342 1193 450 1257 territi
488 1198 558 1257 tam
601 1212 661 1256 rex
691 1212 792 1275 quam
825 1190 1095 1277 archiepiscopus,
1120 1191 1271 1255 videntes
1306 1171 1534 1274 quodffssffi'ss

267 1336 271 1347 .
343 1299 504 1379 quantum
537 1293 580 1358 ad
602 1313 699 1356 suum
732 1292 937 1377 propositum
971 1288 1155 1356 laborati0³
1185 1291 1328 1377 perierat
1360 1272 1549 1366 etffil'eeo

341 1397 487 1481 inpensa,
503 1395 587 1459 inito
610 1392 745 1459 consilio
768 1401 803 1458 et
825 1393 920 1458 unito
943 1397 1177 1459 consenserunt
1199 1393 1335 1458 tandem
1355 1373 1554 1466 ut¹,i⁰„‚⁰,¹¹{{¹¹‘ed

341 1498 467 1584 capella
505 1498 545 1562 de
584 1494 726 1562 Lamhee
775 1495 926 1560 funditus
964 1496 1151 1561 dirueretur
1182 1502 1217 1561 et
1257 1496 1395 1561 canonia

342 1606 489 1664 cessaret.
536 1597 780 1664 Denuntiatum
811 1604 862 1662 est
883 1596 968 1663 hoc4
990 1620 1032 1662 ex
1054 1596 1393 1683 mandatoarchiepi-

340 1702 430 1788 scopi
461 1700 551 1786 apud
576 1699 717 1765 Lamhee
739 1698 806 1762 xii⁰
829 1699 989 1765 kalendas
1016 1700 1196 1776 Februarii,
1219 1700 1291 1786 ipsa
1314 1720 1393 1784 quo-

342 1826 405 1889 que
428 1803 553 1890 capella
585 1802 773 1868 solotenus
805 1802 917 1868 diruta
939 1809 990 1868 est
1012 1804 1074 1867 vi⁸⁰
1094 1799 1287 1893 ⁸kalendas⁶
1309 1802 1394 1888 ejus·
1407 1808 1554 1905 fthffiffi

342 1905 435 1985 dem3
458 1902 740 1971 decemnovenalis
763 1904 836 1970 cicli
859 1925 946 1969 anno
968 1905 1076 1970 tertio.
1122 1904 1240 1971 Clerici
1264 1926 1375 1991 quoqu
1484 1912 1489 1922 '

337 2007 423 2093 jussi
458 2007 603 2073 suntad
636 2006 770 2093 propria
803 2028 955 2072 remeare.
1002 2005 1087 2072 Cum
1122 2014 1233 2072 autem
1264 2008 1394 2072 videret
1494 1994 1501 2006 ’

341 2110 480 2174 nuntius
515 2108 641 2174 domini
677 2129 772 2195 papae
805 2109 892 2193 quod
925 2108 974 2172 nil
998 2108 1090 2174 aliud
1113 2109 1207 2176 fieret
1237 2111 1277 2176 de
1300 2131 1391 2175 man·

341 2212 428 2287 date,
461 2212 665 2296 Romamque
685 2209 830 2286 rediret,
860 2210 950 2297 prior
984 2209 1239 2290 Oantuariensis,
1263 2214 1392 2279 nescius
1406 2231 1512 2326 {paup

341 2315 422 2400 quid
445 2316 481 2378 in
504 2314 627 2400 Anglia
655 2313 782 2379 factum
806 2319 891 2378 esset
929 2314 969 2379 de
1007 2314 1166 2400 praedicta
1190 2316 1316 2402 capella
1338 2317 1392 2382 vel
1405 2333 1471 2377 rone.

341 2416 381 2481 de
404 2438 514 2481 rerum
536 2414 754 2491 restitutione,
776 2415 932 2480 accedens
947 2415 990 2479 ad
1012 2437 1132 2502 papam
1155 2418 1393 2503 querimoniam
1407 2441 1508 2487 ruane

341 2518 493 2603 deposuit
515 2516 721 2582 lacrimosam
744 2515 785 2580 de
808 2537 916 2581 rerum
939 2517 1088 2581 omnium
1110 2519 1254 2584 secunda
1273 2519 1393 2606 spolia·
1406 2493 1555 2595 tiltb'ttl.

341 2620 438 2686 tione.
485 2618 583 2685 Unde
615 2621 796 2684 commotus
827 2617 1005 2683 admodum
1040 2619 1192 2684 dominus
1214 2641 1301 2707 papa
1322 2622 1392 2708 regi

341 2721 525 2808 Anglorum
551 2720 683 2805 scripsit
708 2720 775 2785 sic:

377 2826 396 2849 ‘⁴
417 2821 623 2878 Innocentius⁶
641 2821 802 2893 episcopus,
829 2838 1094 2876 servusiservorum
1119 2822 1182 2888 Dei,
1202 2821 1310 2878 illustri
1327 2824 1392 2894 regi
1405 2833 1560 2880 Iaasruthe

341 2907 361 2932 ⁴‘
380 2904 499 2976 Angliae
518 2906 641 2960 salutem
666 2910 695 2959 et
725 2903 911 2975 apostolicam
936 2903 1179 2959 benedictionem.
1216 2905 1290 2960 Cum
1315 2907 1392 2962 inter
1405 2886 1547 2987 mmm

342 2990 360 3015 “
380 2989 451 3044 alios
480 2987 582 3043 mundi
606 2987 752 3060 principes
780 3003 935 3059 personam
959 2993 1040 3042 tuam
1067 2988 1142 3044 sicut
1166 2989 1312 3044 karissimi
1339 2990 1393 3044 filii

342 3073 361 3098 ‘⁴
380 3072 604 3143 disposuerimus
630 3069 823 3143 praerogativa
848 3070 1011 3125 dilectionis
1029 3077 1060 3126 et
1076 3072 1179 3142 gratiae
1197 3072 1345 3139 honorare,
1364 3080 1394 3129 et

341 3161 361 3185 “
380 3164 442 3214 tam
461 3159 519 3214 tuis
543 3176 630 3230 quam
655 3163 772 3212 tuorum
797 3155 973 3212 utilitatibus
999 3163 1121 3229 paterna
1145 3158 1310 3229 provisione
1328 3158 1392 3214 dili·

342 3245 360 3270 “
380 3250 484 3314 genter
501 3241 661 3306 intendere,
680 3240 822 3295 mirmur
846 3240 1006 3311 plurimum
1025 3248 1055 3296 et
1080 3240 1210 3297 dolemus
1234 3242 1312 3314 quod
1337 3242 1393 3299 hoc
1459 3254 1468 3261 '

341 3328 361 3352 “
380 3326 561 3397 propositum
581 3331 724 3388 nostrum,
744 3341 779 3379 ex
801 3341 859 3395 quo
876 3323 1015 3379 nimirum
1034 3331 1175 3396 quantum
1194 3326 1393 3396 magnitudini

342 3412 361 3437 “
380 3416 438 3463 tuae
463 3409 558 3463 valeat
587 3407 706 3462 honoris
732 3413 761 3461 et
779 3407 917 3462 utilitatis
943 3408 1040 3463 afferri
1070 3410 1254 3465 serenitatem
1279 3411 1392 3482 regiam

342 3494 361 3518 “
380 3508 438 3545 non
469 3490 613 3545 credimus
643 3489 786 3560 ignorare,
819 3490 915 3560 pravis
946 3491 1127 3561 quorundam
1156 3494 1392 3563 suggestionibus

343 3575 484 3629 “niteris
511 3572 659 3645 impedire.
696 3571 770 3627 Onm
795 3573 874 3626 enim
895 3572 1046 3643 negotium
1068 3573 1284 3631 Oantuariensis
1302 3577 1391 3631 eccle·
1406 3602 1540 3647 naamon·

343 3659 361 3685 “
381 3659 432 3713 site
457 3658 576 3720 dudum,
604 3656 698 3710 Deum
717 3655 812 3710 solum
837 3654 973 3710 habentes
999 3673 1060 3727 prae
1077 3657 1178 3723 oculis,
1197 3658 1392 3714 studuerimus
1405 3656 1489 3712 ΒΜ·
1497 3653 1554 3697 ”5¹¹¹

341 3745 360 3769 u
591 3739 597 3751 ·
621 3740 627 3751 -
867 3738 874 3750 ·
1047 3739 1053 3751 .
1157 3741 1163 3753 .
1296 3742 1302 3753 .
1405 3703 1547 3764 hamlorim-

381 3740 539 3798 secundum
569 3740 700 3795 dwmnm
727 3737 941 3809 beneplacrtum
967 3743 1135 3805 terminare,
1155 3759 1187 3795 m
1204 3759 1261 3813 quo
1279 3760 1304 3797 er
1329 3760 1392 3814 per·
1496 3754 1536 3797 tue

342 3827 360 3854 “
380 3844 463 3882 sonae
473 3825 617 3882 vellemus
628 3824 760 3894 accipere
771 3823 819 3877 vel
836 3839 956 3877 munera
966 3823 1088 3879 forsitan
1105 3832 1265 3897 acceptare,
1278 3832 1392 3898 partem
1404 3816 1476 3897 ἓξὲξ
1495 3815 1525 3847 ⁰¹¹

341 3912 360 3936 ‘⁶
381 3907 594 3965 Cantuariensis
612 3904 820 3977 archiepiscopi
837 3904 1027 3976 proculdubio
1052 3908 1279 3978 praetulissemus
1304 3910 1393 3980 parti·
1405 3904 1530 3949 mmm

342 3995 361 4020 “
380 3995 434 4049 bus
453 3990 671 4055 monachornm,
691 3988 877 4044 credebamus
904 3988 982 4059 quod
1006 3990 1116 4046 factum
1134 3998 1267 4047 nostrum
1285 3993 1392 4048 sollici·

342 4075 452 4131 “tudo
481 4074 562 4145 regia
591 4072 708 4128 deberet
744 4071 906 4142 gratiarnm
934 4073 1067 4144 prosequi
1098 4075 1220 4140 actione,
1247 4093 1312 4147 quaa
1339 4095 1393 4132 nos

342 4164 360 4189 ‘⁴
379 4163 519 4216 hactenus
538 4158 574 4213 de
588 4157 706 4229 justitia
723 4154 857 4210 facienda
876 4157 983 4227 sapius
999 4159 1138 4223 exoravit,
1157 4177 1211 4215 nec
1236 4161 1393 4216 sustineret

343 4247 361 4272 “
380 4244 478 4314 aliqua
504 4241 617 4297 ratione
651 4240 728 4312 quod
756 4240 912 4309 quisquam
939 4239 1056 4295 deberet
1074 4241 1105 4296 in
1131 4243 1186 4298 hac
1211 4250 1294 4315 parte
1324 4262 1392 4316 apo·

341 4330 359 4356 “
380 4327 489 4383 stolicis
504 4324 683 4396 jussionibus
708 4323 843 4388 obviare;
864 4324 935 4393 quin
953 4324 1048 4394 potius
1069 4325 1094 4380 si
1112 4324 1198 4381 aliter
1214 4327 1389 4394 fecissemus,

374 4584 382 4616 ¹
394 4582 531 4648 explerent]
547 4582 667 4646 expleret,
678 4580 712 4629 A.
725 4579 756 4628 Β.
769 4577 798 4629 C.
922 4576 1077 4646 6Ιιαὶενιάιι.ι]
1092 4595 1141 4630 om.
1154 4583 1188 4632 A.
1200 4583 1232 4631 B.

373 4661 564 4727 ’tmitmsoloJ
578 4659 685 4711 tonitrui
697 4673 769 4719 sono,
781 4656 809 4709 C.
923 4656 1119 4725 Humentes]
1134 4659 1182 4710 See
1190 4659 1313 4724 Epistola
1322 4663 1391 4715 Can·

373 4744 384 4777 ⁸
395 4741 534 4806 laboratio]
549 4741 622 4791 labor
634 4738 723 4797 omnis,
735 4737 764 4789 C.
778 4799 784 4812 .
891 4736 1038 4796 tnarienses,
1049 4737 1096 4788 No.
1108 4751 1181 4798 nxx,
1193 4755 1218 4802 p.
1228 4746 1292 4801 4843
1306 4743 1391 4794 where

373 4823 384 4855 ⁴
395 4822 453 4888 hoe]
469 4823 533 4883 haeo,
543 4821 575 4871 B.
893 4815 937 4865 the
949 4816 1007 4866 date
1018 4814 1039 4866 is
1049 4816 1135 4882 given,
1146 4818 1209 4868 Dec.
1219 4824 1259 4880 22,
1271 4825 1343 4872 1198.
