3662 5728
412 903 477 968 124
611 917 773 967 omvssu
795 917 956 967 mousom
979 916 1253 967 ossrussmrms

259 1128 382 1173 sonna
410 1105 562 1171 recedens
576 1105 661 1170 vires
677 1126 751 1171 suas
763 1126 913 1191 reparare
928 1105 1067 1183 studuit,
1079 1125 1144 1191 quo
1159 1105 1303 1171 severius
1312 1108 1348 1170 et
1357 1104 1464 1170 acrius

412 1207 651 1292 imperatricem
675 1212 710 1272 et
732 1228 844 1272 omnes
867 1207 971 1293 ipsius
994 1207 1167 1293 complices
1190 1205 1403 1290 debellaret.¹]

456 1307 608 1375 Instante
621 1330 710 1374 sero
736 1308 919 1376 festivitate
935 1308 1049 1375 Sancti
1077 1309 1246 1375 Michaelis
1271 1308 1464 1395 imperatrix

244 1419 394 1522 2122}qu
411 1431 486 1476 cum
509 1411 577 1474 suis
613 1411 707 1475 venit
732 1411 775 1475 ad
806 1410 1051 1487 Oxenfordiam,
1073 1410 1196 1476 ibidem
1226 1410 1270 1476 ad
1299 1411 1464 1476 modicum

240 1523 378 1615 mu
411 1518 597 1597 pausatura,
613 1512 703 1578 etde
718 1513 907 1578 necessariis
930 1517 1120 1578 tractatura.
1166 1512 1241 1577 Rex
1262 1517 1374 1577 sutem
1393 1511 1464 1597 jam

329 1601 336 1613 ⁴
411 1625 580 1704 resumpto
612 1618 740 1704 spiritu,
766 1624 806 1682 ut
836 1618 967 1684 audivit
991 1618 1143 1683 comitem
1173 1617 1399 1683 transfretasse
1431 1623 1466 1683 et

410 1719 649 1805 imperatricem
687 1719 776 1805 apud
815 1718 1069 1784 Oxenefordiam
1107 1719 1143 1783 in
1180 1740 1259 1805 pace
1293 1719 1464 1805 quiescere,

409 1822 579 1888 civitatem
617 1822 723 1907 ipsam
756 1821 945 1886 obsessurus
971 1842 1045 1887 cum
1072 1820 1178 1886 multa
1200 1821 1350 1907 peditum
1374 1820 1465 1906 equi-

408 1931 546 2010 tumque
570 1931 704 1991 caterva
729 1924 840 1990 subito
866 1923 1066 1989 fu1ibundus
1091 1924 1236 2000 advenit,
1261 1925 1465 2011 vastatisque

409 2028 561 2093 omnibus
591 2032 686 2092 extra
716 2026 831 2092 urbem
861 2027 985 2113 positis,
1016 2048 1120 2111 usque
1150 2026 1193 2092 ad
1224 2032 1336 2112 portas
1373 2026 1465 2092 nullo

404 2128 476 2214 jam
507 2128 659 2193 obstante
688 2129 848 2214 pervenit.
895 2128 1140 2195 Consummatis
1171 2127 1283 2214 itaque
1313 2128 1349 2192 in
1379 2127 1464 2192 obsi-

409 2230 507 2296 dione
532 2230 606 2316 plus
633 2229 761 2295 duobus
788 2230 964 2307 mensibus,
989 2229 1255 2316 consumptisque
1277 2229 1351 2315 jam
1377 2230 1466 2294 intra

409 2332 524 2398 urbem
540 2331 770 2398 alimoniarum
793 2333 956 2397 universis
971 2332 1165 2418 sumptibus,
1182 2332 1466 2419 appropinquante

411 2434 612 2501 Natiuitatis
626 2434 810 2500 Dominioae
840 2434 1080 2521 solempnitate,
1101 2439 1172 2499 erat
1201 2434 1335 2500 domins
1364 2433 1467 2519 impe-

411 2537 516 2603 ratrix
546 2537 582 2600 in
612 2557 733 2623 magna
762 2536 868 2601 cordis
893 2535 1049 2623 angustis
1078 2540 1113 2601 et
1142 2535 1253 2602 dolore
1271 2558 1366 2627 ‘oum
1399 2535 1466 2601 suis

411 2639 600 2705 constituta
647 2636 764 2704 Comes
790 2645 903 2704 autern
930 2637 1095 2703 Robertus
1119 2658 1192 2703 cum
1218 2637 1364 2704 Henrioo
1387 2659 1466 2724 pue-

243 2749 387 2794 aessens
411 2741 483 2805 rulo
511 2739 701 2825 caeterisque
727 2740 796 2805 suis
819 2741 921 2827 copiis
945 2739 1106 2826 applicuit
1136 2740 1171 2803 in
1195 2740 1351 2826 Angliam
1377 2739 1467 2826 apud

244 2799 327 2850 fleury
335 2799 391 2844 land

245 2849 362 2949 Ἅιδῃ
411 2848 543 2929 portum
569 2841 777 2908 Warhamise.
831 2841 980 2906 Audiens
1007 2846 1119 2908 autem
1150 2862 1291 2906 sororem
1322 2861 1467 2906 suamc

243 2950 366 3045 ffiiffim
412 2965 487 3031 rege
512 2942 642 3009 fortiter
668 2942 841 3019 obsessam,
868 2943 1066 3029 cupiensque
1093 2963 1202 3028 regern
1226 2942 1269 3007 ab
1299 2940 1466 3006 obsidione

243 3051 316 3096 essa
413 3065 573 3121 revocare,
599 3044 701 3130 coepit
725 3043 866 3108 viriliter
892 3042 1062 3109 castellum
1089 3042 1286 3108 Warhamiae
1311 3041 1467 3107 obsidere.

414 3145 519 3210 Erant
548 3151 660 3210 autem
695 3141 752 3208 inl
782 3144 853 3230 ipso
883 3128 1035 3229 praesidio
1066 3142 1187 3208 milites
1217 3144 1304 3229 regis
1333 3142 1467 3230 plurimi

412 3245 475 3310 sub
497 3266 598 3310 manu
622 3244 796 3310 Hereberti
823 3245 864 3310 de
880 3245 961 3310 Luci
976 3245 1158 3311 constituti.
1204 3244 1347 3330 Fuitque
1362 3265 1468 3310 onmes

412 3347 576 3414 Robortus
603 3348 638 3411 in
663 3346 831 3413 obsidione
856 3346 913 3412 ills
939 3368 998 3434 per
1017 3351 1084 3412 tres
1107 3347 1313 3434 septimanas.
1359 3345 1469 3432 Impe-

412 3449 519 3514 ratrix
542 3455 654 3515 autem
678 3454 713 3514 et
742 3447 778 3513 hi
809 3449 966 3535 quicum
996 3448 1068 3535 ipsa
1092 3454 1188 3514 erant
1211 3470 1286 3515 cum
1307 3448 1380 3535 jam
1410 3467 1469 3533 pro

414 3550 545 3618 defectu
589 3550 784 3617 victualium
823 3573 926 3636 usque
962 3552 1006 3617 ad
1044 3550 1220 3616 deditionis
1258 3549 1467 3637 opprobrium

414 3658 591 3741 cogeretis,
620 3653 777 3740 prudenti
807 3659 842 3719 et
879 3652 1058 3719 necessario
1095 3674 1155 3718 usa
1191 3652 1326 3718 oonsilio
1356 3652 1469 3739 fugam

415 3754 577 3820 meditata
602 3759 653 3820 est
681 3753 899 3820 artificiosam.
946 3753 1084 3840 Hiemps
1115 3753 1236 3841 quippe
1263 3760 1334 3820 erat
1357 3753 1469 3820 fortis·

247 3863 307 3959 ἓξ·
344 3876 402 3959 ⁰res·
414 3857 498 3921 sima
521 3856 571 3921 ita
592 3860 634 3920 ut
657 3855 826 3921 Tamensis
856 3855 978 3919 fluvius
1000 3855 1102 3941 juxta
1125 3856 1230 3920 fluens
1257 3856 1339 3921 dura
1364 3854 1468 3942 glacie

246 3976 278 4010 ⁰¹1
314 3976 377 4010 eree.
414 3959 649 4045 stringendum
680 3958 740 4021 nix
764 3957 866 4023 etiam
893 3956 1009 4023 faciem
1034 3963 1130 4023 terrae
1154 3964 1335 4044 operuerat.
1381 3956 1466 4023 (lum

414 4059 518 4147 igitur
553 4081 612 4125 rex
643 4059 757 4124 urbem
798 4080 833 4124 se
863 4064 1036 4145 capturum
1074 4066 1229 4146 speraret,
1255 4066 1291 4125 et
1327 4059 1369 4125 ob
1407 4058 1469 4124 hoc

415 4161 680 4227 Waramensibus
706 4159 843 4226 obsessis
869 4160 997 4225 nullum
1028 4160 1186 4226 voluisset
1211 4168 1366 4247 praestare
1392 4160 1468 4226 sub-

414 4263 544 4341 sidium,
574 4262 798 4328 Waramenses
818 4263 931 4328 comiti
955 4262 1100 4328 Roberto
1124 4262 1294 4329 castellum
1319 4263 1468 4328 reddide-

414 4369 500 4429 rimt
536 4362 737 4451 Imperatrix
752 4385 830 4430 vero
845 4386 866 4430 a
880 4363 1043 4429 militibus
1058 4364 1203 4450 quinque
1219 4385 1277 4449 per
1291 4364 1466 4449 posticium

290 4449 326 4482 ⁰¹¹·
415 4459 542 4542 muca,
557 4461 624 4530 0s³
645 4465 850 4531 secaneos
877 4465 1015 4551 veprem
1040 4464 1377 4531 moestissimis
1404 4463 1467 4528 nn-

415 4566 501 4632 theis
531 4566 629 4630 simul
660 4589 772 4632 omnes
802 4568 954 4654 oooperti,
979 4588 1038 4654 per
1065 4567 1160 4632 nives
1190 4572 1226 4632 et
1254 4566 1383 4653 glacies,
1407 4586 1465 4650 per

449 4777 569 4828 ¹Dcisdc
587 4816 593 4827 .
612 4815 618 4827 .
637 4815 644 4829 .
660 4775 945 4901 debellorchom.A.'
999 4778 1045 4827 ’ἐκ
1074 4779 1183 4840 cumo.

415 4859 446 4908 B.
480 4858 507 4909 It
518 4857 542 4908 is
552 4857 677 4923 probably
688 4857 800 4908 inserted
810 4857 837 4907 in
849 4857 879 4909 C.
891 4857 918 4907 in

999 4856 1199 4924 smeac

414 4951 530 5004 among
541 4938 620 5002 1³¹⁸oe-
940 4905 947 4999 l
