3646 5720
414 827 480 898 274
614 836 777 894 onuvssn
799 843 960 896 mousom
983 843 1257 897 esurusmmrsrs

262 1033 318 1078 an.
326 1034 384 1080 11⁷⁷.
416 1030 435 1057 ‘¹
454 1047 543 1085 meas.
581 1029 621 1086 Et
637 1046 692 1102 ego
714 1028 862 1086 Henricne
879 1048 931 1086 rex
947 1030 1066 1104 Angliae
1084 1029 1222 1086 similiter
1237 1028 1305 1086 volo
1323 1044 1358 1083 ex
1382 1030 1466 1099 parte
1479 1025 1576 1079 Bened-

245 1095 362 1199 'mm
415 1113 435 1139 ⁴‘
454 1129 527 1178 mes,
549 1111 628 1184 qnod
644 1119 820 1168 mercatores
844 1118 874 1169 et
899 1130 999 1169 omnes
1024 1113 1157 1169 homines
1174 1117 1235 1168 tem
1252 1110 1355 1167 clerici
1380 1126 1468 1181 quem
1480 1110 1497 1143 ¹·
1512 1098 1570 1144 ¹⁹³·

415 1197 433 1223 “
452 1195 518 1251 iaici
544 1195 579 1251 de
602 1197 713 1266 terra]¹
738 1199 818 1269 regis
847 1199 979 1254 Franciae
1008 1198 1118 1254 domini
1147 1198 1205 1252 mei
1235 1214 1303 1255 cum
1333 1194 1468 1250 omnibus

415 1280 433 1305 ‘⁸
453 1279 540 1334 rebus
557 1280 617 1335 suis
635 1279 695 1334 sint
712 1281 817 1347 secari,
837 1287 868 1336 et
893 1297 996 1352 paoem
1018 1282 1143 1336 habeant
1167 1297 1221 1351 per
1246 1295 1347 1335 omnes
1373 1282 1467 1333 terras

416 1362 434 1387 ‘⁴
453 1378 541 1418 meae.
578 1362 652 1418 Haec
677 1368 776 1420 autem
801 1363 1015 1435 suprascripta¹
1038 1381 1092 1419 nos
1115 1362 1240 1418 firmiter
1264 1363 1467 1418 observaturos

415 1444 641 1516 “promisimus
671 1452 702 1502 et
734 1447 899 1517 juravimus
929 1447 960 1502 in
995 1446 1153 1519 prasentia
1180 1445 1355 1502 venerabilis
1384 1443 1467 1500 Petri

415 1528 434 1554 ‘⁸
452 1529 534 1584 tituli
552 1528 654 1587 Sancti
671 1529 827 1601 Grisogoni
845 1530 1000 1602 presbiteri
1017 1530 1183 1595 cardinalis,
1202 1529 1369 1601 apostolicis
1387 1527 1465 1584 sedis

414 1613 433 1637 “
452 1611 554 1683 legati,
579 1618 609 1669 et
637 1613 670 1668 in
700 1614 856 1686 praesentia
885 1613 1004 1670 Ricardi
1028 1613 1237 1671 wintoniensis
1266 1611 1402 1685 episcopi,
1434 1616 1465 1667 et

413 1695 433 1723 “
451 1694 472 1750 J
472 1695 593 1752 ohannis
612 1695 798 1753 Oarnotensis
816 1697 954 1768 episcopi,
967 1701 997 1752 et
1016 1697 1140 1754 Henrioi
1152 1695 1315 1768 Bajooeneis
1326 1695 1464 1766 episcopi,

414 1780 432 1805 ‘¹
452 1783 483 1834 et
509 1778 642 1850 Fregerii
670 1778 822 1849 Sagiensis
849 1779 987 1852 episcopi,
1007 1784 1038 1835 et
1062 1779 1165 1851 Egidii
1191 1778 1376 1834 Ebroicensis
1403 1778 1463 1849 epi-

412 1862 432 1889 “
451 1861 540 1932 scopi,
560 1868 591 1917 et
608 1861 731 1918 Henrioi
747 1862 836 1933 regis,
855 1861 911 1917 lilii
928 1862 1052 1918 Hanrici
1077 1862 1157 1933 regis
1173 1860 1302 1932 Anglise,
1321 1866 1352 1916 et
1375 1860 1463 1915 eomi-

413 1945 432 1971 “
451 1946 491 2001 tis
508 1945 696 2012 Theodboldi,
714 1950 745 2002 et
762 1944 886 2002 comitis
904 1945 1034 2013 Rcberti,
1052 1950 1084 2002 et
1101 1946 1184 2002 Petri
1210 1944 1247 2001 de
1264 1944 1414 2009 Gurtenai,
1433 1950 1463 2000 et

412 2028 432 2055 “
451 2028 566 2084 comitis
591 2028 727 2095 Simonis,
745 2032 777 2085 et
793 2029 935 2086 willelmi
961 2029 997 2085 de
1015 2029 1140 2095 Humea,
1160 2033 1189 2084 et
1212 2028 1374 2084 multorum
1392 2027 1462 2084 elio-

412 2111 432 2140 “
448 2129 516 2167 rum
533 2118 594 2168 tam
613 2113 783 2169 clericorum
803 2129 890 2184 quam
908 2112 1078 2169 laicorum.''

242 2185 372 2290 &2332
456 2195 529 2291 Hoc
550 2217 646 2273 anno,
668 2195 784 2283 vigilia
811 2196 925 2262 Sancti
948 2195 1091 2262 Andreae
1112 2195 1262 2282 apostoli,
1284 2196 1365 2261 hora
1386 2217 1461 2262 nec·

241 2289 391 2393 m&
411 2295 491 2361 dum
523 2298 640 2384 prima,
662 2297 818 2385 apparuit
848 2296 884 2362 in
912 2295 1033 2363 (lentie
1065 2297 1166 2362 rubor
1198 2298 1333 2383 quidam
1367 2299 1462 2383 quasi

409 2397 544 2465 flamma
569 2399 688 2466 ardena
719 2404 754 2465 et
775 2399 892 2465 volans
922 2399 1069 2486 impulsu
1090 2399 1185 2464 venti
1216 2399 1274 2485 qui
1296 2399 1461 2466 veniebat

410 2498 554 2580 Quidam
591 2521 669 2568 vero
707 2501 886 2567 certissime
920 2500 1130 2567 affirmabunt
1162 2501 1336 2568 draconem
1368 2501 1460 2567 flem-

408 2620 519 2665 meum
541 2603 649 2689 crispo
678 2603 785 2690 capite
808 2623 842 2668 ee
874 2601 1048 2668 manifeste
1079 2603 1193 2669 eadem
1225 2602 1307 2669 hora
1329 2602 1459 2669 vidisse.

407 2700 576 2769 Dixerunt
596 2704 732 2791 plurimi
755 2705 886 2791 signum
917 2703 979 2771 hoc
1001 2705 1072 2770 sive
1105 2704 1256 2771 draconis
1287 2726 1345 2769 seu
1367 2704 1460 2770 flem-

407 2824 470 2870 mae
493 2806 639 2872 ardentis
653 2807 708 2873 vel
731 2807 859 2872 ruboris
881 2827 940 2893 per
962 2811 1068 2873 totem
1082 2806 1239 2893 Angliam
1261 2808 1459 2894 apparuisse.

239 2901 395 2998 efflim
407 2903 471 2970 Die
493 2908 594 2974 tertia
607 2913 728 2975 ventus
749 2909 847 2974 flavit
867 2907 1044 2976 fortissime
1066 2931 1088 2977 a
1109 2909 1297 2995 supradicto
1319 2909 1460 2986 climate,

238 3002 342 3048 Μὰ·
407 3006 500 3091 cujus
538 3007 636 3095 pulsu
673 3008 876 3075 intolerabili
913 3009 1062 3087 aedifida,
1093 3009 1234 3088 arbores,
1265 3015 1459 3096 tegumenta

406 3107 586 3187 domorum,
608 3109 667 3176 sed
688 3116 724 3177 et
744 3110 868 3177 tabule
890 3110 1055 3198 plumbeae
1078 3110 1294 3190 ecclesiarum,
1316 3117 1356 3176 ut
1376 3132 1457 3198 pan-

405 3209 508 3275 niculi
541 3212 673 3298 purvuli
706 3215 907 3279 corruerunt.
953 3212 1031 3299 Ipso
1053 3213 1106 3279 die
1132 3213 1274 3300 populus
1297 3212 1457 3280 Christia-

405 3332 469 3377 nus
500 3312 710 3380 innumerata
732 3314 825 3380 milia
846 3335 1050 3401 paganorum
1073 3320 1222 3382 conserto
1244 3315 1358 3402 praelio
1381 3337 1457 3383 oon-

235 3404 330 3501 ssffiff
404 3411 561 3493 fecerunt,
593 3416 643 3482 ita
675 3421 716 3481 ut
748 3438 791 3482 ex
824 3416 871 3482 eie
902 3416 1004 3481 xxxi*
1032 3417 1086 3482 vel
1120 3438 1159 3483 ec
1190 3417 1332 3505 amplius
1364 3420 1458 3487 milia

235 3505 393 3605 fflffl,
404 3515 617 3595 trucidarent,
640 3522 839 3604 caeterosque
861 3538 937 3583 cum
959 3517 1115 3585 dedecore
1137 3518 1299 3606 fugerent
1344 3521 1456 3587 Adve-

403 3626 501 3687 nerat
522 3623 611 3689 enim
642 3623 678 3688 in
700 3622 783 3689 fines
809 3622 1093 3690 Jerosolimitanos
1116 3623 1268 3691 infinitus
1291 3628 1456 3695 exercitus

378 3743 607 3811 paganorum
629 3746 705 3792 cum
735 3724 884 3812 parvulis
906 3725 1032 3792 suiset
1061 3727 1222 3793 uxoribus
1254 3728 1299 3794 ad
1330 3751 1454 3817 expug-

402 3826 556 3906 nandam,
578 3827 681 3894 immo
702 3827 747 3893 ad
768 3827 1008 3914 possidendam,
1031 3827 1203 3894 civitatem
1225 3834 1372 3895 sanctam
1398 3831 1455 3898 Je-

402 3927 553 3995 rusalem.
619 3928 686 3995 Sed
707 3928 841 3995 favente
864 3928 935 3994 Deo
957 3949 1160 4015 paganorum
1182 3930 1324 4017 populus
1345 3933 1454 4019 periit,

402 4030 495 4095 etin
529 4032 686 4098 membris
717 4030 794 4098 Suis
817 4029 973 4097 videlicet
995 4029 1194 4097 Christianis
1215 4031 1313 4098 Jesus
1341 4032 1453 4101 Chris-

403 4134 457 4195 tus
480 4131 708 4218 triumphavit

235 4229 391 4284 mm
447 4231 607 4320 Rogerius
638 4239 750 4299 autem
780 4233 1098 4321 Augustinianorum
1132 4234 1263 4314 electus,
1281 4237 1353 4323 jam
1386 4238 1453 4305 fere

233 4281 294 4326 elect
301 4284 326 4327 ct

235 4331 331 4429 {333
402 4333 535 4400 biennio
569 4338 644 4421 post
666 4334 858 4400 electionem
882 4355 976 4402 suam
997 4335 1139 4423 expleto,
1161 4336 1203 4402 de
1225 4337 1452 4407 benedictione

401 4454 461 4502 sua
498 4437 632 4503 tandem
666 4436 825 4503 sollicitus
862 4437 985 4503 extitit
1031 4436 1308 4506 Praedeoessorum
1340 4441 1452 4529 itaque

401 4559 534 4604 suorum
557 4539 699 4627 vestigia
732 4545 872 4618 secutus,
894 4539 1074 4606 Ricardum
1097 4538 1369 4609 Oantuariensem
1399 4566 1451 4610 sr-

434 4765 501 4817 ιειαι
519 4803 525 4817 .
543 4804 550 4819 .
568 4802 575 4818 .
593 4768 674 4834 terra]
688 4782 738 4819 orn.
750 4769 786 4819 A.
798 4770 830 4820 B.
917 4766 923 4836 Ι
970 4768 1179 4839 'uprcecriptaJ
1194 4773 1344 4838 subscripta,
1356 4775 1387 4829 C.
