3666 5724
747 946 859 998 orans
882 946 1075 997 msromca,
1367 933 1431 997 395

378 1135 627 1221 perturbationi,
642 1140 677 1201 εὴ
699 1135 787 1220 quod
808 1135 951 1200 voluerit
972 1135 1065 1201 salva
1087 1157 1166 1221 paca
1188 1137 1335 1201 omnium
1351 1135 1434 1221 pris·
1464 1156 1586 1202 sanna

378 1236 487 1301 tinum
521 1236 664 1303 eeclesiae
694 1241 819 1302 statum
849 1236 886 1300 in
916 1237 1081 1322 integrum
1111 1236 1295 1302 reformare.
1335 1236 1432 1303 Com·
1447 1207 1584 1320 ffifflss,

379 1338 551 1404 mandavit
566 1339 750 1404 admodum
772 1338 973 1404 humilitatis
996 1339 1163 1415 virtutem,
1182 1360 1329 1404 asserem
1344 1340 1432 1424 quod

377 1440 440 1507 hoc
461 1441 530 1507 solo
553 1439 704 1506 antidoto
726 1440 938 1527 praelatorum
969 1445 1054 1506 esset
1086 1441 1267 1506 evincenda
1298 1441 1431 1506 duritia.

378 1541 511 1608 Monuit
547 1543 710 1607 attentius
750 1547 788 1607 ut
825 1541 1068 1628 archiepiscopo
1102 1543 1250 1607 venienti
1284 1541 1429 1627 aliquam
1444 1564 1565 1625 rhemn-

377 1643 572 1710 exhiberent
594 1643 828 1724 humilitatem,
844 1650 879 1709 et
901 1644 944 1708 ab
966 1665 1005 1709 eo
1027 1644 1224 1730 condignam
1242 1644 1431 1729 exciperent
1443 1615 1559 1712 hstiis

376 1744 627 1812 humanitatem.
674 1745 718 1810 Et
740 1752 816 1831 post
837 1744 967 1830 aliqua3
989 1744 1141 1822 “Dolet’'
1165 1745 1282 1831 inquit,
1299 1715 1588 1813 “mm-miii*

380 1856 398 1881 “
421 1848 591 1934 spiscopus
614 1852 649 1912 et
671 1847 885 1912 contristatus
908 1852 968 1925 est,
991 1867 1029 1912 eo
1061 1847 1149 1932 quod
1171 1847 1272 1932 hujus
1287 1846 1430 1912 ecclesias
1442 1816 1579 1928 {dividi

376 1957 395 1982 «ι
416 1953 485 2012 sm
531 1947 682 2014 sublimn
721 1948 888 2013 omissus
925 1947 1141 2034 hospicium.
1188 1949 1311 2014 verum
1352 1921 1603 2033 quatisstd'ah

376 2059 392 2083 ‘¹
416 2070 514 2136 super
551 2050 614 2115 hoc
650 2049 911 2134 qualemcunque
948 2047 1178 2135 praetenditis¹
1217 2050 1428 2127 occasionem,
1441 2016 1581 2112 iiidffia

376 2158 393 2185 ‘⁴
416 2151 542 2217 scilicet
564 2151 652 2236 qnod
683 2149 944 2237 archiepiscopus
965 2150 1026 2215 has
1057 2156 1170 2216 teneat
1192 2150 1333 2227 villulas,
1356 2117 1601 2261 quaedilifaffiih's

377 2260 483 2318 “non
505 2253 549 2319 ad
571 2253 698 2318 victum
720 2251 889 2337 hospitum
921 2252 979 2316 sed
1012 2252 1055 2317 ad
1088 2258 1232 2319 vestram
1263 2229 1494 2339 pertinent”‘

376 2362 393 2388 “
416 2375 586 2430 eameram,
609 2353 685 2418 vult
716 2352 978 2440 archiepiscopus
1012 2359 1051 2419 ut
1081 2353 1141 2418 has
1173 2355 1260 2420 sicut
1293 2360 1328 2420 et
1349 2354 1431 2419 alias

377 2462 393 2489 “
416 2455 581 2540 recipiatis
604 2459 639 2519 εὴ
661 2455 811 2530 teneatis,
833 2453 920 2519 sicut
941 2454 977 2517 in
1000 2455 1176 2540 praesentia
1198 2455 1324 2521 domini
1345 2455 1432 2541 regis

378 2564 394 2591 “
417 2561 452 2621 εὴ
495 2555 655 2621 baronum
693 2575 827 2619 suorum
865 2575 924 2639 per
960 2554 1136 2621 monachos
1176 2560 1302 2621 vestros
1342 2556 1428 2641 apud

377 2666 395 2692 “
417 2658 571 2723 Alenzun
592 2656 719 2722 factum
743 2677 812 2721 esse
834 2655 1034 2737 dinoscitur;
1055 2656 1181 2723 scilicet
1203 2662 1243 2721 ut
1264 2662 1332 2722 tres
1358 2678 1431 2743 per-

376 2767 393 2792 “
416 2779 513 2836 sonae,
541 2757 661 2822 fratres
695 2757 806 2838 vestri,
840 2778 921 2843 quos
944 2757 1038 2822 vobis
1061 2757 1252 2845 assignavit,
1277 2757 1432 2823 videlicet

376 2868 394 2896 “
416 2860 561 2937 sacrista,
583 2859 789 2936 camerarius,
812 2864 847 2924 et
868 2859 897 2923 is
920 2859 977 2944 qui
999 2859 1124 2925 ibidem
1156 2858 1332 2926 celararius
1354 2880 1431 2925 con·

376 2963 556 3028 “stitutus
594 2967 652 3038 est,
685 2960 877 3026 ministeriis
915 2961 983 3026 suis
1021 2960 1149 3026 debitas
1186 2968 1221 3026 et
1258 2961 1432 3028 distinctas

379 3072 396 3099 “
419 3063 566 3130 habeant
587 3062 764 3148 portiones,
779 3067 903 3148 etpost
919 3061 999 3128 anni
1015 3062 1173 3129 circulum
1189 3062 1432 3150 archiepiscopo

375 3174 392 3201 “
416 3165 457 3231 de
495 3164 647 3233 omnibus
696 3162 923 3249 respondeant.
980 3163 1065 3230 Haec
1101 3164 1195 3230 vobis
1230 3164 1432 3230 humilitatis

375 3276 392 3302 ⁴‘
414 3267 523 3352 gratia
545 3265 698 3332 dominus
721 3265 818 3330 offert
839 3263 1119 3351 archiepiscopum
1141 3287 1201 3332 nos
1224 3265 1311 3331 idem
1336 3265 1430 3331 vobis

375 3368 590 3434 “suademus
636 3371 676 3431 nt
719 3364 878 3431 fratribus
915 3372 955 3430 ut
997 3367 1046 3433 ita
1083 3366 1221 3432 faciatis.
1267 3366 1492 3433 Praetercarsa

374 3478 393 3505 “
414 3468 552 3535 mandat
572 3467 844 3554 archiepiscopus,
860 3467 935 3531 vult
956 3472 991 3532 et
1012 3468 1164 3555 praecipit
1186 3469 1339 3533 dominus
1360 3490 1429 3544 rex,
1441 3437 1587 3583 &aab

375 3580 391 3607 «ι
415 3577 455 3635 ue
491 3569 684 3636 nannum
720 3567 864 3634 salsas
901 3567 1082 3645 asama,
1114 3568 1363 3646 amamus,
1395 3575 1429 3635 a
1478 3550 1534 3583 ⁶⁰¹⁰

375 3680 392 3707 “
415 3673 589 3759 signemus.
635 3669 779 3736 Audivn
801 3669 890 3734 enim
913 3669 1066 3735 dominus
1089 3691 1149 3735 rex
1171 3671 1259 3756 qnod
1285 3670 1428 3738 ecclesiae

376 3783 393 3810 “
416 3774 610 3840 thesaurum
625 3771 812 3838 distrahitis
827 3775 863 3836 et
877 3771 1054 3857 dissipatis,
1070 3770 1128 3837 εὴ2
1142 3772 1179 3837 in
1194 3771 1426 3838 contumeliam

375 3876 517 3963 “ipsius
539 3880 574 3940 et
597 3872 809 3961 opprobrium
839 3871 1074 3959 archiepiscopi
1097 3873 1133 3938 in
1165 3873 1256 3939 curis
1278 3873 1429 3940 Romana

375 3986 391 4012 “
414 3998 573 4063 expensas
594 3975 831 4063 multiplicatis.
877 3974 938 4052 En,
954 3975 1080 4041 domini
1102 3977 1175 4053 mei,
1191 3976 1325 4042 cernitis
1347 3976 1428 4062 quid

374 4089 391 4114 ‘¹
414 4084 466 4145 tot
480 4078 606 4144 labores
629 4084 664 4144 et
685 4083 738 4144 tot
752 4098 904 4164 expensae
926 4077 1020 4142 vobis
1040 4077 1259 4143 contulerunt
1307 4077 1429 4144 Omnia

373 4189 391 4216 “
414 4181 451 4246 in
472 4185 647 4258 momento,
664 4202 739 4246 cum
762 4201 830 4244 nno
852 4180 935 4245 flatu
957 4184 1076 4247 cuncta
1098 4180 1228 4267 perdita
1250 4187 1336 4258 sunt,
1352 4202 1427 4247 cum

374 4292 392 4319 “
410 4283 481 4369 jam
503 4281 628 4347 nullius
650 4282 719 4349 sint
740 4282 908 4361 momenti,
923 4302 984 4348 nec
1005 4282 1105 4347 unius
1127 4282 1262 4349 valeant
1283 4283 1427 4368 pretium

374 4383 549 4449 “denarii
596 4384 717 4450 Omnia
749 4383 884 4469 quidem
922 4406 943 4450 a
976 4384 1108 4471 gemino
1142 4406 1205 4450 ovo
1239 4382 1428 4470 incipienda

375 4492 391 4521 ‘¹
414 4490 552 4562 suntet
575 4485 709 4552 tandem
732 4491 853 4571 praeter
874 4485 960 4572 regis
982 4485 1204 4552 coniventiam
1222 4486 1272 4550 nil
1294 4486 1427 4571 penitus

410 4766 417 4801 ι
426 4767 599 4836 promitis]
613 4768 777 4833 prudentitia
788 4769 876 4829 A·B·;
958 4771 969 4804 ²

376 4846 565 4916 praedcmptitis,
577 4848 607 4900 C.
