3646 5720
413 912 478 980 238
613 929 776 980 ossvssu
800 930 961 979 uousour
983 929 1257 981 esurusruuusrs

258 1118 382 1166 «tv-11⁷2
412 1132 482 1177 suae
519 1111 641 1197 reginae
679 1112 838 1198 imposuit
874 1111 1010 1177 alterius
1043 1112 1136 1198 regni
1174 1113 1344 1198 episcopus
1377 1112 1466 1198 apud

413 1211 618 1278 Wintonism
656 1213 692 1277 in
730 1212 849 1278 diocesi
880 1213 1005 1278 scilicet
1037 1211 1283 1278 Cantueriensis
1315 1212 1466 1278 ecclesiae.

242 1321 402 1424 {mm
414 1311 543 1378 Scimus
565 1319 677 1379 autem
700 1313 792 1378 etin
815 1313 1041 1379 ecclesiasticis
1064 1311 1203 1399 legimus
1226 1312 1356 1399 regulis,
1379 1312 1468 1398 quod

242 1422 394 1475 &uerbum
412 1435 479 1480 non
511 1415 630 1480 debeat
661 1415 831 1501 episcopus
862 1413 917 1479 vel
951 1413 1108 1499 quislibet
1139 1414 1302 1499 presbiter
1331 1413 1468 1479 alterius

407 1515 487 1601 jure
515 1516 682 1593 invadere,
715 1515 770 1581 vel
803 1515 840 1579 in
877 1514 1033 1600 parochia
1070 1514 1141 1601 ejus
1173 1515 1296 1601 absque
1334 1514 1469 1581 licentia

411 1617 515 1703 ipsius
537 1618 714 1702 quicquam
736 1615 946 1682 sacerdotalis
969 1614 1066 1680 officii
1089 1615 1285 1681 ministrare.
1331 1614 1377 1680 Et
1401 1635 1469 1679 non

411 1716 470 1782 in1
493 1717 643 1803 quelibet
676 1716 840 1802 dignitate
872 1737 933 1781 sua
956 1714 1188 1781 Oentuariensi
1222 1715 1365 1781 ecclesiae
1398 1714 1470 1781 haec

412 1823 464 1883 est
487 1818 581 1884 illata
603 1816 770 1894 violentia,
794 1817 851 1881 sed
885 1817 921 1879 iu
953 1837 993 1880 ea
1024 1837 1090 1902 que
1121 1816 1224 1882 nichil
1259 1817 1392 1904 dignius
1414 1815 1468 1881 vel

412 1919 586 2004 specialius
609 1918 729 1983 hebere
752 1917 935 1982 dinoscitur
957 1920 992 1980 et
1013 1937 1035 1980 a
1057 1916 1319 1982 diuturnioribus
1342 1909 1469 2003 tempo

411 2020 503 2085 ribus
526 2020 681 2105 optinere.
729 2017 801 2083 Nec
822 2017 909 2082 hanc
930 2038 1024 2081 suam
1047 2018 1301 2104 praerogativam
1330 2019 1373 2085 ad
1397 2018 1470 2083 hes-

411 2126 507 2186 terno
529 2120 587 2185 sed
610 2120 652 2185 ab
675 2119 915 2206 antiquitatum
931 2119 1471 2205 1111111111111111111111101111111112

412 2222 585 2288 consuevit
606 2221 781 2307 possidere.

243 2343 401 2389 muneror
459 2322 678 2389 coronatione
700 2322 805 2409 igitur
826 2321 959 2407 expleta
979 2321 1150 2386 redierunt
1165 2322 1307 2409 episcopi
1330 2323 1366 2387 in
1382 2323 1468 2389 Nor·
1480 2331 1576 2409 131111

242 2394 401 2497 iiiffid
413 2426 590 2502 manniam,
613 2445 688 2511 rege
716 2424 848 2510 juniore
880 2444 955 2489 cum
987 2444 1048 2488 sue
1069 2423 1184 2508 regina
1206 2425 1243 2488 in
1273 2424 1398 2511 Anglie
1419 2414 1497 2491 di-¹'
1510 2404 1551 2450 ³¹·

412 2527 520 2592 misso.
582 2525 824 2591 Convenientes
856 2530 969 2589 sutem
1001 2545 1111 2610 regem
1134 2525 1296 2591 seniorem
1319 2527 1470 2613 praedicti

411 2627 513 2715 legati
546 2627 586 2692 de
620 2632 726 2692 morte
759 2624 1008 2691 centuariensis
1038 2625 1282 2712 archiepiscopi,
1314 2649 1390 2693 eum
1427 2628 1471 2693 ad

411 2728 683 2794 satisfaciendum
706 2728 787 2792 satis
811 2726 970 2791 humilem
998 2731 1198 2813 repererunt.
1244 2728 1472 2794 Decreverunt

412 2829 516 2916 igitur
553 2829 664 2915 legati,
703 2833 742 2892 ut
787 2828 823 2891 in
868 2827 951 2892 facie
997 2828 1140 2894 ecclesiae
1178 2829 1220 2893 ad
1265 2830 1470 2918 purgandam

412 2930 636 2996 innocentiam
674 2949 768 2994 suam
806 2932 876 2993 tam
900 2927 941 2991 de
963 2928 1069 2993 sancti
1100 2928 1334 3017 archiepiscopi
1366 2936 1471 2996 morte

414 3051 514 3115 quem
549 3030 590 3095 de
621 3029 696 3094 aliis
730 3028 923 3113 subscriptis
947 3029 1101 3115 capitulis
1123 3038 1365 3096 sacramentum
1387 3054 1471 3119 prse-

414 3136 519 3196 steret
552 3131 742 3217 juramenti.
788 3130 920 3194 Annuit
953 3152 1020 3207 rex,
1059 3136 1095 3195 et
1126 3131 1223 3196 tactis
1257 3135 1471 3201 sacrosanctis

412 3232 503 3319 apud
525 3232 688 3298 Abrincas
710 3231 762 3297 vt>
784 3230 945 3296 kalendas
969 3229 1121 3297 Octobris
1144 3232 1292 3318 juravit:

243 3356 401 3403 omhsmrn
451 3357 470 3383 ‘⁶
484 3358 510 3412 Ι.
529 3356 613 3426 Quod
638 3375 693 3412 nec
719 3356 860 3429 proecepit
885 3373 940 3412 nec
956 3355 1052 3412 voluit
1076 3361 1110 3412 ut
1136 3356 1353 3416 Oautuariensis
1378 3361 1471 3417 arohi-

243 3407 402 3509 llrldnbhw
415 3441 434 3469 “
453 3440 606 3512 episcopus
626 3440 820 3506 occideretur,
840 3444 880 3505 et,
900 3438 1016 3510 quaudo
1041 3439 1163 3505 audivit,
1190 3442 1380 3499 vehementer
1404 3444 1472 3500 inde

244 3508 349 3561 “lm
414 3522 434 3549 “
453 3521 556 3579 doluit.
594 3523 653 3578 Sed
671 3523 740 3595 quia
758 3521 961 3577 malefectores
986 3521 1054 3577 illos
1079 3523 1131 3594 qui
1157 3525 1312 3596 praefatum
1330 3526 1472 3598 archiepi-

413 3607 433 3632 “
453 3623 574 3678 scopum
592 3605 764 3662 oeciderunt
782 3605 890 3661 habere
908 3622 967 3660 uon
984 3610 1110 3677 poterat,
1122 3607 1173 3677 qui
1192 3612 1291 3664 tamen
1308 3609 1340 3664 iu
1358 3609 1472 3666 deliciis

413 3690 433 3716 ⁴‘
452 3689 640 3746 venationum
660 3688 843 3760 aliquamdiu
866 3695 969 3759 postea
986 3689 1103 3744 suerent
1121 3707 1188 3747 cnm
1208 3691 1271 3763 ipso
1289 3694 1471 3759 commorati,

414 3775 434 3800 ‘⁶
453 3774 572 3845 etquis
596 3773 721 3828 timebat
746 3773 824 3843 ipsos
852 3770 927 3827 illud
953 3772 1137 3844 prophanum
1163 3791 1235 3846 opus
1260 3792 1347 3831 causa
1372 3782 1472 3833 motus

414 3856 436 3883 “
453 3857 547 3911 animi
565 3873 651 3928 quem
670 3855 700 3910 in
719 3871 753 3911 eo
771 3853 907 3910 videraut
925 3860 1117 3926 perpetrasse,
1137 3858 1174 3912 de
1198 3857 1395 3915 satisfactione
1412 3860 1473 3916 tale

414 3939 434 3964 ‘⁴
452 3938 590 4010 praestitit
609 3941 832 3993 sacramentum.

449 4023 469 4049 “
481 4022 523 4077 Π.
543 4021 661 4077 Jurevit
678 4022 767 4077 etiem
785 4018 863 4092 quod
889 4020 927 4075 ab
944 4018 1112 4077 Alexandro
1138 4040 1252 4078 summo
1279 4023 1417 4095 pontifice
1442 4030 1473 4080 et

413 4106 433 4135 “
452 4105 490 4162 ab
515 4105 669 4162 catholicis
702 4104 767 4175 ejas
797 4103 1012 4160 successoribus
1044 4121 1103 4160 non
1128 4106 1277 4163 recederet
1302 4124 1391 4178 quam
1420 4107 1473 4164 diu

413 4189 433 4215 ‘⁶
452 4188 552 4260 ipsum
570 4188 646 4244 sicut
663 4204 764 4260 regem
783 4187 960 4243 catholicum
979 4187 1141 4244 habuerint

450 4274 468 4298 “
485 4272 545 4327 ΙΠ.
564 4271 684 4327 Jurevit
719 4271 808 4327 etiam
844 4271 922 4342 quod
952 4287 1047 4341 neque
1076 4271 1287 4343 appellationes
1316 4274 1472 4347 impediret

414 4355 434 4382 “
453 4372 548 4426 neque
566 4353 705 4426 impediri
723 4353 908 4427 permitteret
926 4353 998 4425 quin
1024 4352 1116 4409 libere
1133 4354 1238 4410 flerent
1254 4355 1286 4410 in
1303 4374 1395 4429 regno
1419 4376 1472 4415 suo

416 4439 436 4468 ‘⁴
456 4439 494 4495 ed
513 4439 680 4495 Romsmm
707 4438 875 4510 pontificem
893 4437 924 4492 in
943 4438 1146 4495 ecclesiasticis
1164 4440 1277 4508 cansis;
1306 4441 1349 4497 sio
1372 4450 1472 4499 tamen

417 4522 436 4548 ‘⁴
455 4527 501 4590 ut,
523 4520 550 4578 si
575 4521 602 4578 ei
629 4521 758 4594 suspecti
784 4520 896 4576 fuerint
917 4519 1018 4592 aliqui,
1044 4520 1231 4578 securitatem
1257 4523 1367 4580 facient
1395 4522 1473 4597 quod

415 4604 437 4632 ‘⁴
454 4604 566 4660 malum
584 4619 670 4661 suum
688 4602 736 4659 vel
753 4602 838 4672 regni
855 4618 914 4658 non
931 4608 1104 4673 quaererent.

447 4826 664 4896 ιι·1ι]111.11.11.
943 4827 948 4895 Ι
1004 4798 1178 4896 lisseiacum]
1192 4829 1351 4895 inconcussa,
1363 4833 1394 4886 0.
