<?xml version="1.0" encoding="UTF-8"?>
<!DOCTYPE html PUBLIC "-//W3C//DTD XHTML 1.0 Transitional//EN"
    "http://www.w3.org/TR/xhtml1/DTD/xhtml1-transitional.dtd">
<html xmlns="http://www.w3.org/1999/xhtml" xml:lang="en" lang="en">
 <head>
  <title>
</title>
<meta http-equiv="Content-Type" content="text/html;charset=utf-8" />
  <meta name='ocr-system' content='tesseract 3.04.00' />
  <meta name='ocr-capabilities' content='ocr_page ocr_carea ocr_par ocr_line ocrx_word'/>
</head>
<body>
  <div class='ocr_page' id='page_1' title='image "./historicalworks00offigoog_0543.png"; bbox 0 0 3628 5728; ppageno 0'>
   <div class='ocr_carea' id='block_1_1' title="bbox 730 832 1419 926">
    <p class='ocr_par' dir='ltr' id='par_1_1' title="bbox 730 832 1419 926">
     <span class='ocr_line' id='line_1_1' title="bbox 730 832 1419 926; baseline 0.001 -4"><span class='ocrx_word' id='word_1_1' title='bbox 730 872 842 923; x_wconf 73' lang='lat' dir='ltr'><strong>ornus</strong></span> <span class='ocrx_word' id='word_1_2' title='bbox 864 832 1055 923; x_wconf 74' lang='lat' dir='ltr'><strong>nrsrouros.</strong></span> <span class='ocrx_word' id='word_1_3' title='bbox 1354 854 1419 926; x_wconf 74' lang='lat'><strong>479</strong></span> 
     </span>
    </p>
   </div>
   <div class='ocr_carea' id='block_1_2' title="bbox 364 1057 1573 1166">
    <p class='ocr_par' dir='ltr' id='par_1_2' title="bbox 364 1057 1573 1166">
     <span class='ocr_line' id='line_1_2' title="bbox 364 1057 1573 1166; baseline -0.003 -42"><span class='ocrx_word' id='word_1_4' title='bbox 364 1058 449 1124; x_wconf 92' lang='lat' dir='ltr'><strong>bilis.</strong></span> <span class='ocrx_word' id='word_1_5' title='bbox 484 1058 625 1146; x_wconf 79' lang='lat' dir='ltr'><strong>Igitur‘</strong></span> <span class='ocrx_word' id='word_1_6' title='bbox 626 1059 820 1124; x_wconf 85' lang='lat' dir='ltr'><strong>‘consedere</strong></span> <span class='ocrx_word' id='word_1_7' title='bbox 835 1058 934 1124; x_wconf 87' lang='lat' dir='ltr'><strong>duces</strong></span> <span class='ocrx_word' id='word_1_8' title='bbox 956 1059 1144 1143; x_wconf 71' lang='lat' dir='ltr'>intentique</span> <span class='ocrx_word' id='word_1_9' title='bbox 1159 1080 1216 1125; x_wconf 84' lang='lat' dir='ltr'><strong>ora</strong></span> <span class='ocrx_word' id='word_1_10' title='bbox 1231 1057 1417 1136; x_wconf 62' lang='lat' dir='ltr'><strong>tenebantss&#39;</strong></span> <span class='ocrx_word' id='word_1_11' title='bbox 1448 1059 1555 1166; x_wconf 46' lang='grc' dir='ltr'><strong>ΑΝῸΜ</strong></span> <span class='ocrx_word' id='word_1_12' title='bbox 1499 1061 1573 1104; x_wconf 73' lang='lat'><strong>··¹1⁸⁹</strong></span> 
     </span>
    </p>
   </div>
   <div class='ocr_carea' id='block_1_3' title="bbox 365 1159 1554 1274">
    <p class='ocr_par' dir='ltr' id='par_1_3' title="bbox 365 1159 1554 1274">
     <span class='ocr_line' id='line_1_3' title="bbox 365 1159 1554 1274; baseline -0.003 -47"><span class='ocrx_word' id='word_1_13' title='bbox 365 1168 401 1226; x_wconf 92' lang='lat' dir='ltr'><strong>et</strong></span> <span class='ocrx_word' id='word_1_14' title='bbox 422 1161 549 1227; x_wconf 81' lang='lat' dir='ltr'><strong>caeteris</strong></span> <span class='ocrx_word' id='word_1_15' title='bbox 571 1160 697 1226; x_wconf 86' lang='lat' dir='ltr'><strong>indicto</strong></span> <span class='ocrx_word' id='word_1_16' title='bbox 712 1160 853 1238; x_wconf 89' lang='lat' dir='ltr'><strong>silentio,</strong></span> <span class='ocrx_word' id='word_1_17' title='bbox 866 1159 1130 1247; x_wconf 76' lang='lat' dir='ltr'><strong>archiepiscopus</strong></span> <span class='ocrx_word' id='word_1_18' title='bbox 1146 1126 1555 1274; x_wconf 45' lang='lat' dir='ltr'><strong>Rothomngensisrppph</strong></span> 
     </span>
    </p>
   </div>
   <div class='ocr_carea' id='block_1_4' title="bbox 203 1262 1651 4603">
    <p class='ocr_par' dir='ltr' id='par_1_4' title="bbox 203 1262 1651 4603">
     <span class='ocr_line' id='line_1_4' title="bbox 366 1262 1563 1418; baseline -0.001 -90"><span class='ocrx_word' id='word_1_19' title='bbox 366 1264 403 1328; x_wconf 90' lang='lat' dir='ltr'><strong>in</strong></span> <span class='ocrx_word' id='word_1_20' title='bbox 424 1263 533 1328; x_wconf 92' lang='lat' dir='ltr'><strong>medio</strong></span> <span class='ocrx_word' id='word_1_21' title='bbox 555 1267 647 1327; x_wconf 79' lang='lat' dir='ltr'><strong>stans</strong></span> <span class='ocrx_word' id='word_1_22' title='bbox 676 1262 873 1349; x_wconf 74' lang='lat' dir='ltr'><strong>proditionis</strong></span> <span class='ocrx_word' id='word_1_23' title='bbox 904 1284 973 1328; x_wconf 86' lang='lat' dir='ltr'><strong>sure</strong></span> <span class='ocrx_word' id='word_1_24' title='bbox 994 1262 1057 1329; x_wconf 90' lang='lat' dir='ltr'><strong>hoc</strong></span> <span class='ocrx_word' id='word_1_25' title='bbox 1080 1262 1198 1329; x_wconf 90' lang='lat' dir='ltr'><strong>habuit</strong></span> <span class='ocrx_word' id='word_1_26' title='bbox 1226 1263 1419 1329; x_wconf 83' lang='lat' dir='ltr'><strong>exordium:</strong></span> <span class='ocrx_word' id='word_1_27' title='bbox 1412 1274 1563 1418; x_wconf 48' lang='lat' dir='ltr'><strong>‚2333th</strong></span> 
     </span>
     <span class='ocr_line' id='line_1_5' title="bbox 203 1363 1651 1469; baseline 0.002 -43"><span class='ocrx_word' id='word_1_28' title='bbox 203 1370 309 1426; x_wconf 66' lang='lat' dir='ltr'><strong>scoti</strong></span> <span class='ocrx_word' id='word_1_29' title='bbox 311 1374 384 1422; x_wconf 84' lang='grc' dir='ltr'><strong>.ι“</strong></span> <span class='ocrx_word' id='word_1_30' title='bbox 408 1365 606 1430; x_wconf 79' lang='lat' dir='ltr'><strong>Benedictus</strong></span> <span class='ocrx_word' id='word_1_31' title='bbox 622 1364 713 1430; x_wconf 87' lang='lat' dir='ltr'><strong>Deus</strong></span> <span class='ocrx_word' id='word_1_32' title='bbox 735 1371 770 1432; x_wconf 89' lang='lat' dir='ltr'><strong>et</strong></span> <span class='ocrx_word' id='word_1_33' title='bbox 784 1365 884 1431; x_wconf 84' lang='lat' dir='ltr'><strong>Pater</strong></span> <span class='ocrx_word' id='word_1_34' title='bbox 906 1364 1042 1430; x_wconf 89' lang='lat' dir='ltr'><strong>Domini</strong></span> <span class='ocrx_word' id='word_1_35' title='bbox 1064 1365 1170 1430; x_wconf 78' lang='lat' dir='ltr'><strong>nostri</strong></span> <span class='ocrx_word' id='word_1_36' title='bbox 1188 1364 1270 1430; x_wconf 80' lang='lat' dir='ltr'><strong>Jesu</strong></span> <span class='ocrx_word' id='word_1_37' title='bbox 1286 1363 1446 1442; x_wconf 83' lang='lat' dir='ltr'><strong>Christio</strong></span> <span class='ocrx_word' id='word_1_38' title='bbox 1432 1374 1559 1469; x_wconf 55' lang='lat' dir='ltr'><strong>3112pr</strong></span> <span class='ocrx_word' id='word_1_39' title='bbox 1496 1424 1579 1468; x_wconf 51' lang='lat' dir='ltr'><strong>hm</strong></span> <span class='ocrx_word' id='word_1_40' title='bbox 1649 1376 1651 1380; x_wconf 73' lang='lat'>‘</span> 
     </span>
     <span class='ocr_line' id='line_1_6' title="bbox 369 1466 1488 1534; baseline 0 -2"><span class='ocrx_word' id='word_1_41' title='bbox 369 1468 509 1533; x_wconf 82' lang='lat' dir='ltr'><strong>“Pater</strong></span> <span class='ocrx_word' id='word_1_42' title='bbox 531 1466 832 1532; x_wconf 78' lang='lat' dir='ltr'><strong>misericordiarum</strong></span> <span class='ocrx_word' id='word_1_43' title='bbox 855 1471 890 1531; x_wconf 93' lang='lat' dir='ltr'><strong>et</strong></span> <span class='ocrx_word' id='word_1_44' title='bbox 919 1466 1011 1532; x_wconf 87' lang='lat' dir='ltr'><strong>Deus</strong></span> <span class='ocrx_word' id='word_1_45' title='bbox 1041 1467 1145 1533; x_wconf 85' lang='lat' dir='ltr'><strong>totins</strong></span> <span class='ocrx_word' id='word_1_46' title='bbox 1176 1466 1417 1534; x_wconf 74' lang='lat' dir='ltr'><strong>consolationis.</strong></span> <span class='ocrx_word' id='word_1_47' title='bbox 1432 1478 1488 1525; x_wconf 79' lang='grc' dir='ltr'><strong>ιιι</strong></span> 
     </span>
     <span class='ocr_line' id='line_1_7' title="bbox 369 1567 1421 1655; baseline 0 -21"><span class='ocrx_word' id='word_1_48' title='bbox 369 1569 570 1636; x_wconf 83' lang='lat' dir='ltr'><strong>“Visitovit</strong></span> <span class='ocrx_word' id='word_1_49' title='bbox 598 1589 657 1633; x_wconf 87' lang='lat' dir='ltr'><strong>nos</strong></span> <span class='ocrx_word' id='word_1_50' title='bbox 688 1567 807 1635; x_wconf 85' lang='lat' dir='ltr'><strong>Oriens</strong></span> <span class='ocrx_word' id='word_1_51' title='bbox 829 1589 872 1634; x_wconf 83' lang='lat' dir='ltr'><strong>cx</strong></span> <span class='ocrx_word' id='word_1_52' title='bbox 901 1567 997 1634; x_wconf 58' lang='lat' dir='ltr'><strong>altoss’</strong></span> <span class='ocrx_word' id='word_1_53' title='bbox 1042 1569 1095 1647; x_wconf 84' lang='lat' dir='ltr'><strong>Et,</strong></span> <span class='ocrx_word' id='word_1_54' title='bbox 1119 1569 1213 1654; x_wconf 83' lang='lat' dir='ltr'><strong>quasi</strong></span> <span class='ocrx_word' id='word_1_55' title='bbox 1243 1568 1421 1655; x_wconf 74' lang='lat' dir='ltr'><strong>praefocato</strong></span> 
     </span>
     <span class='ocr_line' id='line_1_8' title="bbox 368 1669 1423 1758; baseline 0.002 -23"><span class='ocrx_word' id='word_1_56' title='bbox 368 1675 511 1758; x_wconf 88' lang='lat' dir='ltr'><strong>gutture,</strong></span> <span class='ocrx_word' id='word_1_57' title='bbox 549 1669 723 1756; x_wconf 90' lang='lat' dir='ltr'><strong>paululum</strong></span> <span class='ocrx_word' id='word_1_58' title='bbox 763 1669 937 1748; x_wconf 87' lang='lat' dir='ltr'><strong>sustinens,</strong></span> <span class='ocrx_word' id='word_1_59' title='bbox 980 1670 1174 1756; x_wconf 86' lang='lat' dir='ltr'><strong>subjunxit:</strong></span> <span class='ocrx_word' id='word_1_60' title='bbox 1221 1670 1423 1737; x_wconf 85' lang='lat' dir='ltr'><strong>“Discordia</strong></span> 
     </span>
     <span class='ocr_line' id='line_1_9' title="bbox 369 1771 1421 1858; baseline 0.001 -22.041"><span class='ocrx_word' id='word_1_61' title='bbox 369 1772 561 1858; x_wconf 80' lang='lat' dir='ltr'><strong>“quaedam</strong></span> <span class='ocrx_word' id='word_1_62' title='bbox 583 1771 671 1837; x_wconf 90' lang='lat' dir='ltr'><strong>inter</strong></span> <span class='ocrx_word' id='word_1_63' title='bbox 693 1771 864 1836; x_wconf 89' lang='lat' dir='ltr'><strong>dominum</strong></span> <span class='ocrx_word' id='word_1_64' title='bbox 878 1771 1207 1858; x_wconf 89' lang='lat' dir='ltr'><strong>archiepiscopumet</strong></span> <span class='ocrx_word' id='word_1_65' title='bbox 1221 1778 1421 1839; x_wconf 86' lang='lat' dir='ltr'><strong>conventum</strong></span> 
     </span>
     <span class='ocr_line' id='line_1_10' title="bbox 370 1871 1423 1958; baseline 0 -20"><span class='ocrx_word' id='word_1_66' title='bbox 370 1882 386 1908; x_wconf 88' lang='lat'>“</span> <span class='ocrx_word' id='word_1_67' title='bbox 409 1873 506 1938; x_wconf 86' lang='lat' dir='ltr'><strong>istius</strong></span> <span class='ocrx_word' id='word_1_68' title='bbox 528 1871 712 1938; x_wconf 78' lang='lat' dir='ltr'><strong>eoclesiae</strong></span> <span class='ocrx_word' id='word_1_69' title='bbox 701 1893 739 1936; x_wconf 89' lang='grc' dir='ltr'><strong>ιιι</strong></span> <span class='ocrx_word' id='word_1_70' title='bbox 761 1872 897 1958; x_wconf 85' lang='lat' dir='ltr'><strong>longum</strong></span> <span class='ocrx_word' id='word_1_71' title='bbox 926 1876 1093 1958; x_wconf 82' lang='lat' dir='ltr'><strong>protracta</strong></span> <span class='ocrx_word' id='word_1_72' title='bbox 1115 1878 1174 1951; x_wconf 86' lang='lat' dir='ltr'><strong>eet,</strong></span> <span class='ocrx_word' id='word_1_73' title='bbox 1197 1874 1255 1939; x_wconf 90' lang='lat' dir='ltr'><strong>sed</strong></span> <span class='ocrx_word' id='word_1_74' title='bbox 1282 1895 1324 1938; x_wconf 85' lang='lat' dir='ltr'><strong>ex</strong></span> <span class='ocrx_word' id='word_1_75' title='bbox 1346 1894 1423 1938; x_wconf 90' lang='lat' dir='ltr'><strong>con·</strong></span> 
     </span>
     <span class='ocr_line' id='line_1_11' title="bbox 370 1974 1529 2090; baseline -0.002 -49"><span class='ocrx_word' id='word_1_76' title='bbox 370 1984 386 2009; x_wconf 91' lang='lat'><em>“</em></span> <span class='ocrx_word' id='word_1_77' title='bbox 409 1975 484 2041; x_wconf 89' lang='lat' dir='ltr'><strong>silio</strong></span> <span class='ocrx_word' id='word_1_78' title='bbox 518 1974 645 2040; x_wconf 90' lang='lat' dir='ltr'><strong>domini</strong></span> <span class='ocrx_word' id='word_1_79' title='bbox 680 1974 767 2090; x_wconf 74' lang='lat' dir='ltr'><strong>regis</strong></span> <span class='ocrx_word' id='word_1_80' title='bbox 804 1977 839 2039; x_wconf 90' lang='grc' dir='ltr'><strong>ιι</strong></span> <span class='ocrx_word' id='word_1_81' title='bbox 876 1974 1102 2061; x_wconf 88' lang='lat' dir='ltr'><strong>episcoporum</strong></span> <span class='ocrx_word' id='word_1_82' title='bbox 1141 1975 1199 2061; x_wconf 91' lang='lat' dir='ltr'><strong>qui</strong></span> <span class='ocrx_word' id='word_1_83' title='bbox 1242 1979 1489 2074; x_wconf 74' lang='grc' dir='ltr'><strong>ριιιιιιιιιιιι11</strong></span> <span class='ocrx_word' id='word_1_84' title='bbox 1434 1981 1529 2025; x_wconf 62' lang='lat' dir='ltr'><strong>„uta</strong></span> 
     </span>
     <span class='ocr_line' id='line_1_12' title="bbox 369 2030 1583 2175; baseline 0 -33"><span class='ocrx_word' id='word_1_85' title='bbox 369 2085 385 2112; x_wconf 88' lang='lat'>“</span> <span class='ocrx_word' id='word_1_86' title='bbox 408 2082 488 2141; x_wconf 89' lang='lat' dir='ltr'><strong>sunt</strong></span> <span class='ocrx_word' id='word_1_87' title='bbox 519 2080 554 2142; x_wconf 86' lang='grc' dir='ltr'><strong>ιι</strong></span> <span class='ocrx_word' id='word_1_88' title='bbox 584 2080 697 2140; x_wconf 88' lang='lat' dir='ltr'><strong>nostro</strong></span> <span class='ocrx_word' id='word_1_89' title='bbox 728 2075 785 2140; x_wconf 83' lang='lat' dir='ltr'><strong>via</strong></span> <span class='ocrx_word' id='word_1_90' title='bbox 815 2074 1033 2141; x_wconf 81' lang='lat' dir='ltr'><strong>reformandos</strong></span> <span class='ocrx_word' id='word_1_91' title='bbox 1067 2076 1157 2163; x_wconf 88' lang='lat' dir='ltr'><strong>pacis</strong></span> <span class='ocrx_word' id='word_1_92' title='bbox 1191 2077 1329 2142; x_wconf 81' lang='lat' dir='ltr'><strong>invente</strong></span> <span class='ocrx_word' id='word_1_93' title='bbox 1363 2081 1421 2142; x_wconf 86' lang='lat' dir='ltr'><strong>eet</strong></span> <span class='ocrx_word' id='word_1_94' title='bbox 1434 2030 1583 2175; x_wconf 50' lang='grc' dir='ltr'>ἓὲξιιιῐῖ,</span> 
     </span>
     <span class='ocr_line' id='line_1_13' title="bbox 368 2175 1526 2265; baseline 0.001 -23"><span class='ocrx_word' id='word_1_95' title='bbox 368 2175 970 2264; x_wconf 80' lang='lat' dir='ltr'><strong>“Nosenimjudicavimus1quod</strong></span> <span class='ocrx_word' id='word_1_96' title='bbox 999 2176 1261 2265; x_wconf 81' lang='lat' dir='ltr'><strong>archiepiscopus</strong></span> <span class='ocrx_word' id='word_1_97' title='bbox 1284 2179 1471 2245; x_wconf 68' lang='lat' dir='ltr'><strong>utitur-³</strong></span> <span class='ocrx_word' id='word_1_98' title='bbox 1435 2181 1526 2234; x_wconf 55' lang='lat' dir='ltr'><strong>&#39;’hm-1¹</strong></span> 
     </span>
     <span class='ocr_line' id='line_1_14' title="bbox 369 2279 1423 2367; baseline 0.001 -23"><span class='ocrx_word' id='word_1_99' title='bbox 369 2289 386 2315; x_wconf 88' lang='lat'><strong>“</strong></span> <span class='ocrx_word' id='word_1_100' title='bbox 409 2302 473 2366; x_wconf 90' lang='lat' dir='ltr'><strong>que</strong></span> <span class='ocrx_word' id='word_1_101' title='bbox 495 2279 631 2345; x_wconf 86' lang='lat' dir='ltr'><strong>volebat</strong></span> <span class='ocrx_word' id='word_1_102' title='bbox 656 2299 751 2343; x_wconf 92' lang='lat' dir='ltr'><strong>suam</strong></span> <span class='ocrx_word' id='word_1_103' title='bbox 773 2283 904 2364; x_wconf 80' lang='lat' dir='ltr'><strong>poteret</strong></span> <span class='ocrx_word' id='word_1_104' title='bbox 925 2279 1103 2346; x_wconf 84' lang='lat' dir='ltr'><strong>aedifioosse</strong></span> <span class='ocrx_word' id='word_1_105' title='bbox 1133 2280 1292 2367; x_wconf 84' lang='lat' dir='ltr'><strong>capellam</strong></span> <span class='ocrx_word' id='word_1_106' title='bbox 1314 2281 1381 2346; x_wconf 91' lang='lat' dir='ltr'><strong>et&#39;</strong></span> <span class='ocrx_word' id='word_1_107' title='bbox 1372 2302 1423 2345; x_wconf 92' lang='lat' dir='ltr'><strong>m-</strong></span> 
     </span>
     <span class='ocr_line' id='line_1_15' title="bbox 271 2378 1421 2469; baseline 0 -22"><span class='ocrx_word' id='word_1_108' title='bbox 271 2384 276 2392; x_wconf 88' lang='grc'><strong>’</strong></span> <span class='ocrx_word' id='word_1_109' title='bbox 369 2391 386 2418; x_wconf 86' lang='grc'><strong>“</strong></span> <span class='ocrx_word' id='word_1_110' title='bbox 409 2383 557 2448; x_wconf 86' lang='lat' dir='ltr'><strong>stituisse</strong></span> <span class='ocrx_word' id='word_1_111' title='bbox 594 2381 745 2467; x_wconf 88' lang='lat' dir='ltr'><strong>priorem.</strong></span> <span class='ocrx_word' id='word_1_112' title='bbox 806 2378 1000 2446; x_wconf 74' lang='lat' dir='ltr'><strong>Conventus</strong></span> <span class='ocrx_word' id='word_1_113' title='bbox 1041 2386 1153 2447; x_wconf 85' lang='lat' dir='ltr'><strong>autem</strong></span> <span class='ocrx_word' id='word_1_114' title='bbox 1184 2382 1421 2469; x_wconf 85' lang='lat' dir='ltr'><strong>archiepiscopi</strong></span> 
     </span>
     <span class='ocr_line' id='line_1_16' title="bbox 370 2480 1423 2570; baseline -0.001 -19"><span class='ocrx_word' id='word_1_115' title='bbox 370 2493 387 2519; x_wconf 86' lang='lat'><strong>¹‘</strong></span> <span class='ocrx_word' id='word_1_116' title='bbox 409 2488 504 2570; x_wconf 80' lang='lat' dir='ltr'><strong>petet</strong></span> <span class='ocrx_word' id='word_1_117' title='bbox 525 2480 791 2558; x_wconf 83' lang='lat' dir='ltr'><strong>misericordiam,</strong></span> <span class='ocrx_word' id='word_1_118' title='bbox 820 2486 856 2546; x_wconf 90' lang='lat' dir='ltr'><strong>et</strong></span> <span class='ocrx_word' id='word_1_119' title='bbox 884 2482 931 2548; x_wconf 87' lang='lat' dir='ltr'><strong>sic</strong></span> <span class='ocrx_word' id='word_1_120' title='bbox 960 2481 1222 2569; x_wconf 75' lang='lat' dir='ltr'><strong>archiepiscopus</strong></span> <span class='ocrx_word' id='word_1_121' title='bbox 1252 2484 1300 2549; x_wconf 90' lang='lat' dir='ltr'><strong>eis</strong></span> <span class='ocrx_word' id='word_1_122' title='bbox 1329 2505 1423 2550; x_wconf 84' lang='lat' dir='ltr'><strong>suam</strong></span> 
     </span>
     <span class='ocr_line' id='line_1_17' title="bbox 370 2582 1567 2680; baseline 0.001 -30"><span class='ocrx_word' id='word_1_123' title='bbox 370 2586 560 2651; x_wconf 88' lang='lat' dir='ltr'><strong>“remittet</strong></span> <span class='ocrx_word' id='word_1_124' title='bbox 596 2582 887 2670; x_wconf 54' lang='lat' dir='ltr'><strong>indignationem?</strong></span> <span class='ocrx_word' id='word_1_125' title='bbox 944 2583 1008 2649; x_wconf 88' lang='lat' dir='ltr'><strong>His</strong></span> <span class='ocrx_word' id='word_1_126' title='bbox 1043 2585 1141 2650; x_wconf 88' lang='lat' dir='ltr'><strong>dictis</strong></span> <span class='ocrx_word' id='word_1_127' title='bbox 1178 2585 1423 2672; x_wconf 89' lang='lat' dir='ltr'><strong>obstupuerunt</strong></span> <span class='ocrx_word' id='word_1_128' title='bbox 1436 2627 1567 2680; x_wconf 78' lang='lat' dir='ltr'><strong>mmor</strong></span> 
     </span>
     <span class='ocr_line' id='line_1_18' title="bbox 370 2640 1556 2771; baseline 0.002 -19"><span class='ocrx_word' id='word_1_129' title='bbox 370 2686 523 2754; x_wconf 84' lang='lat' dir='ltr'><strong>monachi</strong></span> <span class='ocrx_word' id='word_1_130' title='bbox 545 2692 580 2751; x_wconf 91' lang='lat' dir='ltr'><strong>et</strong></span> <span class='ocrx_word' id='word_1_131' title='bbox 602 2706 715 2751; x_wconf 88' lang='lat' dir='ltr'><strong>omnes</strong></span> <span class='ocrx_word' id='word_1_132' title='bbox 744 2685 970 2771; x_wconf 80' lang='lat' dir='ltr'><strong>specialissimi</strong></span> <span class='ocrx_word' id='word_1_133' title='bbox 1001 2684 1250 2753; x_wconf 71' lang='lat' dir='ltr'><strong>cantuariensis</strong></span> <span class='ocrx_word' id='word_1_134' title='bbox 1280 2680 1509 2754; x_wconf 68' lang='lat' dir='ltr'><strong>ecclesiaethem</strong></span> <span class='ocrx_word' id='word_1_135' title='bbox 1510 2640 1556 2721; x_wconf 60' lang='lat'><strong>⁰¹¹*</strong></span> 
     </span>
     <span class='ocr_line' id='line_1_19' title="bbox 371 2781 1425 2872; baseline 0.002 -18"><span class='ocrx_word' id='word_1_136' title='bbox 371 2790 441 2867; x_wconf 89' lang='lat' dir='ltr'><strong>filii,</strong></span> <span class='ocrx_word' id='word_1_137' title='bbox 464 2794 499 2856; x_wconf 92' lang='lat' dir='ltr'><strong>et</strong></span> <span class='ocrx_word' id='word_1_138' title='bbox 528 2788 564 2852; x_wconf 90' lang='lat' dir='ltr'><strong>hi</strong></span> <span class='ocrx_word' id='word_1_139' title='bbox 597 2781 743 2853; x_wconf 84' lang='lat' dir='ltr'><strong>maxime</strong></span> <span class='ocrx_word' id='word_1_140' title='bbox 775 2787 897 2872; x_wconf 87' lang='lat' dir='ltr'><strong>quiex</strong></span> <span class='ocrx_word' id='word_1_141' title='bbox 920 2788 1039 2854; x_wconf 90' lang='lat' dir='ltr'><strong>intimo</strong></span> <span class='ocrx_word' id='word_1_142' title='bbox 1062 2788 1168 2854; x_wconf 81' lang='lat' dir='ltr'><strong>cordis</strong></span> <span class='ocrx_word' id='word_1_143' title='bbox 1200 2789 1321 2856; x_wconf 88' lang='lat' dir='ltr'><strong>affectu</strong></span> <span class='ocrx_word' id='word_1_144' title='bbox 1344 2789 1425 2856; x_wconf 90' lang='lat' dir='ltr'><strong>huc·</strong></span> 
     </span>
     <span class='ocr_line' id='line_1_20' title="bbox 372 2889 1425 2977; baseline 0 -21"><span class='ocrx_word' id='word_1_145' title='bbox 372 2912 476 2977; x_wconf 86' lang='lat' dir='ltr'><strong>usque</strong></span> <span class='ocrx_word' id='word_1_146' title='bbox 498 2889 633 2956; x_wconf 85' lang='lat' dir='ltr'><strong>fuerant</strong></span> <span class='ocrx_word' id='word_1_147' title='bbox 655 2889 745 2975; x_wconf 88' lang='lat' dir='ltr'><strong>pacis</strong></span> <span class='ocrx_word' id='word_1_148' title='bbox 777 2889 982 2956; x_wconf 89' lang='lat' dir='ltr'><strong>mediatores.</strong></span> <span class='ocrx_word' id='word_1_149' title='bbox 1029 2889 1283 2957; x_wconf 85' lang='lat' dir='ltr'><strong>Murmurabnnt</strong></span> <span class='ocrx_word' id='word_1_150' title='bbox 1312 2897 1425 2958; x_wconf 85' lang='lat' dir='ltr'><strong>autem</strong></span> 
     </span>
     <span class='ocr_line' id='line_1_21' title="bbox 371 2989 1425 3079; baseline 0.002 -22"><span class='ocrx_word' id='word_1_151' title='bbox 371 2995 459 3058; x_wconf 85' lang='lat' dir='ltr'><strong>inter</strong></span> <span class='ocrx_word' id='word_1_152' title='bbox 480 3012 515 3056; x_wconf 88' lang='grc' dir='ltr'><strong>ιι</strong></span> <span class='ocrx_word' id='word_1_153' title='bbox 538 2990 685 3057; x_wconf 87' lang='lat' dir='ltr'><strong>dicentes</strong></span> <span class='ocrx_word' id='word_1_154' title='bbox 707 2989 795 3075; x_wconf 88' lang='lat' dir='ltr'><strong>quod</strong></span> <span class='ocrx_word' id='word_1_155' title='bbox 818 3011 858 3056; x_wconf 88' lang='lat' dir='ltr'><strong>ea</strong></span> <span class='ocrx_word' id='word_1_156' title='bbox 879 3012 954 3076; x_wconf 84' lang='lat' dir='ltr'><strong>qnae</strong></span> <span class='ocrx_word' id='word_1_157' title='bbox 976 2990 1250 3079; x_wconf 84' lang='lat' dir='ltr'><strong>Rothomagensis</strong></span> <span class='ocrx_word' id='word_1_158' title='bbox 1273 2992 1330 3058; x_wconf 90' lang='lat' dir='ltr'><strong>ille</strong></span> <span class='ocrx_word' id='word_1_159' title='bbox 1352 2993 1425 3060; x_wconf 81' lang='lat' dir='ltr'><strong>dix-</strong></span> 
     </span>
     <span class='ocr_line' id='line_1_22' title="bbox 372 3091 1428 3179; baseline 0 -18"><span class='ocrx_word' id='word_1_160' title='bbox 372 3099 452 3170; x_wconf 85' lang='lat' dir='ltr'><strong>erat,</strong></span> <span class='ocrx_word' id='word_1_161' title='bbox 475 3093 512 3157; x_wconf 89' lang='lat' dir='ltr'><strong>in</strong></span> <span class='ocrx_word' id='word_1_162' title='bbox 545 3091 723 3179; x_wconf 77' lang='lat' dir='ltr'><strong>praesentia</strong></span> <span class='ocrx_word' id='word_1_163' title='bbox 753 3092 839 3178; x_wconf 83' lang='lat' dir='ltr'><strong>regis</strong></span> <span class='ocrx_word' id='word_1_164' title='bbox 872 3097 908 3157; x_wconf 91' lang='lat' dir='ltr'><strong>et</strong></span> <span class='ocrx_word' id='word_1_165' title='bbox 938 3092 1165 3179; x_wconf 88' lang='lat' dir='ltr'><strong>episcoporum</strong></span> <span class='ocrx_word' id='word_1_166' title='bbox 1196 3115 1264 3160; x_wconf 92' lang='lat' dir='ltr'><strong>non</strong></span> <span class='ocrx_word' id='word_1_167' title='bbox 1294 3093 1428 3161; x_wconf 78' lang='lat' dir='ltr'><strong>fluerunt</strong></span> 
     </span>
     <span class='ocr_line' id='line_1_23' title="bbox 371 3193 1427 3283; baseline -0.001 -21"><span class='ocrx_word' id='word_1_168' title='bbox 371 3196 559 3283; x_wconf 78' lang='lat' dir='ltr'><strong>praelocuto.</strong></span> <span class='ocrx_word' id='word_1_169' title='bbox 606 3193 680 3260; x_wconf 91' lang='lat' dir='ltr'><strong>Hoc</strong></span> <span class='ocrx_word' id='word_1_170' title='bbox 702 3193 836 3279; x_wconf 91' lang='lat' dir='ltr'><strong>quidem</strong></span> <span class='ocrx_word' id='word_1_171' title='bbox 851 3195 1112 3273; x_wconf 79' lang='lat' dir='ltr'><strong>murmurabant,</strong></span> <span class='ocrx_word' id='word_1_172' title='bbox 1134 3195 1201 3273; x_wconf 90' lang='lat' dir='ltr'><strong>sed,</strong></span> <span class='ocrx_word' id='word_1_173' title='bbox 1224 3218 1292 3282; x_wconf 81' lang='lat' dir='ltr'><strong>prae</strong></span> <span class='ocrx_word' id='word_1_174' title='bbox 1308 3197 1427 3263; x_wconf 87' lang='lat' dir='ltr'><strong>timore</strong></span> 
     </span>
     <span class='ocr_line' id='line_1_24' title="bbox 372 3295 1427 3383; baseline 0 -21"><span class='ocrx_word' id='word_1_175' title='bbox 372 3299 462 3383; x_wconf 83' lang='lat' dir='ltr'><strong>regio</strong></span> <span class='ocrx_word' id='word_1_176' title='bbox 484 3301 520 3361; x_wconf 92' lang='lat' dir='ltr'><strong>et</strong></span> <span class='ocrx_word' id='word_1_177' title='bbox 542 3295 675 3362; x_wconf 83' lang='lat' dir='ltr'><strong>infinito</strong></span> <span class='ocrx_word' id='word_1_178' title='bbox 689 3295 925 3381; x_wconf 85' lang='lat' dir='ltr'><strong>archiepiscopi</strong></span> <span class='ocrx_word' id='word_1_179' title='bbox 940 3295 1079 3373; x_wconf 83' lang='lat' dir='ltr'><strong>malitie,</strong></span> <span class='ocrx_word' id='word_1_180' title='bbox 1094 3296 1273 3362; x_wconf 87' lang='lat' dir='ltr'><strong>noluerunt</strong></span> <span class='ocrx_word' id='word_1_181' title='bbox 1295 3298 1427 3383; x_wconf 89' lang='lat' dir='ltr'><strong>publice</strong></span> 
     </span>
     <span class='ocr_line' id='line_1_25' title="bbox 372 3397 1427 3485; baseline 0.002 -22"><span class='ocrx_word' id='word_1_182' title='bbox 372 3397 556 3485; x_wconf 87' lang='lat' dir='ltr'><strong>protestari,</strong></span> <span class='ocrx_word' id='word_1_183' title='bbox 579 3418 640 3463; x_wconf 86' lang='lat' dir='ltr'><strong>nec</strong></span> <span class='ocrx_word' id='word_1_184' title='bbox 662 3418 697 3461; x_wconf 88' lang='lat' dir='ltr'><strong>se</strong></span> <span class='ocrx_word' id='word_1_185' title='bbox 727 3416 889 3482; x_wconf 90' lang='lat' dir='ltr'><strong>opponere</strong></span> <span class='ocrx_word' id='word_1_186' title='bbox 912 3418 1043 3461; x_wconf 92' lang='lat' dir='ltr'><strong>murum</strong></span> <span class='ocrx_word' id='word_1_187' title='bbox 1074 3418 1134 3483; x_wconf 92' lang='lat' dir='ltr'><strong>pro</strong></span> <span class='ocrx_word' id='word_1_188' title='bbox 1164 3398 1262 3463; x_wconf 92' lang='lat' dir='ltr'><strong>domo</strong></span> <span class='ocrx_word' id='word_1_189' title='bbox 1284 3398 1427 3465; x_wconf 87' lang='lat' dir='ltr'><strong>Domini.</strong></span> 
     </span>
     <span class='ocr_line' id='line_1_26' title="bbox 375 3498 1428 3585; baseline 0.003 -21"><span class='ocrx_word' id='word_1_190' title='bbox 375 3500 456 3582; x_wconf 81' lang='lat' dir='ltr'><strong>Quis</strong></span> <span class='ocrx_word' id='word_1_191' title='bbox 479 3499 580 3577; x_wconf 91' lang='lat' dir='ltr'><strong>dolor,</strong></span> <span class='ocrx_word' id='word_1_192' title='bbox 596 3520 671 3585; x_wconf 86' lang='lat' dir='ltr'><strong>qnae</strong></span> <span class='ocrx_word' id='word_1_193' title='bbox 694 3498 815 3564; x_wconf 89' lang='lat' dir='ltr'><strong>mentis</strong></span> <span class='ocrx_word' id='word_1_194' title='bbox 838 3499 1002 3585; x_wconf 83' lang='lat' dir='ltr'><strong>angustio,</strong></span> <span class='ocrx_word' id='word_1_195' title='bbox 1025 3499 1160 3565; x_wconf 86' lang='lat' dir='ltr'><strong>miseros</strong></span> <span class='ocrx_word' id='word_1_196' title='bbox 1176 3500 1312 3566; x_wconf 85' lang='lat' dir='ltr'><strong>interim</strong></span> <span class='ocrx_word' id='word_1_197' title='bbox 1335 3507 1428 3567; x_wconf 89' lang='lat' dir='ltr'><strong>tene·</strong></span> 
     </span>
     <span class='ocr_line' id='line_1_27' title="bbox 373 3599 1543 3680; baseline 0.001 -12"><span class='ocrx_word' id='word_1_198' title='bbox 373 3609 426 3668; x_wconf 89' lang='lat' dir='ltr'><strong>ret</strong></span> <span class='ocrx_word' id='word_1_199' title='bbox 459 3601 644 3680; x_wconf 85' lang='lat' dir='ltr'><strong>monachos,</strong></span> <span class='ocrx_word' id='word_1_200' title='bbox 679 3621 747 3665; x_wconf 88' lang='lat' dir='ltr'><strong>non</strong></span> <span class='ocrx_word' id='word_1_201' title='bbox 778 3606 830 3666; x_wconf 87' lang='lat' dir='ltr'><strong>est</strong></span> <span class='ocrx_word' id='word_1_202' title='bbox 862 3599 959 3666; x_wconf 81' lang='lat' dir='ltr'><strong>facile</strong></span> <span class='ocrx_word' id='word_1_203' title='bbox 992 3600 1093 3667; x_wconf 85' lang='lat' dir='ltr'><strong>dictu.</strong></span> <span class='ocrx_word' id='word_1_204' title='bbox 1140 3601 1309 3668; x_wconf 78' lang='lat' dir='ltr'><strong>Videbunt</strong></span> <span class='ocrx_word' id='word_1_205' title='bbox 1339 3605 1428 3669; x_wconf 88' lang='lat' dir='ltr'><strong>enim</strong></span> <span class='ocrx_word' id='word_1_206' title='bbox 1539 3643 1543 3650; x_wconf 93' lang='lat'>·</span> 
     </span>
     <span class='ocr_line' id='line_1_28' title="bbox 374 3699 1429 3789; baseline 0.001 -21"><span class='ocrx_word' id='word_1_207' title='bbox 374 3725 409 3768; x_wconf 87' lang='lat' dir='ltr'><strong>se</strong></span> <span class='ocrx_word' id='word_1_208' title='bbox 431 3703 578 3789; x_wconf 89' lang='lat' dir='ltr'><strong>undique</strong></span> <span class='ocrx_word' id='word_1_209' title='bbox 600 3700 746 3779; x_wconf 81' lang='lat' dir='ltr'><strong>afflictos,</strong></span> <span class='ocrx_word' id='word_1_210' title='bbox 769 3700 915 3786; x_wconf 85' lang='lat' dir='ltr'><strong>undique</strong></span> <span class='ocrx_word' id='word_1_211' title='bbox 931 3699 1100 3768; x_wconf 83' lang='lat' dir='ltr'><strong>desolatos.</strong></span> <span class='ocrx_word' id='word_1_212' title='bbox 1147 3701 1212 3767; x_wconf 92' lang='lat' dir='ltr'><strong>Pro</strong></span> <span class='ocrx_word' id='word_1_213' title='bbox 1226 3702 1288 3770; x_wconf 88' lang='lat' dir='ltr'><strong>hac</strong></span> <span class='ocrx_word' id='word_1_214' title='bbox 1307 3705 1429 3771; x_wconf 88' lang='lat' dir='ltr'><strong>etenim</strong></span> 
     </span>
     <span class='ocr_line' id='line_1_29' title="bbox 374 3803 1430 3893; baseline 0.001 -21"><span class='ocrx_word' id='word_1_215' title='bbox 374 3827 473 3872; x_wconf 82' lang='lat' dir='ltr'><strong>causa</strong></span> <span class='ocrx_word' id='word_1_216' title='bbox 495 3805 584 3891; x_wconf 91' lang='lat' dir='ltr'><strong>prior</strong></span> <span class='ocrx_word' id='word_1_217' title='bbox 606 3809 641 3869; x_wconf 92' lang='lat' dir='ltr'><strong>et</strong></span> <span class='ocrx_word' id='word_1_218' title='bbox 670 3803 786 3868; x_wconf 85' lang='lat' dir='ltr'><strong>fratres</strong></span> <span class='ocrx_word' id='word_1_219' title='bbox 813 3803 864 3867; x_wconf 89' lang='lat' dir='ltr'><strong>sui</strong></span> <span class='ocrx_word' id='word_1_220' title='bbox 892 3804 1017 3868; x_wconf 89' lang='lat' dir='ltr'><strong>mortui</strong></span> <span class='ocrx_word' id='word_1_221' title='bbox 1039 3810 1128 3882; x_wconf 90' lang='lat' dir='ltr'><strong>sunt,</strong></span> <span class='ocrx_word' id='word_1_222' title='bbox 1159 3804 1252 3871; x_wconf 83' lang='lat' dir='ltr'><strong>labor</strong></span> <span class='ocrx_word' id='word_1_223' title='bbox 1281 3807 1430 3893; x_wconf 88' lang='lat' dir='ltr'><strong>perditus</strong></span> 
     </span>
     <span class='ocr_line' id='line_1_30' title="bbox 377 3905 1430 3995; baseline 0 -21"><span class='ocrx_word' id='word_1_224' title='bbox 377 3915 412 3975; x_wconf 90' lang='lat' dir='ltr'><strong>et</strong></span> <span class='ocrx_word' id='word_1_225' title='bbox 434 3909 591 3995; x_wconf 86' lang='lat' dir='ltr'><strong>impensa,</strong></span> <span class='ocrx_word' id='word_1_226' title='bbox 614 3905 744 3992; x_wconf 82' lang='lat' dir='ltr'><strong>legatus</strong></span> <span class='ocrx_word' id='word_1_227' title='bbox 765 3925 867 3991; x_wconf 89' lang='lat' dir='ltr'><strong>prope</strong></span> <span class='ocrx_word' id='word_1_228' title='bbox 898 3905 1027 3992; x_wconf 86' lang='lat' dir='ltr'><strong>positus</strong></span> <span class='ocrx_word' id='word_1_229' title='bbox 1051 3907 1186 3992; x_wconf 92' lang='lat' dir='ltr'><strong>quidem</strong></span> <span class='ocrx_word' id='word_1_230' title='bbox 1208 3908 1267 3974; x_wconf 89' lang='lat' dir='ltr'><strong>sed</strong></span> <span class='ocrx_word' id='word_1_231' title='bbox 1289 3909 1430 3986; x_wconf 90' lang='lat' dir='ltr'><strong>inutilis,</strong></span> 
     </span>
     <span class='ocr_line' id='line_1_31' title="bbox 375 4007 1428 4096; baseline 0.002 -22"><span class='ocrx_word' id='word_1_232' title='bbox 375 4010 498 4096; x_wconf 89' lang='lat' dir='ltr'><strong>quippe</strong></span> <span class='ocrx_word' id='word_1_233' title='bbox 521 4008 579 4094; x_wconf 90' lang='lat' dir='ltr'><strong>qui</strong></span> <span class='ocrx_word' id='word_1_234' title='bbox 613 4007 718 4093; x_wconf 80' lang='lat' dir='ltr'><strong>magis</strong></span> <span class='ocrx_word' id='word_1_235' title='bbox 751 4027 845 4072; x_wconf 81' lang='lat' dir='ltr'><strong>suem</strong></span> <span class='ocrx_word' id='word_1_236' title='bbox 868 4007 1024 4093; x_wconf 84' lang='lat' dir='ltr'><strong>cupiebat</strong></span> <span class='ocrx_word' id='word_1_237' title='bbox 1056 4010 1176 4074; x_wconf 83' lang='lat' dir='ltr'><strong>satiare</strong></span> <span class='ocrx_word' id='word_1_238' title='bbox 1199 4011 1428 4096; x_wconf 79' lang='lat' dir='ltr'><strong>cupiditatem,</strong></span> 
     </span>
     <span class='ocr_line' id='line_1_32' title="bbox 376 4106 1432 4197; baseline 0.002 -21"><span class='ocrx_word' id='word_1_239' title='bbox 376 4132 476 4197; x_wconf 84' lang='lat' dir='ltr'><strong>quem</strong></span> <span class='ocrx_word' id='word_1_240' title='bbox 501 4108 748 4176; x_wconf 72' lang='lat' dir='ltr'><strong>cantuariensis</strong></span> <span class='ocrx_word' id='word_1_241' title='bbox 770 4106 913 4175; x_wconf 83' lang='lat' dir='ltr'><strong>ecclesius</strong></span> <span class='ocrx_word' id='word_1_242' title='bbox 936 4129 1089 4187; x_wconf 81' lang='lat' dir='ltr'><strong>amovere</strong></span> <span class='ocrx_word' id='word_1_243' title='bbox 1111 4110 1285 4176; x_wconf 81' lang='lat' dir='ltr'><strong>miseriam.</strong></span> <span class='ocrx_word' id='word_1_244' title='bbox 1331 4109 1432 4178; x_wconf 90' lang='lat' dir='ltr'><strong>Vide·</strong></span> 
     </span>
     <span class='ocr_line' id='line_1_33' title="bbox 376 4209 1431 4299; baseline 0 -22"><span class='ocrx_word' id='word_1_245' title='bbox 376 4214 459 4278; x_wconf 83' lang='lat' dir='ltr'><strong>bant</strong></span> <span class='ocrx_word' id='word_1_246' title='bbox 490 4216 652 4297; x_wconf 81' lang='lat' dir='ltr'><strong>praeterea</strong></span> <span class='ocrx_word' id='word_1_247' title='bbox 672 4231 784 4296; x_wconf 87' lang='lat' dir='ltr'><strong>regem</strong></span> <span class='ocrx_word' id='word_1_248' title='bbox 819 4209 977 4296; x_wconf 90' lang='lat' dir='ltr'><strong>cupidum</strong></span> <span class='ocrx_word' id='word_1_249' title='bbox 1018 4216 1054 4276; x_wconf 89' lang='lat' dir='ltr'><strong>et</strong></span> <span class='ocrx_word' id='word_1_250' title='bbox 1087 4211 1246 4289; x_wconf 87' lang='lat' dir='ltr'><strong>dolosum,</strong></span> <span class='ocrx_word' id='word_1_251' title='bbox 1269 4213 1431 4299; x_wconf 84' lang='lat' dir='ltr'><strong>archiepi-</strong></span> 
     </span>
     <span class='ocr_line' id='line_1_34' title="bbox 377 4311 1432 4400; baseline 0.001 -19"><span class='ocrx_word' id='word_1_252' title='bbox 377 4335 511 4400; x_wconf 90' lang='lat' dir='ltr'><strong>scopum</strong></span> <span class='ocrx_word' id='word_1_253' title='bbox 533 4311 744 4389; x_wconf 83' lang='lat' dir='ltr'><strong>malitiosum,</strong></span> <span class='ocrx_word' id='word_1_254' title='bbox 767 4311 1065 4399; x_wconf 80' lang='lat' dir='ltr'><strong>Rothomagensem</strong></span> <span class='ocrx_word' id='word_1_255' title='bbox 1088 4311 1183 4377; x_wconf 90' lang='lat' dir='ltr'><strong>illum</strong></span> <span class='ocrx_word' id='word_1_256' title='bbox 1205 4314 1310 4379; x_wconf 86' lang='lat' dir='ltr'><strong>totius</strong></span> <span class='ocrx_word' id='word_1_257' title='bbox 1324 4335 1432 4382; x_wconf 83' lang='lat' dir='ltr'><strong>causae</strong></span> 
     </span>
     <span class='ocr_line' id='line_1_35' title="bbox 376 4413 1431 4504; baseline 0.002 -25"><span class='ocrx_word' id='word_1_258' title='bbox 376 4415 587 4503; x_wconf 90' lang='lat' dir='ltr'><strong>proditorem,</strong></span> <span class='ocrx_word' id='word_1_259' title='bbox 602 4417 736 4480; x_wconf 76' lang='lat' dir='ltr'><strong>caeteros</strong></span> <span class='ocrx_word' id='word_1_260' title='bbox 752 4413 919 4499; x_wconf 89' lang='lat' dir='ltr'><strong>episcopos</strong></span> <span class='ocrx_word' id='word_1_261' title='bbox 941 4419 1175 4480; x_wconf 85' lang='lat' dir='ltr'><strong>consentaneos</strong></span> <span class='ocrx_word' id='word_1_262' title='bbox 1197 4418 1232 4480; x_wconf 91' lang='lat' dir='ltr'><strong>et</strong></span> <span class='ocrx_word' id='word_1_263' title='bbox 1246 4417 1431 4504; x_wconf 84' lang='lat' dir='ltr'><strong>participes.</strong></span> 
     </span>
     <span class='ocr_line' id='line_1_36' title="bbox 378 4513 1431 4603; baseline 0.003 -23"><span class='ocrx_word' id='word_1_264' title='bbox 378 4516 467 4597; x_wconf 80' lang='lat' dir='ltr'><strong>Quid</strong></span> <span class='ocrx_word' id='word_1_265' title='bbox 490 4516 594 4603; x_wconf 81' lang='lat' dir='ltr'><strong>igitur</strong></span> <span class='ocrx_word' id='word_1_266' title='bbox 628 4514 775 4579; x_wconf 88' lang='lat' dir='ltr'><strong>dicerent</strong></span> <span class='ocrx_word' id='word_1_267' title='bbox 806 4514 850 4579; x_wconf 82' lang='lat' dir='ltr'><strong>ad</strong></span> <span class='ocrx_word' id='word_1_268' title='bbox 881 4513 979 4581; x_wconf 75' lang='lat' dir='ltr'><strong>haect</strong></span> <span class='ocrx_word' id='word_1_269' title='bbox 1013 4514 1204 4581; x_wconf 83' lang='lat' dir='ltr'><strong>Reclamare</strong></span> <span class='ocrx_word' id='word_1_270' title='bbox 1237 4538 1305 4582; x_wconf 90' lang='lat' dir='ltr'><strong>non</strong></span> <span class='ocrx_word' id='word_1_271' title='bbox 1337 4523 1431 4603; x_wconf 84' lang='lat' dir='ltr'><strong>pote·</strong></span> 
     </span>
    </p>
   </div>
   <div class='ocr_carea' id='block_1_5' title="bbox 674 4762 1131 4831">
    <p class='ocr_par' dir='ltr' id='par_1_5' title="bbox 674 4762 1131 4831">
     <span class='ocr_line' id='line_1_37' title="bbox 674 4762 1131 4831; baseline 0.007 -17"><span class='ocrx_word' id='word_1_272' title='bbox 674 4762 683 4796; x_wconf 91' lang='lat'>¹</span> <span class='ocrx_word' id='word_1_273' title='bbox 687 4763 871 4831; x_wconf 73' lang='lat' dir='ltr'><strong>judicarim]</strong></span> <span class='ocrx_word' id='word_1_274' title='bbox 881 4764 1089 4829; x_wconf 78' lang='lat' dir='ltr'><strong>Juoioaverimue,</strong></span> <span class='ocrx_word' id='word_1_275' title='bbox 1100 4765 1131 4817; x_wconf 91' lang='lat' dir='ltr'><strong>B.</strong></span> 
     </span>
    </p>
   </div>
   <div class='ocr_carea' id='block_1_6' title="bbox 0 0 1828 5728">
    <p class='ocr_par' dir='ltr' id='par_1_6' title="bbox 0 0 1828 5728">
     <span class='ocr_line' id='line_1_38' title="bbox 0 0 1828 5728; baseline 0 0"><span class='ocrx_word' id='word_1_276' title='bbox 0 0 1828 5728; x_wconf 95' lang='lat' dir='ltr'><strong> </strong></span> 
     </span>
    </p>
   </div>
  </div>
 </body>
</html>
