3628 5728
424 863 491 927 468
627 876 793 926 orsvssrr
816 876 979 926 nossem
1004 877 1284 927 esurussrnrsrs

271 1046 328 1153 899·
327 1049 395 1153 11989
422 1061 544 1148 vilegia
566 1063 679 1129 debita
701 1063 827 1129 virtute
849 1069 1005 1141 oarerent
1021 1065 1078 1129 sed
1101 1066 1219 1143 omnia,
1241 1087 1330 1132 nova
1350 1065 1476 1132 seilioet

255 1159 305 1204 ’999
254 1160 377 1263 9999999999
423 1169 458 1230 et
482 1170 604 1243 vetera,
634 1165 794 1232 haetenus
823 1165 940 1231 habita
968 1167 1152 1252 gauderent
1180 1168 1346 1235 firmitate
1392 1168 1475 1235 Haeo

253 1209 393 1356 9999999999
422 1266 560 1333 audiens
594 1290 654 1335 rex
692 1268 824 1334 dicebat
856 1268 996 1353 antiqua
1029 1269 1205 1356 privilegia
1242 1271 1474 1349 oonservanda,

253 1365 340 1413 9999999
421 1391 510 1435 nova
539 1376 659 1447 autem,
690 1375 725 1436 et
755 1392 795 1436 ea
824 1371 968 1436 maxime
999 1392 1073 1456 quae
1106 1392 1128 1437 a
1160 1377 1307 1459 tempore
1341 1372 1474 1439 Rioardi

423 1472 672 1543 (lantuariensis
703 1472 938 1560 archiepiscopi
971 1473 1155 1558 perquisita
1184 1479 1272 1552 sunt,
1304 1496 1371 1540 nou
1405 1496 1474 1540 esse

421 1576 573 1642 tenenda
620 1574 685 1641 Oui
715 1574 916 1654 monachus3
949 1573 1096 1655 “Quid'’
1128 1575 1289 1661 inquit,‘
1291 1577 1345 1640 ‘in
1376 1597 1476 1642 eausa

422 1677 627 1763 “estquod
650 1682 822 1763 tantopere
849 1681 999 1762 tempora
1022 1676 1157 1743 Rioardi
1187 1676 1384 1743 ιθιιιιιιιίι29
1431 1678 1476 1743 Ει

421 1780 471 1845 ait
493 1801 572 1844 rex:
603 1779 721 1860 “Quia
749 1784 860 1844 vester
888 1778 1068 1844 monachus
1098 1783 1170 1844 erat
1199 1784 1234 1844 et
1262 1780 1448 1846 vestram
1438 1802 1475 1844 ιιι

422 1889 440 1917 99
462 1882 616 1957 omnibus
638 1880 818 1968 oomplevit
836 1880 1070 1947 ιιοιιιιιιιιιιιιιι.9
1116 1880 1299 1947 Monachus
1320 1882 1364 1948 ad
1386 1880 1473 1949 haeo:

421 1983 500 2050 “Si
526 1984 616 2051 faeta
645 1983 779 2050 Ricardi
808 1982 985 2049 refutanda
1015 1988 1095 2048 sunt
1120 1984 1200 2069 quia
1224 1989 1336 2049 noster
1361 2005 1474 2051 mona·

422 2096 439 2124 “
462 2088 543 2154 chus
574 2093 654 2166 erat,
679 2088 755 2174 quis
784 2087 958 2174 prasentia
988 2086 1224 2175 archiepiscopi
1246 2088 1394 2153 servabit
1423 2089 1474 2153 iu·

421 2197 439 2224 “
462 2190 583 2255 stituta
605 2191 682 2275 quia
705 2187 885 2254 monachus
907 2194 1106 2255 nosternon
1125 2193 1200 2254 esti
1234 2189 1366 2255 Bioardi
1385 2190 1474 2256 faeta

422 2300 439 2327 “
461 2297 558 2378 grata
587 2291 628 2357 de
653 2292 730 2377 jure
761 2290 885 2357 debent
913 2312 983 2356 esse
1014 2295 1049 2355 et
1077 2296 1160 2368 rata,
1183 2291 1262 2376 quia
1290 2291 1334 2356 ab
1364 2292 1473 2357 adole-

421 2402 438 2431 “
459 2396 585 2461 seentia
615 2416 675 2460 sua
704 2394 740 2458 in
767 2394 910 2459 elaustro
934 2393 1083 2458 nutritus
1108 2393 1248 2479 antiqua
1272 2393 1351 2479 jura
1377 2396 1475 2462 novit

420 2502 439 2533 “
461 2498 627 2577 eoolosiae;
648 2501 809 2582 tantoque
831 2495 985 2573 firmiora,
1009 2496 1089 2581 quia
1110 2497 1265 2563 canoniea
1289 2497 1413 2563 electus
1438 2504 1474 2565 et

419 2606 437 2634 “
459 2599 614 2666 oanonioe
636 2599 680 2664 ab
701 2597 893 2664 Alexandro
923 2619 1010 2684 papa
1039 2604 1246 2664 consecratus
1277 2604 1312 2663 et
1340 2599 1377 2663 in
1403 2602 1473 2664 An·

418 2708 437 2735 “
458 2701 560 2787 gliam
592 2699 749 2767 remissus
783 2704 835 2765 est
875 2698 1064 2785 apostoliooe
1098 2698 1186 2764 sedis
1220 2698 1370 2787 legatus3
1406 2701 1471 2765 nisi

358 2865 368 2879 ,
418 2810 435 2838 99
458 2803 551 2880 forte,
575 2803 664 2889 quod
686 2802 783 2881 absit,
806 2801 1003 2867 infirmiores
1033 2822 1102 2867 esse
1133 2800 1277 2867 debeant
1300 2823 1382 2888 quos
1405 2803 1470 2869 Ro·

418 2914 435 2940 “
458 2928 557 2972 mana
579 2905 746 2992 promovit
765 2903 927 2971 ecolesia”
966 2903 1052 2971 Cum
1072 2903 1177 2990 igitur
1197 2903 1270 2970 haee
1290 2903 1470 2984 altercatio,

418 3007 459 3072 de
492 3006 724 3074 oonservandis
758 3005 885 3073 soilioet
918 3005 973 3070 vel
1009 3004 1180 3071 abolendis
1217 3005 1400 3093 privilegiis
1437 3014 1472 3073 et

248 3101 390 3199 9999999999
416 3110 525 3188 cartis,
548 3109 677 3174 diutius
703 3107 961 3195 protraheretur,
984 3107 1202 3194 viderentque
1228 3109 1352 3196 singuli
1382 3112 1470 3195 quod

246 3205 451 3340 9999999999ιιι
418 3212 425 3228 ”
415 3213 573 3299 mjuriam
604 3211 757 3279 monaehi
787 3211 952 3277 violenter
982 3211 1112 3277 illatam
1142 3212 1351 3290 sustinerent,
1383 3213 1471 3279 dixit

246 3305 357 3368 9999999
415 3236 471 3381 illle
495 3315 687 3395 (losnensis,
710 3314 790 3381 lieet
811 3314 916 3380 hostis
939 3317 1026 3379 esset
1049 3313 1303 3380 monachorum.
1327 3315 1470 3381 “Minus

246 3358 379 3452 9999111991
416 3426 434 3455 99
426 3417 655 3484 ‘sufficientes
685 3423 765 3483 sunt
790 3417 912 3482 littera·
936 3438 1018 3502 quas
1050 3416 1199 3481 tulerunt
1228 3417 1381 3483 monaehi
1412 3421 1469 3485 isti

414 3521 587 3609 “negotio
610 3521 699 3607 quod
720 3540 789 3605 prae
816 3518 970 3584 manibus
996 3516 1153 3583 habetis.’'
1199 3516 1325 3584 Videns
1355 3526 1467 3586 autem

413 3624 654 3701 Dunelmensis,
694 3622 751 3708 qui
790 3620 897 3686 multa
930 3619 1090 3704 praeditus
1124 3623 1197 3684 erat
1233 3622 1397 3708 sapientia
1434 3629 1469 3689 et

412 3732 521 3806 aetate,
551 3726 640 3813 quod
671 3723 781 3791 dies
767 3744 838 3810 Jam
868 3720 1037 3788 declinam
1064 3722 1306 3808 expenderetur
1331 3726 1368 3790 in
1398 3748 1466 3792 oas-

241 3827 382 3924 99999999999
411 3850 494 3908 sum,
517 3829 607 3894 dixit
633 3828 677 3894 ad
706 3824 902 3892 monachos:
934 3823 1132 3890 “Poteritne
1162 3826 1323 3892 sustinere
1354 3836 1467 3896 vestra

240 3941 419 4075 iffi&
421 3931 615 4008 ‘diseretio
645 3928 734 4015 quod
767 3932 801 3994 et
833 3947 1013 3993 oonsonum
1047 3926 1141 3992 videt
1126 3930 1182 3991 tur
1213 3928 1345 4007 rationi,
1368 3937 1408 3997 ut
1445 3956 1466 3998 a

240 4031 333 4125 19999999
323 4053 389 4127 oln-
411 4040 597 4121 “tempore
620 4031 754 4097 Rieardi
776 4027 1013 4114 archiepiscopi
1043 4034 1143 4094 oartoe
1174 4028 1401 4116 inspiciantur,
1426 4042 1465 4101 ut

411 4141 622 4224 “quaesunt
641 4131 854 4199 rationabiles
874 4134 1039 4209 maneant,
1058 4135 1093 4196 et
1111 4152 1185 4217 quae
1203 4133 1331 4200 ratione
1351 4143 1466 4204 carent

411 4248 428 4276 “
451 4234 748 4324 confringanturl’'
793 4233 949 4299 Monaohi
970 4238 1083 4299 autem
1109 4233 1319 4301 ιιίιιιιιιιιιιε9
1321 4238 1464 4305 ‘Nuntii

409 4352 562 4407 “sumus
594 4342 776 4406 eonventus
814 4336 927 4414 nostri,
960 4335 1089 4401 litteras
1126 4336 1266 4403 tulimus
1303 4340 1463 4408 ratihabi-

408 4452 425 4480 “
448 4444 557 4521 tionis,
581 4462 641 4507 neo
670 4441 753 4506 fines
782 4438 931 4504 mandati
961 4436 1110 4504 velemus
1141 4440 1306 4519 exoedere,
1329 4463 1371 4509 ne
1402 4467 1463 4511 nos

408 4545 674 4612 “inobedientes
701 4547 736 4609 et
764 4546 886 4608 nostrae
909 4542 1092 4628 proditores
1116 4564 1184 4607 esse
1207 4544 1381 4610 videamur
1411 4570 1462 4615 ee-

407 4658 426 4685 99
448 4648 563 4715 olesiae.
611 4646 678 4713 Sed
695 4645 767 4731 jam
789 4644 933 4721 nuno,si
954 4644 1071 4731 plaoet,
1093 4644 1170 4710 date
1192 4645 1288 4712 nobis
1310 4648 1461 4717 inducias

407 4759 425 4786 “
448 4756 487 4814 ut
517 4770 616 4836 super
644 4748 707 4815 heo
737 4747 920 4833 quaestione
951 4746 1159 4815 oonsulamus
1192 4756 1402 4830 conventum,
1425 4759 1461 4818 et
