3628 5728
545 992 556 1022 ι
670 939 782 990 orani
804 938 995 990 srsronros.
1287 924 1351 989 485

305 1127 393 1213 cepit
414 1127 568 1194 baculum
591 1132 626 1194 et
647 1149 767 1215 peram,
790 1132 825 1194 et
847 1127 936 1214 apud
958 1127 1138 1193 Dovoriam
1161 1127 1352 1194 transfrete-
1381 1150 1504 1245 ffl-

305 1229 358 1294 vit
379 1229 438 1294 iido
458 1252 563 1297 nonas
596 1230 720 1309 Marcii,
753 1236 788 1297 et
810 1229 1043 1297 Cantuariensi
1079 1230 1222 1297 ecclesiae
1254 1230 1500 1308 simul1101m'

305 1336 339 1396 et
369 1332 500 1420 Angliae
532 1334 688 1399 ultimum
718 1333 879 1401 valefecit.
925 1334 1032 1420 Reges
1061 1334 1171 1411 etiam,
1205 1313 1481 1399 Franciaessnsshnd'

305 1434 461 1501 videlieet
491 1442 526 1501 et
557 1437 697 1524 Angliae,
731 1437 772 1502 de
803 1437 1066 1524 peregrinatione
1100 1441 1234 1502 tenuere
1257 1435 1354 1501 collo·

306 1537 428 1622 quium,
452 1544 673 1625 protestantes
708 1541 745 1604 in
768 1539 869 1605 verbo
903 1540 993 1627 regio
1016 1539 1104 1624 quod
1137 1560 1206 1604 non
1228 1538 1354 1602 diutius

304 1661 398 1706 suam
421 1641 592 1708 differrent
621 1643 925 1729 peregrinationem.
973 1641 1039 1707 Sed
1068 1641 1183 1728 regina
1213 1640 1502 1713 Franco-'rmum

1366 1716 1418 1755 ture
1427 1713 1451 1754 ol
1458 1711 1500 1755 the

304 1766 379 1809 rum
401 1744 614 1812 vehementer
643 1747 745 1832 eoepit
774 1751 932 1833 aegrotare
963 1750 998 1810 et
1020 1744 1144 1810 decidit
1165 1744 1202 1808 in
1231 1743 1353 1809 lectum
1365 1762 1522 1865 &iiiios

304 1846 456 1927 Parisios,
479 1855 514 1914 et
543 1850 580 1913 in
601 1848 695 1914 brevi
725 1847 880 1914 defuncta
894 1854 945 1914 est
967 1853 1002 1913 et
1023 1847 1162 1934 sepulta.
1209 1846 1282 1912 Hoc
1304 1847 1353 1910 in-
1367 1863 1519 1907 carnoteno
1628 1896 1630 1905 ,

304 1948 452 2016 fortunio
474 1952 695 2038 peregrinatio
725 1972 838 2038 regum
861 1950 967 2016 dilata
988 1956 1039 2016 est
1068 1970 1172 2035 usque
1194 1954 1270 2034 post
1291 1947 1354 2013 fes·
1367 1915 1473 2008 ihi&

305 2057 379 2116 tum
403 2052 518 2119 Sancti
541 2053 705 2119 Johannis
727 2054 897 2140 Baptistae.
922 2053 1079 2137 Tuncque
1094 2072 1196 2138 reges,
1212 2051 1300 2114 Ture
1327 2049 1335 2063 '
1367 2042 1498 2144 {baffi

305 2176 415 2220 mense
438 2155 530 2221 Julio
561 2156 791 2241 colloquentes,
823 2178 899 2222 cum
931 2156 1021 2221 omni
1054 2155 1215 2220 comitatu
1237 2174 1296 2218 suo
1318 2153 1355 2216 in

304 2258 436 2323 nomine
459 2257 595 2324 Domini
617 2258 757 2345 profecti
780 2263 867 2324 sunt

350 2359 421 2424 Vite
442 2360 601 2426 kalendae
616 2361 760 2448 Augusti
783 2361 969 2428 coenobium
992 2357 1291 2426 sanctimonialium
1315 2358 1355 2422 de
1368 2371 1524 2476 ppfflpnt

306 2462 479 2551 Mallinges
501 2486 576 2532 cum
608 2470 681 2532 tota
711 2465 781 2532 fere
802 2466 885 2531 villa
910 2465 1142 2531 miserabiliter
1172 2464 1248 2551 igne
1279 2483 1355 2528 con·
1367 2474 1466 2577 133ng

305 2572 438 2652 sumpte
459 2574 518 2634 est.
1110 2608 1113 2615 .

350 2667 445 2735 Obiit
488 2668 695 2736 Willelmus¹
745 2669 983 2756 Wigorniensis
1022 2669 1202 2755 episcopus,
1240 2674 1275 2734 et
1322 2668 1449 2739 innuas

304 2773 398 2838 brevi
413 2794 548 2838 assensu
563 2774 654 2859 regio
669 2778 704 2838 et
718 2773 916 2840 auctoritate
931 2771 1118 2838 cancellarii
1133 2771 1218 2837 alter
1234 2771 1356 2837 electus
1369 2730 1504 2824 titillet.

304 2872 377 2967 est.2
429 2872 639 2941 Willelmus⁸
668 2875 880 2942 cancellarius
903 2875 1013 2954 etiam,
1036 2875 1094 2960 qui
1125 2880 1160 2940 et
1189 2873 1355 2939 Heliensis
1369 2881 1525 2975 Wffl,

304 2983 376 3043 erat
413 2979 591 3065 episcopus,
627 2978 784 3045 Romanae
822 2984 857 3044 et
887 2977 1075 3064 apostolicae
1113 2977 1199 3043 sedis
1228 2945 1450 3063 legatusfeeutey·

304 3080 439 3146 effectus
461 3085 519 3146 est
565 3081 713 3147 Accessit
741 3084 854 3147 autem
886 3079 929 3145 ad
959 3101 1035 3144 eum
1063 3077 1253 3144 Gilebertus
1277 3077 1356 3142 Rof-
1369 3090 1511 3142 recenseo

303 3182 404 3248 sense
427 3183 606 3270 episcopm,
629 3183 749 3262 unns,
771 3182 929 3269 injuriam
959 3181 1082 3247 rasam
1105 3180 1207 3246 fusa
1231 3141 1527 3287 enea-{ruffi

304 3286 424 3351 ariensi
447 3286 590 3353 ecclesiae
613 3291 648 3351 et
670 3287 743 3364 sibi,
767 3309 805 3352 eo
828 3286 917 3372 quod
939 3287 1011 3372 ipso
1026 3284 1159 3372 penitus
1182 3285 1355 3370 ignorante
1368 3293 1518 3389 moggo(

304 3387 424 3473 aliquis
461 3389 498 3452 in
527 3387 663 3455 ecclesia
693 3380 914 3477 Wigorniensi
937 3388 1060 3454 electus
1090 3393 1150 3465 est,
1181 3408 1255 3452 cum
1286 3386 1355 3473 ipse
1368 3394 1518 3490 {mm

306 3488 553 3556 cantuariensis
575 3490 718 3556 ecclesiae
740 3491 893 3577 proprius
916 3495 1002 3555 esset
1024 3488 1220 3575 capellanus,
1243 3494 1278 3554 et
1299 3489 1356 3553 do·
1369 3496 1508 3590 melec

305 3592 415 3657 minue
429 3593 690 3680 archiepiscopus
705 3614 839 3681 peregre
861 3594 1026 3681 profectus
1048 3592 1137 3657 vices
1160 3613 1236 3657 suas
1251 3593 1358 3658 eidem
1370 3597 1505 3640 ueremur.

305 3698 573 3765 commendasset.
619 3699 764 3787 Rogavit
778 3700 892 3785 itaque
908 3696 1148 3774 cancellarium,
1163 3718 1261 3783 quem
1284 3718 1358 3763 nec·

306 3802 385 3866 dum
408 3806 547 3867 noverat
566 3822 635 3868 esee
658 3801 814 3889 legatum,
829 3823 872 3867 ne
889 3800 969 3889 jure
990 3801 1106 3866 matris
1121 3821 1190 3865 sure
1213 3799 1360 3867 Cantua-

306 3903 423 3969 riensis
444 3902 588 3970 ecclesiae
622 3902 831 3983 diminueret,
855 3910 889 3970 et
922 3905 1012 3990 quod
1045 3904 1082 3968 in
1113 3903 1272 3969 electione
1302 3902 1361 3967 illa

305 4005 403 4071 aliter
434 4028 534 4092 quam
568 4006 703 4073 deberet
737 4006 865 4074 iactum
899 4012 959 4085 est,
991 4007 1109 4072 saltem
1143 4006 1180 4070 in
1212 4006 1360 4092 ejusdem

305 4108 475 4175 electionis
509 4109 758 4176 confirmatione
791 4109 891 4175 simul
925 4114 960 4174 et
982 4108 1224 4174 consecratione
1255 4107 1360 4185 electi,

305 4211 530 4298 corrigeretur,
547 4213 670 4299 quippe
692 4233 768 4278 cum
790 4213 945 4278 omnibus
967 4212 1003 4275 in
1018 4210 1141 4298 Anglia
1162 4215 1250 4276 recte
1272 4210 1359 4294 sapi-

343 4386 476 4439 ¹Wllliam
494 4387 613 4438 Northcll
632 4387 692 4438 died
708 4390 771 4453 May
783 4392 809 4451 8,
855 4387 964 4453 thought
980 4387 1036 4438 thet
1052 4388 1148 4437 Robert
1168 4402 1220 4437 was
1231 4386 1360 4436 thereme

310 4470 381 4518 1190.
856 4467 885 4517 of
894 4466 938 4516 the
950 4465 1040 4530 bishop
1052 4466 1081 4516 of
1096 4465 1163 4531 luy,
1179 4465 1223 4515 the
1240 4464 1325 4516 writer
1334 4465 1365 4514 of

342 4544 457 4596 ’clectus
478 4546 527 4612 est]
553 4546 689 4608 Robertus,
711 4544 760 4597 inc.
778 4547 809 4599 G.
856 4546 914 4597 MS.
932 4545 963 4596 B.
981 4554 1049 4595 must
1067 4546 1132 4596 have
1151 4544 1244 4595 sharcd
1260 4544 1360 4595 theim-

308 4626 405 4675 Robert
433 4625 492 4675 lucz
520 4626 612 4691 Ralph‚
636 4641 683 4677 eon
711 4627 744 4677 ol
767 4627 811 4678 the
856 4624 970 4691 pressior
983 4627 1038 4676 that
1049 4627 1093 4677 the
1104 4643 1178 4679 nume
1197 4631 1322 4697 belonged
1333 4638 1360 4679 to

308 4705 416 4755 steward
427 4704 456 4753 os
463 4705 621 4769 Normandy.
859 4705 902 4756 the
913 4705 1058 4756 chancellor
1070 4708 1120 4756 eud
1131 4707 1282 4759 substituted
1295 4709 1361 4760 Wil-

341 4782 519 4850 ³Willelmcc]
552 4801 602 4835 om.
622 4786 658 4835 A.
682 4786 711 4837 0.
756 4787 812 4838 The
858 4788 956 4837 lelmus.
997 4790 1052 4839 The
1074 4802 1180 4855 passage
1202 4800 1271 4840 must
1296 4794 1361 4841 have

309 4862 393 4914 writer
415 4862 444 4913 oi
459 4864 516 4915 MS.
538 4864 569 4916 C.
589 4878 670 4915 seems
696 4871 724 4917 to
746 4865 811 4916 have
860 4871 925 4919 been
938 4868 1225 4934 wronglypunctucted.
