3572 5744
420 853 484 915 116
627 864 789 915 unsvssn
812 865 972 915 nonnoni
994 864 1267 914 caurusmmsrs

267 1043 389 1138 ⁶⁹1}ssae
420 1056 438 1081 ‘³
459 1053 587 1110 militum
616 1053 701 1108 bellis
728 1058 908 1109 assuetorum
936 1050 1000 1123 quis
1024 1051 1142 1106 vocibus
1167 1051 1320 1123 exaequet?
1364 1051 1467 1108 Virtus
1480 1044 1608 1123 RHJPl·

421 1141 439 1248 ῑῑ
1042 1135 1466 1274 ,mmm

459 1238 961 1292 s1.um1g1s1mm
1457 1260 1530 1284 ,.

420 1309 439 1336 ⁴‘
458 1312 563 1363 unctus
581 1305 711 1369 Domini,
728 1306 774 1360 cui
796 1304 887 1361 fidem
910 1303 1076 1369 devovistis,
1094 1310 1195 1359 votum
1213 1304 1275 1358 Deo
1300 1303 1466 1373 persolvite,

420 1393 439 1418 ‘⁴
457 1388 539 1447 ta'nto
556 1390 651 1462 magis
669 1389 841 1445 donativum
859 1406 877 1443 a
903 1389 966 1444 Deo
991 1387 1148 1458 accepturi,
1168 1392 1276 1458 quanto
1296 1387 1412 1442 fidelius
1437 1391 1468 1442 et

420 1477 439 1502 “
458 1474 640 1531 constantius
657 1491 709 1545 pro
721 1490 789 1544 rege
801 1478 897 1529 restro
909 1471 959 1527 fidi
973 1477 1073 1526 contra
1085 1469 1199 1535 infidos,
1212 1470 1339 1541 legitimi
1356 1487 1467 1543 pugna·

420 1561 438 1588 “
458 1558 559 1614 veritis
577 1563 679 1612 contra
696 1556 834 1628 perjuros.
872 1555 948 1624 Quin
967 1554 1056 1610 etiam
1073 1554 1165 1609 securi
1185 1559 1215 1608 et
1234 1570 1347 1608 summa
1363 1553 1469 1625 repleti

420 1645 439 1670 “
458 1639 634 1698 confidentis
659 1646 761 1695 contra
779 1656 850 1710 quos
873 1638 983 1693 bellum
1002 1637 1111 1709 geratis
1130 1637 1310 1708 perpendite.
1346 1636 1469 1693 Boberti

421 1726 439 1751 “
459 1724 574 1781 comitis
592 1723 668 1779 vires
686 1728 763 1778 notas
783 1727 860 1778 sunt.
897 1723 964 1793 Ipse
983 1721 1101 1791 quidem
1118 1722 1244 1776 multum
1262 1721 1298 1777 de
1315 1740 1396 1780 more
1413 1724 1468 1778 mi·

420 1811 439 1835 “
458 1812 556 1873 natur,
574 1824 677 1878 parum
695 1812 841 1878 operatur,
860 1823 910 1861 ore
927 1805 1071 1871 leoninus,
1091 1805 1176 1860 corde
1194 1806 1352 1878 leporinus,
1374 1807 1469 1864 ulmus

419 1895 438 1920 “
457 1891 631 1965 eloquentia,
646 1892 785 1947 obscurus
798 1891 911 1946 inertia.
949 1890 1052 1947 Oomss
1064 1897 1163 1946 autem
1181 1891 1343 1949 cestrensis
1354 1893 1402 1949 vir
1418 1910 1468 1947 au·

418 1978 439 2003 “
457 1975 548 2031 dacia
559 1974 776 2039 irrationabilis,
789 1980 939 2045 promptus
951 1973 989 2027 ad
1006 1974 1236 2046 conspirandum,
1254 1975 1420 2032 inconstans
1431 1977 1468 2032 ad

419 2062 439 2087 “
458 2058 681 2131 perficiendum
700 2058 737 2114 ad
755 2056 922 2117 bellandum
935 2057 1128 2129 impetuosum
1148 2058 1270 2130 periculi
1288 2058 1467 2129 inprovidus,

418 2145 439 2170 “
458 2142 563 2198 altiora
577 2159 730 2213 usurpans,
749 2141 965 2212 inpossibilibus
990 2140 1139 2207 anhelans,
1157 2141 1337 2197 assiduorum
1362 2160 1468 2213 paucos

418 2228 437 2255 “
457 2225 612 2289 adducens,
636 2224 812 2280 advenarum
842 2223 999 2294 dispersam
1029 2224 1247 2280 multitudinem
1271 2241 1466 2297 congregaus3

420 2311 438 2336 “
457 2308 548 2364 nichil
560 2308 649 2364 hebet
666 2324 723 2378 quo
741 2306 846 2362 debeat
863 2307 962 2361 timeri
972 2330 981 2374 3
1007 2324 1121 2378 semper
1147 2308 1226 2363 enim
1244 2309 1382 2380 quioquid
1400 2309 1467 2364 viri·

419 2393 438 2420 ‘⁶
458 2392 527 2448 liter
538 2392 656 2463 incepit,
669 2390 835 2446 effeminate
847 2389 982 2461 reliquit;
995 2390 1027 2444 in
1039 2390 1172 2445 omnibus
1184 2391 1289 2463 quippe
1307 2392 1396 2462 gestis
1408 2394 1468 2448 suis

418 2477 438 2502 ‘¹
457 2475 633 2531 infortunate
649 2491 712 2529 rem
724 2491 823 2545 agens,
842 2472 890 2528 rel
908 2475 939 2528 in
962 2474 1213 2544 congressionibus
1230 2475 1325 2531 victus
1343 2476 1466 2547 aufugit,

419 2561 437 2586 ‘⁸
456 2559 514 2625 rel,
533 2559 558 2615 si
575 2576 641 2613 raro
659 2558 752 2615 victor
770 2557 875 2623 extitit,
894 2556 1005 2628 majora
1021 2557 1107 2613 vietis
1128 2558 1265 2613 sustinuit
1285 2558 1467 2615 detrimenta.

418 2644 437 2668 “
455 2641 604 2698 Waleuses
616 2648 723 2706 autem,
736 2657 807 2712 quos
819 2657 917 2696 secum
935 2639 1065 2705 adduxit,
1079 2641 1134 2695 soli
1145 2641 1227 2696 vobis
1238 2640 1385 2713 despectui
1397 2643 1466 2708 sint,

419 2727 438 2752 “
456 2726 507 2798 qui
524 2726 665 2782 inermem
682 2724 759 2780 bello
776 2724 937 2795 praeferunt
953 2724 1159 2791 temeritatem,
1188 2730 1250 2780 arte
1269 2734 1299 2780 et
1325 2744 1380 2782 usu
1398 2727 1468 2781 belli

418 2811 438 2835 “
456 2813 597 2874 parentes,
627 2808 709 2880 quasi
736 2824 841 2879 pecora
866 2807 897 2861 in
922 2807 1066 2862 venabula
1090 2807 1295 2875 decurrentem
1320 2809 1371 2864 alii
1397 2827 1467 2866 vero

420 2895 438 2919 “
457 2898 518 2947 tam
545 2908 679 2964 proceres
705 2908 792 2962 quam
819 2890 928 2945 milites
954 2890 1114 2960 transfugas
1139 2896 1169 2946 et
1195 2891 1329 2963 girovagi
1354 2892 1466 2948 utinam

421 2978 440 3001 “
458 2992 580 3035 numero
610 2975 709 3046 plures
744 2972 966 3037 adducerentur,
999 2971 1049 3043 qui
1079 2980 1188 3043 quanto
1217 2992 1338 3031 numero
1367 2975 1466 3048 plures

421 3061 541 3115 “tanto
572 3057 628 3113 sibi
658 3056 824 3113 deteriores.
860 3056 923 3111 Vos
945 3054 1047 3127 igitur,
1073 3057 1205 3113 consules
1232 3063 1262 3112 et
1279 3058 1336 3113 viri
1363 3076 1466 3116 consu·

422 3145 440 3171 “
458 3144 543 3208 lares,
569 3141 736 3197 meminisse
762 3157 813 3195 vos
842 3140 927 3196 decet
950 3145 1054 3195 vestrm
1083 3141 1199 3196 virtutis
1229 3149 1259 3198 et
1287 3143 1465 3211 nobilitatis;

421 3230 440 3253 “
459 3226 545 3282 hodie
575 3225 734 3299 probitates
758 3231 870 3280 vestras
899 3224 1097 3279 innumerosas
1123 3225 1154 3280 in
1179 3243 1316 3282 cacumen
1342 3228 1466 3285 fortissi-

421 3313 439 3338 “
458 3328 540 3367 mum
559 3309 699 3374 extollite,
715 3314 745 3362 et
762 3313 878 3379 patrum
897 3308 1058 3363 imitatores
1076 3307 1145 3364 filiis
1163 3311 1266 3367 restris
1284 3312 1466 3383 splendorem

420 3393 613 3464 “relinquite
643 3393 862 3463 sempiternum.
897 3391 1062 3447 Assiduitas
1090 3393 1316 3450 infortuniorum
1342 3396 1465 3453 incenti-

420 3479 438 3504 “
457 3495 527 3532 vum
560 3477 620 3532 illis
650 3476 702 3532 fiet
731 3474 873 3546 fugiendi.
922 3473 990 3529 Jam
1026 3474 1179 3547 siquidem,
1207 3494 1262 3533 nec
1291 3478 1385 3546 fallor,
1416 3498 1466 3538 sos

420 3564 438 3588 ‘⁴
458 3561 583 3634 poenitet
607 3560 767 3625 advenisse,
787 3564 817 3614 et
837 3559 900 3631 jam
928 3558 1055 3631 defuga
1078 3559 1265 3628 meditantur,
1293 3562 1466 3620 siloeorum

419 3647 438 3672 “
457 3644 599 3716 asperitas
618 3660 666 3699 eos
690 3643 834 3699 admittat.
871 3643 945 3699 Cum
970 3659 1040 3714 ergo
1064 3660 1120 3698 nec
1146 3643 1206 3698 illis
1231 3646 1385 3717 confligere
1411 3665 1466 3705 neo

420 3730 439 3754 “
457 3722 613 3798 confug'ere
631 3726 678 3782 sir
688 3724 834 3798 possibile,
860 3726 931 3798 quid
957 3726 1038 3782 aliud
1063 3733 1187 3797 egerunt
1210 3726 1269 3783 nisi
1290 3730 1366 3799 quod
1383 3731 1466 3788 vobis

419 3813 438 3837 ‘⁴
457 3810 513 3866 Dei
530 3816 605 3865 nutu
623 3814 653 3865 et
671 3826 702 3864 se
721 3815 751 3864 et
768 3808 978 3881 impedimenta
996 3827 1048 3864 sua
1065 3809 1256 3866 obtulerunt?

456 3908 474 3932 “
495 3905 579 3961 ‘Gur
597 3904 749 3977 capiantur
766 3905 884 3972 babent,
904 3922 963 3961 non
982 3922 1034 3961 cur
1051 3912 1220 3962 metuantur
1237 3906 1274 3962 ab
1290 3906 1396 3966 hoste!

420 4004 437 4029 ‘⁴
458 4003 554 4075 Equos
583 4002 681 4072 itaque
710 4018 811 4057 eorum
838 4012 868 4057 et
897 4020 978 4057 arma
1003 4009 1033 4057 et
1058 4003 1186 4075 ipsorum
1216 4019 1336 4076 corpora
1361 4005 1467 4062 ditioni

419 4088 437 4115 ‘⁴
456 4092 561 4143 vestrm
579 4085 710 4157 subjecta
730 4085 907 4157 conspicitis.
946 4085 1099 4141 Extendite
1117 4087 1210 4157 igitur
1227 4087 1339 4144 animos
1355 4096 1467 4147 vestros

420 4172 487 4226 “et
522 4168 636 4225 dextras
665 4168 913 4241 inexpugnabiles,
943 4169 1000 4223 riri
1035 4170 1173 4235 bellicosi,
1203 4170 1242 4227 ad
1270 4170 1465 4244 diripiendum

419 4256 438 4281 ‘⁴
459 4271 526 4310 cum
544 4268 659 4308 summo
677 4252 804 4324 tripudio
823 4252 902 4324 quod
920 4253 981 4324 ipse
999 4254 1081 4308 vobis
1099 4252 1207 4325 optulit
1225 4253 1329 4311 Deus.”

250 4343 405 4440 Ἠ
455 4337 513 4394 Sed
526 4336 590 4409 jam
607 4340 762 4407 antequam
789 4336 927 4390 orationis
944 4336 1031 4390 finem
1056 4337 1233 4403 terminaret,
1252 4337 1360 4394 clamor
1385 4341 1467 4397 adeat

250 4397 274 4442 ⁰¹
307 4395 353 4439 ω
418 4421 556 4485 hostium,
583 4419 702 4489 claugor
728 4419 878 4485 lituorum,
903 4436 1042 4491 equorum
1067 4420 1209 4486 fremitus,
1232 4427 1316 4476 terrm
1343 4424 1464 4490 sonitus,

418 4504 594 4578 principium
620 4517 736 4573 puguae.
771 4503 859 4558 Acies
884 4502 1154 4559 exhaereditatorum
1173 4522 1237 4575 qum
1263 4506 1385 4577 praeibat
1402 4525 1465 4579 per·

419 4589 510 4645 cussit
526 4587 619 4643 aciem
636 4576 773 4656 regalem,
792 4586 823 4641 in
842 4605 898 4657 qna
915 4588 1016 4643 consul
1033 4588 1145 4643 Alanus
1162 4593 1191 4643 et
1209 4588 1259 4644 ille
1277 4589 1313 4645 de
1326 4590 1466 4648 Melleuto

419 4673 448 4723 et
474 4666 564 4737 Hugo
588 4655 696 4741 Bigod
713 4669 742 4720 et
761 4664 862 4722 Simon
881 4682 976 4722 comes
994 4672 1024 4721 et
1041 4666 1092 4722 ille
1118 4667 1154 4722 de
1171 4667 1317 4725 Wareuna
1341 4669 1463 4737 inerant,

418 4750 502 4801 tauto
518 4744 640 4815 impetu,
659 4743 736 4815 quod
754 4744 854 4801 statim
871 4744 956 4816 quasi
973 4745 1005 4799 in
1022 4745 1084 4800 ictu
1101 4746 1178 4802 oculi
1199 4746 1337 4819 dissipata
1363 4754 1417 4815 est,
1435 4754 1466 4806 et
