3646 5720
403 982 467 1045 296
603 995 765 1044 uuavaan
788 994 949 1043 ιιοιιιιιιι
973 993 1246 1043 ιιιιιιιιιιιιιιιιι

250 1201 306 1245 ιι).
316 1203 373 1245 nu.
450 1180 647 1266 Martyrizat
647 1203 686 1245 us
712 1185 764 1245 est
790 1179 852 1245 hoc
878 1201 966 1245 anno
982 1180 1025 1245 ad
1049 1179 1176 1246 Pascha
1190 1179 1281 1266 apud
1297 1180 1456 1246 Sanctum

234 1263 461 1406 ffiffi„
405 1282 631 1347 AEdmundum
659 1304 680 1347 a
703 1282 831 1347 Judaeis
855 1304 938 1369 puer
964 1283 1100 1368 quidam
1125 1282 1289 1348 Robertus
1316 1282 1457 1356 nomine,

235 1412 326 1457 Μ
406 1384 463 1468 qui
490 1385 527 1447 in
541 1385 693 1470 proximo
719 1385 755 1447 in
780 1384 915 1449 ecclesia
942 1384 1055 1450 Sancti
1071 1385 1254 1450 AEdmundi
1280 1384 1458 1451 honorifice

406 1490 564 1575 sepultus,
588 1489 711 1566 multis,
735 1495 775 1554 ut
796 1488 885 1554 fama
906 1489 983 1565 fuit
1006 1489 1127 1555 claruit
1149 1490 1324 1557 miraculis„

264 1610 298 1655 ιιι
298 1613 369 1655 nera
453 1589 556 1656 Sexto
579 1590 739 1656 kalendas
769 1590 856 1655 Julii
882 1595 1108 1656 convenerunt
1131 1593 1221 1706 apud
1252 1589 1457 1656 Londoniam

236 1723 333 1768 mm„
236 1672 390 1772 ”ww
407 1690 568 1756 Ricardus
589 1689 838 1779 Cantuariensis
853 1690 1129 1777 archiepiscopus,
1146 1692 1317 1777 episcopus
1331 1688 1458 1755 Dunel-

236 1754 382 1917 iffiflr'iie
407 1794 537 1870 mensis,
564 1793 724 1879 Rogerius
754 1793 855 1858 abbas
887 1792 1002 1858 Sancti
1028 1793 1220 1909 Augustini,
1242 1793 1365 1877 aliique
1391 1811 1459 1854 non

236 1923 357 1991 agyga..
407 1894 544 1959 modicae
574 1893 782 1959 auctoritatis
809 1893 881 1956 viri
929 1893 1076 1959 Dederat
1106 1895 1195 1957 enim
1226 1894 1263 1957 in
1293 1890 1459 1956 mandatis

236 1973 312 2016 ‘¹¹¹⁰'
408 1996 577 2060 Romanus
601 1995 753 2081 pontifex
780 1995 969 2061 Alexander
994 1994 1132 2080 praefato
1155 1996 1307 2081 episcopo
1333 1992 1458 2058 Dunel·

408 2098 512 2161 mensi
551 2102 585 2162 ιι
619 2096 733 2161 abbati
764 2096 879 2163 Sancti
909 2097 1042 2174 Albani,
1078 2102 1118 2162 ut
1155 2097 1309 2162 abbatem
1344 2094 1459 2160 Sancti

407 2196 587 2283 Augustini
612 2203 765 2282 cogerent
788 2196 1030 2282 archiepiscopo
1049 2195 1282 2261 Cantuarienai
1309 2218 1369 2261 sua
1392 2195 1459 2280 pri-

406 2299 529 2383 vilegia
554 2299 733 2373 ostendere,
760 2298 919 2383 daretque
953 2299 1080 2384 copiam
1115 2298 1253 2384 legendi
1301 2298 1458 2364 Contine·

406 2399 490 2464 bant
512 2398 600 2464 enim
633 2399 785 2484 quaedam
817 2399 964 2484 capitula
996 2400 1032 2462 in
1055 2399 1290 2465 contumeliam
1315 2398 1461 2464 Cantus·

407 2502 524 2567 riensis
547 2501 698 2578 ecclesiae,
714 2523 788 2586 quae
804 2501 909 2586 magis
931 2500 1015 2566 falsa
1035 2523 1134 2586 quam
1150 2523 1230 2567 vera
1252 2502 1459 2566 videbantur.

408 2602 482 2668 Hoc
506 2603 578 2689 jam
601 2603 701 2668 tertio
724 2603 842 2668 accde
873 2602 1053 2688 apostolica
1083 2609 1296 2669 emanaverat
1324 2602 1460 2667 manda·

407 2709 488 2781 tum,
512 2704 569 2769 sed
592 2703 778 2768 invincibili
802 2703 1075 2788 tergiversatione
1098 2703 1331 2770 monachorum
1356 2725 1460 2789 usque

238 2823 319 2868 raom
319 2822 378 2867 ιιιι
406 2805 443 2867 in
467 2826 609 2889 praesens
633 2804 773 2869 dilatum
797 2811 855 2869 ιιι
902 2804 996 2890 Lege,
1013 2804 1122 2881 lector,
1145 2812 1179 2870 et
1200 2805 1348 2891 intellige
1372 2805 1461 2890 quod

238 2873 338 2969 miii
338 2926 378 2967 ιιι
409 2907 531 2970 veritas
553 2927 621 2969 non
644 2910 772 2990 quaerat
794 2905 939 2992 angulos,
955 2911 991 2970 et
1012 2907 1070 2991 qui
1093 2907 1267 2972 veritatem
1290 2907 1372 2971 dicit
1394 2928 1461 2971 non

237 2972 376 3067 ιίῗίιι11011113
407 3007 543 3071 laborat.
590 3007 805 3071 Protulerunt
821 3007 933 3091 itaque
949 3008 1083 3073 tandem
1106 3008 1285 3093 aliquando
1307 3007 1461 3072 monachi

238 3123 300 3167 acne
300 3074 376 3166 nori
407 3107 538 3173 abbati}
573 3107 720 3171 scedulas
753 3107 843 3183 duas,
866 3128 948 3192 quas
982 3129 1043 3173 sua
1074 3108 1247 3194 originalia
1273 3113 1462 3174 constanter

236 3173 381 3268 uillam*
408 3229 477 3272 esse
500 3207 661 3271 dicebant.
724 3206 871 3286 Quarum
903 3207 1010 3292 prima
1032 3208 1258 3273 vetustissima
1287 3214 1359 3274 erat
1389 3231 1462 3274 rasa

408 3307 659 3393 etsubscripta
682 3328 720 3372 ac
743 3308 771 3372 si
795 3315 880 3373 esset
912 3308 1095 3383 emendata
1127 3315 1161 3373 et
1191 3310 1313 3395 absque
1343 3310 1459 3396 sigillo.

409 3409 507 3473 Hanc
529 3409 684 3474 dicebant
706 3410 792 3496 regis
815 3409 1000 3474 Ethelberti
1027 3432 1096 3475 esse
1120 3411 1338 3497 privilegium.
1384 3411 1462 3476 Alia

408 3532 487 3575 vero
510 3510 642 3576 scedula
664 3510 771 3575 multo
794 3518 866 3576 erat
887 3502 1057 3586 recentior,
1080 3512 1120 3576 de
1144 3531 1210 3595 qua
1232 3512 1324 3576 bulla
1353 3512 1460 3598 plum-

409 3611 470 3676 bea
515 3633 591 3676 cum
633 3612 740 3676 iconia
780 3612 923 3697 episcopi
966 3633 1054 3675 nova
1104 3611 1201 3676 valde
1245 3613 1460 3699 dependebat.

409 3711 505 3776 Hane
537 3711 697 3777 cartulam
732 3710 846 3775 Sancti
869 3712 1051 3797 Augustini
1083 3711 1237 3778 dicebant
1267 3735 1335 3778 esse
1359 3715 1464 3799 privi-

408 3812 540 3899 legium,
586 3813 628 3876 In
659 3812 712 3876 his
744 3818 856 3877 autem
890 3811 1073 3898 privilegiis
1105 3813 1308 3878 intuentium
1334 3815 1462 3899 judicio

408 3913 480 3979 haec
517 3914 660 3977 maxime
694 3914 843 3978 notanda
876 3900 1019 3977 fuerunt.
1076 3912 1117 3977 In
1146 3915 1256 4000 prima
1287 3915 1462 3980 laudabilis

409 4015 542 4100 quidem
577 4014 644 4079 fuit
675 4020 834 4092 vetustas,
857 4014 915 4078 sed
949 4034 1024 4079 rasa
1045 4014 1112 4079 fuit
1144 4021 1178 4079 et
1212 4016 1378 4103 inscripta
1402 4039 1463 4083 nec

261 4128 319 4187 uc·
365 4139 397 4170 on
410 4115 511 4179 ullius
541 4114 643 4201 sigilli
673 4115 856 4180 munimine
881 4116 1042 4181 roborata.
1089 4115 1130 4179 In
1155 4116 1223 4182 alia
1245 4138 1323 4182 vero
1354 4139 1461 4203 repre-

268 4189 372 4271 lii’cl'·
410 4215 566 4281 hensionc
590 4215 728 4301 dignum
751 4216 824 4294 fuit,
841 4217 930 4301 quod
952 4237 1040 4281 nova
1062 4217 1177 4282 extitit
1199 4216 1270 4302 ejus
1294 4218 1407 4283 littera
1429 4224 1463 4283 et

410 4316 511 4394 bulla,
534 4337 608 4381 cum
632 4317 810 4381 vetustatis
834 4338 903 4381 esse
926 4317 1060 4382 deberet
1082 4338 1244 4382 annorum
1267 4319 1463 4405 quingento-

410 4440 485 4481 rum
509 4417 683 4503 0ctoginta,
707 4418 742 4480 id
765 4422 825 4494 ιιι,
841 4439 862 4482 a
883 4424 1030 4503 tempore
1053 4419 1143 4483 beati
1165 4420 1347 4505 Augustini
1370 4420 1464 4505 cujus

412 4540 480 4582 esse
504 4518 682 4583 dicebatur.
729 4517 809 4583 Fuit
843 4520 944 4583 etiam
978 4526 1139 4596 notatum,
1163 4520 1264 4585 immo
1298 4523 1463 4585 notorium

411 4625 445 4683 ιι
468 4618 622 4696 notabile,
646 4618 734 4703 quod
757 4618 850 4683 bulla
873 4620 976 4705 ipsius
1002 4621 1157 4705 plumbea
1186 4621 1261 4697 fuit
1292 4642 1366 4686 cum
1397 4643 1465 4687 non

411 4722 540 4787 soleant
574 4721 724 4807 cisalpini
759 4722 914 4807 praesules
946 4723 1000 4789 vel
1038 4724 1195 4808 primates
1233 4725 1365 4811 scriptis
1396 4725 1463 4789 suis

409 4822 584 4889 autenticis
623 4821 730 4886 bullas
768 4822 939 4907 plumbeas
976 4845 1147 4910 apponere.
1210 4825 1329 4891 Modus
1360 4826 1461 4891 etiarn
