3666 5724
442 887 508 950 402
643 898 808 949 osnvnsrr
831 895 993 948 nossem
1015 895 1291 947 carrusarnusrs

291 1098 353 1202 Ἢ·1
355 1100 414 1202 13⁸
443 1090 649 1156 sententiam.
704 1087 804 1153 Porta
830 1108 960 1174 quoque
982 1087 1145 1166 cimiterii,
1175 1108 1234 1174 per
1263 1106 1363 1174 quam
1393 1087 1496 1154 solam

276 1223 406 1268 nm,
444 1191 497 1255 his
519 1211 577 1256 sex
600 1189 716 1255 diebus
745 1211 767 1254 a
788 1188 962 1255 Dominica
993 1189 1028 1253 in
1060 1188 1268 1255 Dominicam
1302 1191 1414 1276 patuit
1447 1190 1498 1253 in·

276 1276 327 1366 im
360 1325 397 1367 ar
444 1313 581 1378 gressus,
608 1291 715 1357 tribus
739 1290 855 1356 diebus
878 1295 913 1355 et
936 1290 1043 1355 tribus
1065 1289 1218 1356 noctibus
1241 1290 1352 1356 clausa
1374 1296 1434 1367 est,
1456 1311 1498 1355 ne

276 1374 420 1475 ffilffi
445 1393 600 1460 videlicet
621 1393 864 1470 monachorum,
880 1392 981 1456 immo
1004 1397 1039 1456 et
1060 1396 1255 1478 martyrum,
1271 1393 1307 1456 in
1329 1391 1499 1479 publicum

445 1497 552 1561 exiret
566 1495 706 1572 miseria,
721 1494 776 1559 vel
798 1494 841 1560 ad
864 1493 951 1579 ipsos
974 1491 1086 1578 aliqua
1107 1493 1248 1559 intraret
1268 1493 1498 1569 misericordia,

445 1597 498 1663 vel
530 1603 569 1662 ut
599 1597 685 1662 fame
712 1597 790 1661 flexi
822 1595 857 1659 in
887 1600 1084 1681 perpetuum
1115 1595 1258 1660 ecclesiae
1288 1595 1498 1682 dispendium
1625 1621 1629 1630 ·

445 1720 575 1765 omnem
602 1698 835 1784 archiepiscopi
861 1696 1009 1762 facerent
1033 1695 1247 1761 voluntatem.
1294 1695 1359 1762 Sed
1381 1719 1423 1762 ex
1448 1697 1498 1760 in·

445 1801 578 1887 proviso
608 1800 762 1865 visitavit
791 1819 846 1863 eos
883 1798 974 1863 Deus
1005 1798 1113 1865 oriens
1151 1820 1194 1863 ex
1227 1798 1304 1876 alto,
1329 1798 1394 1880 Qui
1433 1820 1500 1864 non
1512 1800 1674 1849 &¹⁴⁰¹ssss

447 1903 586 1988 despicit
609 1906 777 1987 sperantes
801 1901 837 1964 in
862 1899 913 1977 Se,
939 1905 974 1965 et
1003 1900 1044 1964 de
1074 1921 1135 1966 sua
1165 1901 1292 1966 virtute
1321 1901 1501 1988 gloriantes

445 2003 608 2068 humiliat.
656 2001 727 2067 Sibi
751 2003 873 2067 etenim
907 2001 969 2066 soli
1001 2001 1093 2067 Deus
1115 2002 1213 2067 hanc·
1223 2003 1408 2068 reservavit
1430 2003 1502 2089 glo·

447 2106 540 2180 riam,
556 2126 598 2169 ne
620 2103 679 2167 filii
706 2103 928 2169 confessorum
955 2108 991 2168 et
1016 2108 1201 2189 martyrum
1224 2124 1334 2190 genua
1355 2124 1416 2169 sua
1430 2126 1502 2169 cur-

279 2197 428 2294 ffl‘m
449 2211 568 2270 varent
593 2209 671 2269 ante
702 2205 791 2269 Baal.
837 2203 926 2269 Dum
959 2206 1047 2270 enim
1081 2205 1342 2291 archiepiscopus
1375 2206 1504 2291 spirans

281 2299 384 2395 W
449 2308 613 2371 minarum
629 2306 803 2371 tormentis
819 2306 994 2383 insisteret,
1007 2312 1041 2371 et
1063 2312 1245 2371 conventus
1257 2305 1505 2372 Oantuariensis

449 2409 593 2474 ecclesiae
608 2408 720 2472 omnia
742 2408 805 2472 sibi
829 2407 923 2472 illata
945 2407 1142 2493 gravamina
1163 2408 1330 2493 patienter
1352 2409 1415 2473 elsi
1437 2429 1505 2473 non

450 2510 594 2575 libenter
623 2509 809 2584 sustineret,
833 2507 1098 2593 archiepiscopus
1128 2507 1170 2572 de
1201 2508 1297 2573 obitu
1327 2509 1378 2573 sui
1409 2530 1504 2595 papae

450 2612 599 2698 Gregorii
623 2611 841 2677 certissimum
858 2610 989 2674 audivit
1012 2610 1177 2685 nuntium,
1194 2610 1253 2694 qui
1267 2631 1397 2674 omnem
1420 2611 1504 2696 ejus¹

449 2714 596 2778 mutavit
633 2712 845 2777 intellectum.
902 2711 954 2776 Ex
992 2710 1096 2797 ipsius
1134 2710 1267 2796 quidem
1306 2711 1505 2777 confidentia

450 2838 562 2883 omnes
594 2837 676 2902 quas
713 2814 928 2900 praediximus
958 2814 1082 2880 fecerat
1111 2814 1331 2879 enormitates.
1393 2815 1506 2881 Tertia

313 2906 407 2951 ³⁸¹¹·st
449 2918 601 3004 sequenti
624 2917 716 2993 feria,
731 2916 834 2979 ,fiiis
867 2915 993 2981 scilicet
1015 2913 1174 2979 kalendas
1197 2914 1376 2993 Februarii,
1400 2938 1503 2982 reces-

280 2969 433 3115 ffiQss·
451 3020 497 3083 sit
535 3039 556 3082 a
583 3016 790 3102 Wingeham,
817 3021 852 3080 et
875 3016 1090 3082 Cantuariam
1116 3016 1307 3101 praeteriens
1339 3017 1375 3081 in
1411 3025 1504 3104 parte

452 3220 660 3307 prophanum
686 3219 847 3305 pervenit,
877 3219 1065 3305 ibidemque
1095 3220 1138 3284 ad
1168 3219 1327 3306 populum
1357 3244 1505 3289 sermone

451 3321 657 3388 excusatorio
691 3321 782 3386 edito
832 3320 1037 3386 Londoniam
1082 3323 1281 3408 properavit.
1351 3324 1426 3404 Quo
1462 3325 1505 3389 ab

452 3423 663 3488 Hakintonia
688 3422 868 3498 recedente,
894 3422 986 3486 missi
1008 3423 1152 3488 suntab
1172 3444 1210 3489 eo
1236 3425 1279 3489 ad
1306 3430 1505 3491 conventum

450 3525 541 3611 prior
556 3523 670 3590 Sancti
686 3523 835 3609 Gregorii
858 3529 894 3588 et
908 3525 1087 3589 vicecomes
1102 3523 1233 3590 cantiae
1253 3546 1328 3591 cum
1343 3527 1505 3592 militibus

450 3632 486 3693 et
502 3626 626 3693 clericis
641 3625 764 3690 multis.
810 3624 952 3691 Volebat
967 3626 1056 3690 enim
1078 3625 1343 3715 archiepiscopus
1357 3651 1506 3694 sermone

450 3728 572 3794 blando
598 3726 739 3813 simplici
772 3727 913 3812 rudique
951 3726 1073 3813 populo
1107 3728 1305 3808 satisfacere,
1339 3735 1374 3795 et
1410 3752 1505 3795 aures

284 3832 424 3928 ἐπίῃ
451 3828 658 3893 audientium
673 3826 844 3891 blanditiis
860 3827 1012 3892 emollire.
1051 3827 1098 3891 Hi
1114 3828 1217 3914 igitur
1231 3830 1361 3915 praefati
1385 3831 1506 3907 nuntii,

284 3934 419 4037 ffiggttltgn
453 3950 512 4016 per
541 3932 670 4014 portam
701 3927 855 3993 cimiterii
885 3926 945 3991 vix
971 3928 1105 3993 tandem
1136 3929 1283 4016 ingressi,
1314 3929 1507 3996 obtulerunt

283 4034 383 4130 :effi
453 4029 632 4096 conventui
671 4049 713 4093 ex
744 4032 837 4113 parte
871 4028 1107 4115 archiepiscopi
1144 4051 1258 4096 omnes
1287 4052 1339 4096 res
1368 4038 1404 4097 et
1433 4054 1505 4118 pos·

384 4118 390 4129 ’
452 4131 611 4197 sessiones
633 4150 710 4194 suas
732 4128 835 4193 libere
857 4129 1078 4215 possidendas,
1102 4129 1189 4197 sicut
1210 4131 1401 4198 habuerunt
1423 4140 1505 4198 tem·

451 4253 530 4320 pore
562 4230 701 4315 alicujus
740 4229 984 4316 archiepiscopi,
1022 4236 1242 4318 preterquam
1277 4233 1429 4314 Ricardi3
1460 4235 1507 4302 sic

451 4341 563 4400 tamen
578 4338 618 4397 ut
631 4332 776 4409 sacrista
788 4332 985 4397 camerarius
1000 4338 1035 4397 et
1050 4332 1233 4412 celerarius,
1242 4334 1283 4400 de
1298 4336 1505 4422 portionibus

450 4435 514 4501 sibi
536 4434 624 4521 apud
647 4433 799 4498 Alenzun
814 4432 999 4519 assignatis,
1014 4440 1090 4521 post
1112 4436 1192 4500 anni
1215 4436 1374 4502 circulum
1396 4438 1502 4505 archi·

450 4538 601 4624 episcopo
637 4534 879 4622 responderent.
937 4534 1139 4601 Monuerunt
1175 4537 1276 4602 etiam
1314 4545 1355 4604 ut
1386 4539 1502 4606 diviua

816 4811 905 4878 ujus]
919 4810 1008 4876 ipsius,
1020 4812 1050 4866 c.
