3646 5720
726 877 839 928 ornas
862 875 1057 928 marouwa
1351 858 1417 929 257

369 1061 474 1126 betur.
521 1061 666 1149 Ideoque
699 1069 735 1129 et
765 1065 960 1150 praedictum
982 1064 1129 1152 legatum
1153 1061 1324 1130 dicebatur
1345 1084 1423 1130 evo·
1446 1075 1571 1127 mnu.

367 1184 465 1242 casse,
481 1186 621 1250 eumque
636 1165 808 1231 blanditiis
831 1172 866 1232 et
888 1167 983 1233 donis
1005 1166 1229 1232 subnervavit.
1276 1165 1421 1252 Legatus
1435 1139 1575 1286 &gib
1661 1252 1669 1259 ⁸

368 1286 506 1351 quoque,
529 1266 604 1352 plus
633 1268 720 1354 regis
752 1288 852 1353 quam
877 1269 986 1355 gregis
1016 1268 1071 1334 vel
1104 1267 1256 1333 veritatis
1278 1268 1420 1354 gratiam
1433 1243 1542 1343 mid

368 1388 527 1451 quaerens,
549 1367 586 1432 in
608 1369 724 1455 primis
745 1369 921 1457 legationis
943 1392 1012 1437 suae
1033 1369 1185 1456 vestigiis
1199 1368 1320 1435 annuit
1341 1369 1420 1454 regi,
1433 1341 1585 1437 mineb-

367 1468 428 1534 ut¹
466 1490 525 1554 pro
563 1469 669 1556 ceptis
706 1470 856 1537 bestiolis
889 1471 1023 1538 clericos
1060 1470 1290 1557 implacitaret.
1336 1440 1570 1585 Eceeffiffii*

367 1592 467 1656 quam
482 1572 573 1637 tristi
587 1573 685 1639 initio
699 1577 735 1639 et
749 1574 875 1640 enormi
890 1573 1042 1661 exemplo
1060 1573 1219 1639 Romanas
1245 1571 1422 1638 cardinalis
1433 1543 1592 1637 aalide

368 1672 512 1740 ecclesiae
546 1680 582 1740 et
617 1674 763 1761 legatus·
784 1697 879 1741 suam
913 1697 1048 1743 exorsus
1086 1679 1138 1741 est
1174 1673 1419 1761 agriculturam.
1432 1639 1575 1785 ἒιᾛοιῗθ

368 1774 523 1841 Haeccine
557 1781 609 1842 est
639 1776 799 1844 Romanoe
833 1779 1048 1865 protectionis
1085 1782 1161 1843 tuta
1192 1776 1360 1853 securitas,
1382 1780 1422 1840 ut
1461 1745 1574 1788 ΘΜ

367 1877 475 1944 clerici
499 1879 535 1942 in
559 1877 678 1945 laicam
692 1880 873 1946 trahantur
895 1881 1030 1959 curiam,
1045 1880 1169 1945 ibidem
1191 1899 1252 1966 pro
1274 1876 1422 1944 bestiolis

367 1981 548 2047 aulicorum
566 1981 693 2067 judicio
715 1982 1015 2070 condempnentur!
1060 1982 1127 2049 Sed
1146 1981 1228 2069 quid
1250 1981 1339 2067 quod
1353 2001 1422 2046 non

366 2081 470 2149 faciat
484 2092 502 2119 “
511 2084 584 2150 auri
606 2105 698 2150 sacra
720 2085 867 2152 fames''l
890 2085 964 2152 Etsi
979 2085 1167 2151 Romanum
1182 2089 1332 2150 nostrum
1348 2081 1421 2147 auri

336 2197 338 2200 ⁴
366 2184 475 2272 fulgor
500 2186 583 2273 regii
607 2187 650 2253 ad
673 2188 944 2254 consentiendum
974 2187 1091 2265 illexit,
1114 2185 1281 2253 reminisci
1307 2190 1421 2251 tamen

367 2287 483 2353 debuit
505 2288 648 2375 exempli
664 2289 780 2356 Sancti
795 2289 931 2356 Thomae
953 2288 1119 2376 martyris,
1143 2289 1201 2375 qui
1216 2308 1276 2375 pro
1297 2286 1422 2353 clericis

366 2389 500 2454 tuendis
523 2411 667 2456 sexenns
689 2391 836 2470 exilium,
866 2413 977 2458 rerum
1009 2390 1228 2478 dispendium,
1251 2388 1420 2466 sustinuit,

366 2491 424 2556 sed
446 2496 481 2556 ct
503 2496 603 2578 caput
625 2493 794 2578 proprium
816 2515 876 2580 pro
891 2494 939 2560 eis
954 2493 1075 2558 tribuit
1088 2489 1311 2559 mactandum.
1347 2489 1421 2570 Quo

366 2615 443 2681 ergo
465 2595 532 2659 fine
554 2594 682 2679 legatus
697 2595 785 2661 vioes
807 2595 872 2661 sibi
894 2595 1083 2662 commissas
1097 2593 1254 2681 perficiet,
1270 2590 1329 2678 qui
1350 2595 1422 2657 tam

366 2697 583 2784 pernitiosum
605 2697 749 2783 sumpsit
770 2697 931 2763 initium?
976 2697 1043 2764 Sed
1065 2690 1219 2782 nunquid

447 2819 464 2854 “
479 2810 598 2878 Debile
620 2811 819 2898 principium
841 2812 958 2880 melior
978 2811 1114 2879 fortuna
1135 2807 1338 2896 sequeturl''

410 2924 576 2992 Oircuivit
596 2924 701 3012 igitur
726 2925 856 3012 legatus
878 2927 1043 3014 angliam,
1068 2924 1277 2993 considerans
1307 2922 1566 3031 maffia-e

364 3029 497 3115 proviso
526 3033 562 3093 et
591 3026 821 3095 constituendo
852 3030 989 3096 coneilio
1019 3027 1220 3115 corrigenda.
1266 3025 1311 3092 Et
1341 2998 1590 3111 quiaonmiiiii'

365 3130 530 3196 eradicem
558 3132 697 3194 venerat
727 3134 762 3196 et
790 3130 950 3217 plantare,
977 3153 999 3198 e
1028 3130 1156 3197 dextris
1178 3133 1213 3193 et
1233 3147 1255 3192 a
1277 3126 1419 3193 sinistris

365 3233 562 3301 donantium
584 3228 703 3299 manus
725 3234 820 3300 donis
843 3236 1038 3303 exoneravit
1060 3232 1179 3310 allatis,
1203 3252 1277 3317 quae
1299 3230 1420 3296 innuis

364 3337 479 3404 cofinis
502 3334 749 3422 complantavit

307 3446 324 3500 '·
409 3452 523 3518 Mense
552 3449 745 3516 Decembrio
775 3458 838 3515 obit
855 3457 1036 3532 Reginsldus
1053 3480 1150 3520 comes
1169 3461 1324 3520 Oornubiae
1341 3463 1591 3536 reginnaldus

365 3552 502 3622 Henrici
524 3552 660 3619 secundi
682 3562 853 3627 avunculus,
879 3563 963 3635 cujus
988 3579 1093 3635 corpus
1119 3562 1270 3636 Badingas
1289 3563 1421 3620 delatum
1434 3530 1556 3626 0ιῖιῖὲῶ

364 3663 472 3722 ibidem
491 3664 640 3736 sepultum
659 3665 725 3723 est.²

690 3966 1082 4042 Momm-'xm
1431 3996 1579 4113 &132⁷ss

407 4120 483 4187 Rex
511 4121 644 4209 Angliae
674 4122 848 4202 Henricus,
876 4122 1065 4190 convocatis
1094 4121 1188 4209 regni
1218 4120 1418 4208 primoribus
1431 4109 1574 4206 W?

362 4222 453 4308 apud
488 4222 789 4303 Northamtoniam,
825 4224 1002 4290 renovavit
1035 4223 1172 4290 assisam
1206 4223 1248 4289 de
1282 4221 1418 4288 Claren-

354 4524 357 4529 '
399 4526 461 4594 ιιιι]
476 4535 530 4589 aut
541 4529 572 4581 G.
910 4524 1288 4587 westminsterstneeonfueed
1299 4540 1417 4588 manner,

396 4606 408 4640 ²
418 4605 540 4672 sepultum
550 4606 602 4673 m]
616 4607 686 4659 Here
695 4606 754 4660 Ms.
763 4606 794 4659 C.
805 4622 868 4658 runs
908 4604 1067 4672 preserving,
1082 4605 1208 4669 however,
1228 4618 1262 4656 no
1277 4605 1414 4671 important

363 4685 483 4753 together
492 4687 537 4737 the
547 4693 657 4739 account
667 4686 697 4737 of
712 4687 756 4738 the
768 4685 869 4738 eouneil
910 4684 1010 4737 various
1021 4683 1136 4750 reading.

362 4764 392 4817 of
408 4765 597 4832 Northampton
614 4767 666 4819 and
675 4767 719 4820 tbe
729 4765 830 4820 ceuncil
840 4765 872 4818 of

450 4921 513 4967 sss.
1258 4898 1283 4947 R
