3572 5744
435 915 478 981 36
637 926 800 976 osevnsn
822 925 983 975 nossem
1006 923 1280 975 esurumnusrs

281 1128 411 1226 ‘iiiii‘
437 1123 453 1152 “
477 1068 599 1202 itique,
622 1110 806 1179 venerande
821 1114 924 1198 pater,
948 1132 1024 1177 cum
1046 1111 1137 1177 omni
1159 1109 1349 1177 humilitate
1371 1133 1491 1197 pacem,

305 1232 389 1292 meh
437 1227 454 1255 “
477 1223 512 1284 et
533 1239 601 1283 non
627 1221 679 1282 est
711 1216 845 1292 bonum,
868 1219 1000 1302 tompus
1034 1213 1223 1291 curationis,
1246 1220 1281 1279 et
1314 1234 1387 1280 ecco
1421 1213 1600 1293 dimdprem·

229 1316 234 1327 ’
277 1285 416 1428 ιῗᾟέἕῇζορ
437 1330 455 1358 “
477 1321 632 1386 turbatio.
691 1318 802 1385 Medio
839 1318 928 1383 enim
966 1324 1114 1403 tempore
1151 1318 1368 1383 commutavit
1405 1296 1556 1382 interm·
1571 1286 1609 1331 ¹⁹'

193 1452 196 1456 “
270 1455 375 1530 ns&
438 1432 455 1460 “
477 1445 537 1489 nos
581 1422 740 1508 quosdam
778 1420 930 1487 officiales
968 1425 1083 1487 contra
1127 1440 1250 1484 morem
1288 1424 1324 1484 et
1367 1424 1491 1486 statum

269 1534 456 1632 fflffigsmdf
477 1525 629 1617 ecolesise,
652 1530 687 1590 et
708 1524 858 1590 ecclesias
881 1523 956 1588 illas
989 1523 1084 1588 nobis
1118 1521 1260 1608 quidem,
1285 1522 1386 1588 immo
1411 1544 1491 1609 peu·

268 1638 359 1731 pud*
438 1638 455 1664 “
478 1629 620 1715 peribus,
657 1627 769 1692 viduis
806 1632 842 1691 et
878 1624 1043 1712 orphanis,
1081 1624 1217 1701 ablatas,
1255 1624 1380 1691 clericis
1424 1627 1493 1690 suis

269 1751 305 1783 ev
358 1750 384 1833 si
438 1730 639 1796 “divitibus
670 1729 860 1816 assignavit.
906 1728 1160 1794 Praedecessores
1193 1728 1246 1793 sui
1268 1733 1430 1821 martyres
1460 1735 1494 1796 et

300 1852 316 1902 Ρ
438 1844 455 1870 “
478 1834 675 1900 confessores
697 1826 897 1920 pauperibus
917 1838 953 1897 et
975 1832 1155 1919 peregrinis
1177 1831 1398 1897 omnimodam
1425 1837 1494 1897 stu-

398 1954 418 1985 r.
439 1946 458 1976 “
481 1938 626 2002 ducrunt
658 1956 771 2003 euram
804 1935 1001 2021 impendere,
1031 1935 1089 2000 sed
1112 1934 1251 1999 domnus
1282 1933 1493 2000 Baldevinus

440 2049 457 2074 “
479 2039 678 2126 pauperibus
700 2036 820 2103 collata
842 2036 989 2101 subsidia
1021 2035 1196 2113 subtrahit,
1220 2037 1400 2122 eademque
1421 2059 1491 2102 mu-

368 2149 370 2152 ⁴
440 2151 458 2177 “
480 2163 585 2207 menae
622 2141 771 2223 infundit
809 2139 948 2206 ditiori'
977 2139 1021 2204 Et
1059 2139 1147 2225 quod
1184 2138 1285 2204 altius
1318 2140 1388 2205 urit
1424 2160 1493 2218 nos,

439 2252 457 2282 “
479 2244 602 2310 famem
624 2248 770 2309 nostram
792 2242 829 2307 in
851 2241 1043 2307 consistorio
1069 2246 1180 2307 vestro
1202 2248 1237 2307 et
1259 2242 1385 2307 infore
1407 2243 1492 2330 regis

441 2357 458 2383 “
480 2347 611 2434 Angliae
645 2346 754 2412 voluit
784 2344 965 2431 denigrare,
999 2344 1110 2410 diosus
1147 2366 1207 2430 per
1242 2345 1399 2409 nuntium
1421 2342 1493 2410 'nos

298 2486 311 2517 s
441 2458 459 2485 “
480 2470 550 2537 praa
570 2449 675 2515 nimia
697 2470 806 2514 rerum
829 2445 1034 2513 abundantis
1056 2446 1293 2534 incorrigibiles
1320 2469 1395 2513 ease.
1441 2447 1493 2514 De

311 2587 327 2617 s
345 2535 383 2617 siv
440 2562 458 2589 “
480 2553 569 2619 fseili
591 2552 813 2639 forsitan-vos
835 2550 1025 2616 inclinasset
1045 2549 1089 2615 ed
1111 2549 1320 2629 credendum,
1341 2550 1407 2616 nisi
1429 2549 1492 2616 Dei

272 2638 381 2720 susem·
421 2663 459 2719 .“
480 2655 643 2743 supientia
680 2658 828 2719 vestrum
865 2652 1058 2739 praeclarnm
1090 2653 1304 2738 praevenisset
1335 2653 1492 2731 animum,
1529 2672 1533 2679 ’

441 2768 458 2793 “
481 2763 516 2824 et
532 2840 534 2845 Ι
548 2757 640 2822 mille
673 2755 766 2820 milia
799 2755 971 2821 hominum
1005 2754 1185 2820 clamarent
1213 2754 1250 2819 in
1283 2755 1490 2821 contrarium.

440 2861 587 2926 “Novit
623 2858 712 2925 enim
750 2858 864 2945 populi
901 2857 1110 2935 universitas,
1145 2858 1232 2945 quod
1266 2864 1301 2923 et
1332 2859 1490 2925 Romanae

440 2971 458 2998 “
479 2962 556 3026 filiis
593 2961 742 3027 innotuit
779 2960 929 3038 ecclesiae,
968 2964 1168 3026 conventum
1201 2965 1350 3026 nostrum
1385 2983 1490 3048 neque

438 3074 456 3099 “
478 3065 590 3129 nimiis
613 3062 791 3139 abundare,
813 3084 888 3128 eum
910 3062 1004 3149 prae¹
1026 3064 1138 3128 nimiis
1161 3065 1315 3150 expensis
1337 3087 1401 3131 aere
1423 3086 1491 3131 non

295 3188 316 3230 ss
346 3199 371 3249 ss
440 3176 455 3201 ‘⁴
479 3166 604 3231 modice
627 3172 796 3251 prematur
818 3164 933 3243 alieno,
957 3171 991 3230 et
1014 3166 1051 3229 in
1072 3166 1125 3231 his
1148 3188 1222 3252 quae
1244 3168 1338 3233 decet
1370 3173 1405 3234 et
1427 3167 1490 3233 Dei

282 3300 330 3332 ss.
362 3251 382 3281 ¹⁹
439 3278 455 3303 κ
479 3273 566 3345 sune,
589 3267 715 3333 domini
738 3267 844 3332 sossi
865 3268 1100 3353 archiepiscopi
1134 3270 1371 3355 susceperimus
1404 3273 1489 3358 psu-

438 3359 572 3436 “'enter
609 3370 849 3447 correctionem,
888 3371 988 3435 etiam
1027 3371 1062 3435 in
1097 3370 1306 3457 dispendium
1340 3372 1489 3441 ecelesiae.

482 3481 499 3508 “
523 3473 564 3537 In
594 3472 648 3536 his
678 3471 831 3536 omnibus
862 3493 930 3537 non
961 3477 1012 3538 est
1034 3493 1170 3538 aversus
1192 3478 1302 3539 motus
1331 3474 1411 3560 ejus,
1434 3478 1491 3543 sed
1504 3481 1549 3526 1¹1²·
1559 3496 1580 3527 v.
1589 3487 1622 3528 2⁵·

438 3586 456 3655 ‘.‘
477 3576 586 3641 adhuc
608 3596 726 3640 manus
749 3574 821 3659 ejus
837 3579 982 3640 extenta.
1029 3574 1117 3640 Nam
1133 3576 1302 3643 eeclesiam
1325 3580 1490 3664 quandem

438 3678 674 3744 “secula1ium
711 3675 902 3742 clericorum
936 3678 1037 3762 juxta
1067 3699 1135 3756 nos,
1167 3679 1270 3747 immo
1301 3680 1369 3747 fere
1403 3682 1492 3749 intra

295 3812 308 3844 s
383 3812 405 3843 s
438 3790 456 3817 “
478 3802 547 3859 nos,
570 3780 772 3847 constituere
803 3780 899 3865 quasi
930 3801 973 3845 ex
995 3786 1107 3845 vestra
1129 3784 1342 3867 permissione
1364 3784 1490 3852 deside-

294 3863 393 3944 r¹¹¹¹s¹¹⁰s
439 3893 456 3919 “
478 3890 538 3949 rat.
597 3883 680 3964 Qus
710 3882 803 3948 nulla
832 3881 999 3948 occasione
1021 3885 1168 3949 construi
1201 3888 1324 3971 poterit
1355 3887 1421 3953 nisi
1454 3888 1490 3954 in

347 3965 382 4045 ιο
439 3986 716 4052 “detrimentum
748 3984 997 4051 cantuariensis
1031 3986 1175 4053 eoclesiae
1211 3995 1246 4054 et
1282 3990 1319 4054 in
1356 3991 1490 4058 subver-

270 4063 392 4196 Lzs‘ni'ri·
440 4090 607 4154 “sionem
629 4092 737 4154 status
760 4094 795 4152 et
817 4087 942 4153 ordinis
964 4089 1069 4154 nostri
1092 4090 1150 4175 qui
1167 4090 1239 4176 jam
1273 4093 1491 4180 septingentis

440 4201 456 4227 “
479 4192 577 4258 annis
591 4191 653 4256 sub
669 4192 871 4277 protectione
887 4190 951 4256 Dei
974 4197 1009 4256 et
1031 4197 1153 4271 senctae
1175 4192 1334 4259 Romame
1349 4196 1491 4263 eeclesiae
1600 4204 1602 4209 ⁴

439 4304 457 4331 “
480 4316 583 4381 usque
606 4294 649 4359 ad
672 4294 854 4359 adventum
874 4293 987 4359 domni
1010 4293 1129 4360 claruit
1151 4295 1345 4363 ledewini.
1391 4299 1491 4367 Nunc

440 4407 456 4434 “
479 4402 599 4474 sutem,
623 4394 687 4462 ut'
707 4397 839 4473 dicitur,
861 4397 897 4461 in
919 4396 1101 4463 vindictam
1135 4398 1303 4465 electionis
1336 4423 1413 4481 suae,
1436 4405 1490 4470 eui

439 4510 457 4537 ‘⁴
479 4499 658 4586 aliquando
680 4498 723 4564 ob
754 4498 942 4565 libertatem
965 4499 1109 4566 ecelesias
1139 4508 1260 4569 nostre
1283 4508 1323 4569 ut
1354 4506 1491 4592 predic-

440 4608 552 4668 “tum
587 4608 639 4667 est
671 4602 736 4666 visi
769 4623 884 4667 sumus
917 4602 1095 4693 aliquando
1129 4606 1295 4684 restitisse,
1319 4609 1490 4693 praefatam

1365 4787 1448 4795 -——,
1456 4792 1484 4800 4-—

472 4871 479 4902 ¹
490 4871 558 4937 pm]
574 4848 715 4922 ossii.
961 4873 967 4939 ι
1012 4872 1077 4940 2ιιι]
1093 4875 1165 4935 suc.
