3666 5724
770 917 882 970 OPERA
904 919 1097 971 msroulcn.
1388 909 1451 971 391

401 1122 495 1179 ‘me
517 1114 663 1200 aliquam
695 1120 846 1180 exarmat
879 1113 1105 1201 potestatem?
1150 1114 1195 1178 Et
1225 1113 1377 1179 monachi
1407 1112 1474 1178 ad
1480 1127 1537 1173 ιι.
1475 1130 1606 1224 magr

400 1237 518 1301 regem.
575 1216 698 1293 “’Vosss
731 1217 936 1302 inquiunt.
932 1216 1068 1282 “facitis
1103 1216 1191 1301 quod
1228 1216 1331 1281 vultis
1365 1216 1451 1281 siout
1463 1180 1619 1337 ιιιριέιιιᾎ

401 1317 602 1383 “dominus
659 1319 887 1385 Veruntamen
922 1318 1033 1384 sciatis
1068 1318 1156 1403 quod
1195 1318 1362 1383 restitutio
1395 1305 1487 1383 illam

400 1427 416 1453 “
440 1420 530 1505 apud
552 1420 703 1485 Alenzun
734 1421 822 1487 facta
844 1420 950 1507 magis
972 1420 1037 1485 fuit
1062 1421 1289 1485 universorum
1313 1420 1452 1485 destitu-

401 1526 418 1552 “
442 1520 489 1584 tio
512 1542 610 1605 quam
634 1521 810 1586 restitutio.
858 1520 954 1602 Quod
977 1521 1065 1585 enim
1096 1520 1202 1585 tribus
1225 1525 1355 1584 tantum
1379 1542 1452 1606 per·

400 1629 418 1654 “
440 1622 529 1687 sonis
558 1622 711 1700 traditur,
734 1623 942 1688 subtrahitur
976 1622 1193 1688 universitati.
1240 1621 1339 1686 Unde
1372 1622 1467 1706 quia,

400 1731 417 1757 “
440 1729 556 1790 contra
576 1723 685 1790 Deum
709 1730 744 1791 et
765 1726 937 1812 antiquam
967 1725 1110 1791 ecclesiae
1133 1730 1254 1790 nostrae
1277 1730 1451 1789 eonsuetu-

400 1832 417 1858 “
441 1825 561 1901 dinem,
585 1832 620 1892 ct
642 1832 758 1893 eontra
780 1828 883 1893 totius
906 1827 1044 1914 capituli
1067 1827 1173 1891 nostri
1195 1825 1449 1913 prohibitionem

399 1934 417 1961 “
440 1927 529 1993 faeta
550 1933 608 2005 est,
633 1929 739 1993 eidem
765 1950 832 1994 non
867 1929 1088 1994 consentimus
1110 1950 1171 1994 nee
1205 1949 1350 2012 unquam
1373 1949 1450 1993 oon·

399 2038 416 2063 “
439 2029 644 2095 sentiemus?
690 2029 818 2110 Quibus
841 2052 900 2095 rex
922 2030 1020 2095 ait:‘
1022 2030 1100 2107 ‘,Ite
1116 2028 1219 2095 nichil
1241 2030 1335 2094 vobis
1357 2028 1449 2094 aliud

399 2140 415 2166 “
438 2131 584 2198 faciam?
631 2131 716 2197 Cum
747 2132 851 2219 igitur
872 2133 1025 2198 viderent
1051 2131 1202 2197 monaehi
1232 2153 1267 2196 se
1297 2154 1356 2218 per
1378 2131 1608 2240 diffllhffiuffi‘m

398 2233 557 2318 plurimos
580 2255 670 2299 casso
704 2233 815 2299 labore
849 2234 991 2319 fatigari,
1025 2233 1177 2319 expensis
1209 2233 1351 2319 gravari,
1373 2238 1447 2299 tan-
1460 2246 1505 2289 bur
1476 2257 1527 2297 ura

399 2334 537 2420 demque
561 2358 582 2401 a
603 2341 673 2400 tam
691 2335 786 2420 justa
807 2335 968 2421 petitione
993 2335 1115 2421 repelli,
1139 2357 1181 2400 ex
1203 2335 1338 2400 consilio
1360 2335 1446 2401 viro-

398 2456 471 2499 rum
509 2437 656 2501 fldelium
691 2358 729 2501 Jct
766 2437 953 2522 sapientum
987 2457 1008 2501 a
1039 2437 1131 2501 ouria
1161 2442 1379 2502 recesserunt:
1414 2443 1448 2502 ct

397 2542 474 2622 post
505 2538 668 2603 modicum
715 2538 798 2603 mari
844 2538 985 2603 transito
1018 2538 1232 2603 Cantuariam
1275 2544 1447 2626 uenerunt,

397 2639 591 2704 nuntiantes
613 2640 788 2704 conventui
813 2660 887 2724 quae
918 2638 1092 2704 audierant
1114 2644 1149 2704 et
1181 2638 1339 2715 viderant,
1361 2641 1448 2705 siout

398 2740 523 2828 dictum
555 2748 606 2806 est
638 2741 681 2806 ad
714 2739 797 2806 illos.
844 2739 1041 2806 Contristati
1073 2740 1177 2825 igitur
1209 2746 1244 2805 et
1277 2742 1447 2807 conterriti

398 2840 651 2907 Cantuarienses
673 2841 834 2918 monachi,
858 2841 939 2926 quid
960 2846 1105 2926 egerent,
1128 2863 1193 2926 quo
1216 2863 1251 2906 se
1273 2847 1447 2918 verterent,

396 2944 530 3030 penitus
553 2944 758 3030 ignorabant,
791 2944 879 3008 unde
913 2948 948 3009 et
982 2943 1170 3028 frequenter
1202 2948 1317 3028 potum
1348 2962 1446 3007 suurn
1502 2974 1507 2983 ·

396 3066 471 3110 cum
495 3046 576 3111 fletu
601 3046 791 3112 miscebant
838 3045 910 3110 Nec
932 3045 1072 3125 mirum;
1095 3044 1256 3110 videbant
1278 3045 1366 3108 enirn
1388 3066 1446 3130 pa·

395 3152 481 3212 trem
518 3152 553 3212 et
576 3153 741 3233 pastorem
776 3169 873 3212 suum
911 3146 1017 3213 sibi
1008 3169 1046 3211 rn
1083 3146 1236 3212 omnibus
1271 3146 1605 3257 crudeliternamuvgr

395 3247 636 3328 adversantem,
659 3271 769 3336 regem
792 3271 871 3314 vero
897 3250 1004 3315 eidem
1026 3248 1306 3327 consentientem
1340 3213 1484 3314 ιιιιιιιιι11
1578 3216 1613 3256 η’

395 3371 464 3415 suae
486 3355 673 3436 patronum,
695 3351 870 3415 Urbanum
893 3350 967 3416 dico
989 3371 1118 3435 papam,
1141 3351 1182 3415 de
1205 3351 1314 3414 medio
1337 3350 1445 3416 subla-

395 3456 476 3528 tum,
500 3456 535 3516 ct
557 3451 731 3538 specialem
754 3452 893 3517 amicum
919 3450 1186 3538 archiepiscopi
1172 3472 1244 3536 Jam
1264 3451 1445 3516 universali

395 3551 538 3618 ecclesiae
561 3553 800 3639 praesidentem.
847 3552 911 3617 His
941 3553 1046 3638 igitur
1075 3553 1352 3629 concurrentibus,
1375 3558 1446 3617 tam

394 3654 536 3731 famosae,
559 3662 628 3722 tam
650 3655 799 3742 gloriosae
823 3653 1053 3720 cantuariensi
1084 3653 1226 3720 ecclesiae
1248 3659 1444 3769 perpetuum

393 3757 585 3822 videbant
575 3757 747 3822 imminere
784 3755 986 3842 perieulum:
1009 3756 1097 3822 unde
1131 3776 1192 3821 nec
1224 3756 1345 3821 mirum
1368 3777 1444 3822 oon-

395 3859 530 3936 tristati‚
554 3880 614 3925 nec
636 3859 726 3924 inter
748 3858 862 3946 epulas
884 3879 905 3925 a
927 3857 1070 3924 lacrimis
1093 3859 1329 3943 temperabant
1376 3858 1443 3924 Sed
1454 3876 1582 3973 unum

394 3961 430 4025 in
460 3960 555 4026 brevi
586 3960 760 4026 redeuntes
793 3959 837 4025 ad
868 3981 930 4038 cor,
963 3959 1116 4026 invocata
1150 3958 1294 4046 Spiritus
1329 3960 1442 4026 Sancti
1455 3926 1604 3980 'ww'

393 4063 511 4149 gratia,
533 4062 639 4149 patris
660 4063 712 4128 sui
746 4066 780 4128 et
802 4061 943 4149 pastoris
966 4061 1084 4148 optimi
1115 4082 1184 4127 non
1214 4082 1362 4126 annuum
1385 4061 1443 4127 sed

393 4185 497 4249 usque
519 4164 555 4228 in
577 4164 786 4251 septennium
802 4162 1001 4251 protelatum
1020 4163 1233 4229 ruminabant
1248 4163 1441 4241 martirium.

393 4264 569 4331 Justitiam
601 4287 732 4352 quoque
767 4286 875 4332 causae
909 4287 978 4330 suae
1012 4268 1047 4330 et
1079 4265 1267 4330 libertatem
1299 4265 1442 4332 ecclesiae

392 4367 503 4432 animo
519 4367 789 4447 considerabant3
810 4367 900 4432 unde
918 4388 1011 4432 senes
1026 4388 1101 4432 cum
1119 4366 1316 4452 junioribus,
1331 4366 1442 4432 animo
1561 4356 1567 4365 ⁸

392 4468 557 4545 commoti,
579 4468 806 4555 proponebant
839 4468 950 4533 animo
973 4466 1084 4532 omnia
1118 4468 1209 4553 prius
1243 4467 1444 4553 intemptata

389 4570 552 4635 sustinere
575 4569 728 4656 pericula,
760 4591 859 4655 quam
885 4569 1074 4656 probrosam
1098 4568 1156 4633 etl
1191 4569 1442 4655 ignominiosam

390 4693 464 4737 eum
487 4672 730 4759 archiepiscopo
753 4672 806 4736 vel
841 4678 985 4757 tyranno
1019 4671 1143 4737 inirent
1165 4669 1440 4758 compositionem.

822 4940 830 4975 ¹
842 4940 879 5008 rt]
894 4941 943 5006 val,
956 4941 985 4995 0.
