3666 5724
727 872 840 924 orma
862 872 1052 924 msromcn
1346 856 1412 928 887

355 1065 494 1143 cederet,
516 1063 637 1129 dum
627 1082 664 1128 m
693 1062 828 1128 remotis
858 1060 1009 1147 partibus
1036 1082 1071 1126 se
1093 1060 1159 1124 viri
1181 1060 1318 1126 alterius
1339 1081 1408 1126 am·
1396 1053 1502 1162 -Gffi
1503 1058 1566 1162 (ξιξ

354 1167 508 1254 plexibus
530 1166 677 1233 sociaret
724 1164 798 1245 Quo
827 1163 926 1241 iacto,
948 1167 1166 1249 occupaverat
1195 1185 1255 1229 rex
1276 1162 1516 1262 Angliaethpaua
1516 1170 1561 1212 ml

354 1274 425 1336 iam
449 1291 489 1336 ca
510 1290 585 1355 quae
608 1289 683 1335 cum
714 1266 784 1332 filio
813 1287 874 1331 suo
903 1266 940 1331 in
970 1266 1081 1332 dotem
1110 1265 1260 1352 praefatae
1289 1266 1408 1352 puellae
1421 1267 1541 1371 {3513ss
1511 1270 1558 1316 “nd

356 1371 500 1450 dederat,
535 1391 634 1457 quam
672 1389 712 1436 ea
748 1390 823 1454 quae
860 1389 935 1434 cum
967 1368 1038 1434 filia
1073 1389 1135 1434 sua
1164 1388 1224 1433 rex
1262 1368 1410 1436 Franciae

356 1474 542 1540 bodonicus
564 1474 668 1560 ipsius
690 1472 876 1538 contulerat
898 1471 1025 1538 marito.
1065 1470 1145 1536 Fuit
1167 1470 1317 1536 abaliud
1339 1472 1410 1557 regi

355 1574 503 1642 Franciaa
525 1574 646 1641 doloris
668 1579 892 1659 augmentum.
939 1572 1027 1638 Nam
1062 1594 1122 1638 rex
1151 1572 1283 1659 Angliae
1309 1572 1409 1639 aliam

355 1677 440 1763 regis
478 1676 626 1763 Philippi
664 1695 807 1742 sororem
839 1674 911 1760 jam
948 1695 1007 1761 per
1041 1694 1144 1740 annos
1181 1673 1339 1760 plurimos
1373 1676 1410 1740 in

354 1778 478 1864 Anglia
513 1778 576 1844 sub
613 1777 779 1844 artissima
815 1777 971 1843 servabat
1008 1776 1165 1854 custodia,
1204 1798 1303 1862 quam
1350 1799 1410 1843 rex

355 1882 539 1949 Lodovicus
572 1883 765 1947 interventu
797 1881 884 1966 ragis
905 1879 1038 1967 Angliee
1061 1880 1130 1945 filio
1159 1902 1219 1946 suo
1250 1881 1409 1947 maritan-

354 1983 431 2049 dam
457 1984 570 2050 comiti
592 1983 781 2050 Pictavensi
804 1988 1008 2049 concesserat
1038 1982 1186 2049 Ricardo.
1233 1982 1316 2049 Haec
1338 2004 1407 2048 om·

353 2087 411 2152 nia
430 2108 489 2152 rex
507 2086 681 2173 Philippus
703 2107 783 2172 pace
802 2085 857 2150 vel
879 2104 992 2171 pugna
1014 2086 1170 2171 cupiebat
1191 2106 1351 2153 revocare

399 2189 513 2255 Rediit
549 2189 676 2255 interea
705 2187 846 2253 nuntius
875 2187 1000 2252 domini
1031 2186 1215 2253 Beldewini
1244 2189 1462 2290 archicpihu
1418 2196 1524 2257 suumn
1539 2250 1549 2290 ἵ

353 2292 509 2377 scopiet,
532 2312 668 2378 eaquae
690 2290 792 2357 tacita
813 2290 956 2355 veritate
971 2288 1025 2353 vel
1047 2288 1132 2355 falsa
1153 2292 1363 2377 suggestione
1384 2247 1469 2391 aar}
1461 2259 1574 2394 ἓῇοθω

353 2393 487 2460 domino
517 2415 604 2481 papa
633 2395 871 2481 impetraverat
901 2412 1076 2478 exponens,
1105 2393 1277 2459 dominum
1307 2416 1404 2461 suum
1417 2397 1496 2449 ΜΘ

352 2510 421 2562 non
446 2496 573 2562 modice
595 2495 786 2563 loetificavit.
833 2495 964 2560 Exinde
986 2494 1090 2581 igitur
1113 2495 1265 2561 dominus
1287 2496 1405 2563 Balde·

353 2600 461 2664 winus
493 2599 626 2666 effrenis
660 2598 849 2677 effectus,
834 2619 907 2684 Jam
937 2618 1005 2664 non
1034 2597 1140 2663 solum
1170 2597 1322 2665 ecclesias
1352 2600 1408 2665 vel

353 2701 534 2769 oblationes
549 2703 688 2780 auferre,
710 2701 768 2767 sed
790 2706 825 2767 st
847 2706 957 2767 totum
979 2704 1104 2766 statum
1127 2705 1163 2765 et
1184 2700 1407 2787 tranquillita-

352 2811 421 2872 tem
437 2806 685 2874 Cantuariensis
701 2805 844 2873 ecclesiae
866 2804 1000 2891 penitus
1016 2803 1069 2869 vel
1092 2804 1127 2869 in
1148 2810 1242 2890 parte
1264 2805 1409 2891 plurima

352 2909 543 2977 subvertere
573 2910 748 2998 cogitabat.
795 2909 976 2975 Associatis
1006 2929 1083 2995 ergo
1112 2908 1176 2974 sibi
1209 2910 1406 2995 quibusdam

352 3012 512 3130 episcopis
542 3033 623 3098 quos
650 3012 747 3077 novit
781 3012 818 3075 in
844 3012 980 3077 beatum
1007 3009 1167 3076 Thomam
1194 3015 1229 3076 et
1259 3012 1404 3080 Oantua-

352 3115 492 3182 rienscm
514 3116 682 3181 ecclesiam
705 3114 872 3181 diutinam
894 3113 1078 3180 exercuisse
1100 3114 1271 3196 malitiam,
1294 3136 1405 3203 regem
1415 3139 1523 3223 proposes
1512 3130 1557 3174 ιιο

352 3216 444 3295 adiit,
460 3218 572 3284 dicens
587 3217 651 3282 sibi
666 3215 913 3304 peroptimum
904 3236 1010 3283 messe
1024 3218 1239 3304 propositum,
1254 3223 1294 3284 ut
1308 3225 1405 3287 extre
1415 3231 1462 3274 cub
1463 3231 1503 3274 roh
1512 3229 1538 3275 of

352 3319 520 3386 civitatem
551 3318 741 3385 Cantuariae
778 3319 974 3386 secularium
1012 3319 1202 3386 clericorum
1232 3323 1459 3390 ιιιιοιιίιιιιιιιι
1415 3281 1557 3426 iffi?

350 3420 480 3498 facerat,
495 3422 561 3487 et
552 3440 588 3486 m
609 3423 744 3488 nomine
760 3416 875 3488 Sancti
890 3421 1025 3488 Thomae
1047 3424 1203 3509 martyris
1225 3444 1347 3490 novam
1370 3431 1405 3492 et
1415 3431 1535 3527 Q'sshff‘

351 3521 547 3589 mirabileml
571 3524 739 3590 ecclesiam
762 3523 947 3592 subrideret.
994 3523 1141 3590 Cernens
1163 3525 1276 3611 itaque
1298 3526 1404 3592 subti·
1488 3492 1567 3537 ‘ry'

351 3625 495 3691 lissimus
517 3646 577 3691 rex
598 3626 661 3693 hoc
683 3626 902 3693 commento
887 3646 967 3713 Jura
989 3625 1237 3693 Oantuariensis
1260 3629 1404 3696 ccclesiae

350 3732 385 3794 et
407 3728 594 3794 libertatem
620 3748 720 3814 quam
748 3728 891 3795 maxime
915 3727 951 3792 in
977 3727 1136 3794 electione
1159 3730 1211 3794 sui
1237 3732 1403 3817 pontificis

349 3830 510 3917 usquead
532 3830 604 3896 haec
626 3829 790 3896 habuerat
811 3834 961 3916 tempora
982 3850 1076 3917 posse
1099 3832 1302 3910 subnervari,
1325 3856 1402 3922 sug-

348 3933 552 4019 gestionibus
588 3933 824 4020 archiepiscopi
853 3938 1075 4019 grammat
1104 3934 1219 4013 fertur,
1258 3938 1500 4046 praebuitflggm
1438 3941 1551 4003 00btr¹¹¹⁵

347 4055 523 4113 assensum,
547 4039 582 4100 et
604 4056 700 4101 noves
733 4035 962 4102 construendas
995 4035 1137 4103 ecclesias
1168 4039 1295 4125 regium
1326 4061 1466 4139 Pm'rne
1413 4004 1503 4137 ihil}
1480 4044 1540 4096 ¹¹¹⁸

346 4139 439 4204 misit
467 4159 643 4204 essensum.
691 4139 766 4221 Quo
799 4144 977 4225 comperto,
1012 4140 1167 4206 dominus
1190 4095 1466 4210 ΒιιιιιιιιιιιιιΜΟ

346 4262 413 4309 non
436 4242 561 4308 veritus
580 4242 757 4327 justitiam,
778 4240 862 4308 nec*
883 4242 935 4307 sui
956 4241 1011 4307 vel
1033 4241 1173 4329 alicujus
1205 4244 1402 4311 ordinisre-

346 4344 513 4431 ligionem
529 4345 818 4431 congregationem
834 4344 1031 4412 secularium
1054 4344 1245 4413 clericorum
1261 4348 1324 4414 sub
1339 4349 1461 4437 fes·ors
1414 4340 1464 4386 m
1472 4339 1561 4385 Μ

350 4446 513 4512 tinstione
527 4447 701 4533 proposuit
725 4448 908 4514 statuere
898 4468 935 4512 m
950 4446 1086 4514 ccclesia
1100 4447 1214 4515 Sancti
1231 4448 1402 4537 Stephani,
1414 4393 1524 4497 ⁸i⁴³¹3¹¹¹b

352 4569 426 4634 qnae
441 4548 550 4614 tribus
564 4549 632 4614 iere
647 4550 765 4615 stadiis
779 4569 800 4615 a
816 4548 998 4618 Cantuaria
1013 4550 1118 4617 distat
1138 4552 1182 4617 ad
1204 4553 1400 4639 aquilonem.

1501 3994 1567 4036 maol

1296 4721 1401 4729 —-.-.

383 4794 392 4827 ¹
405 4792 549 4917 mirAaba'lem]
566 4795 751 4858 admirabilem,
763 4796 794 4850 C.
875 4796 880 4865 Ι
928 4796 939 4830 ²
955 4796 1012 4865 aec]
1027 4813 1068 4858 ne,
1079 4799 1113 4849 A.
1124 4798 1156 4850 Β.

475 4876 508 4918 ⁰⁴·
1245 4899 1271 4947 r
