3568 5730
657 941 768 990 orme
791 943 982 992 nrsromcn
1274 932 1338 996 451

284 1123 424 1212 benigne
454 1127 606 1213 suscepit,
640 1125 823 1213 blandeque
853 1128 1040 1194 consolatus
1071 1135 1129 1195 est.
1177 1129 1339 1197 Omnibus
1369 1149 1491 1196 sumu.

284 1225 423 1315 benigne
460 1227 657 1314 loquebatur
695 1229 753 1314 qui
791 1229 834 1294 sd
878 1251 954 1296 eum
990 1231 1178 1298 veniebant.
1235 1224 1338 1300 'Unde
1351 1200 1466 1308 ruffi

284 1331 432 1396 omem
456 1331 551 1398 vnce
574 1331 726 1418 inprimis
748 1333 884 1399 effeetus
907 1338 964 1398 ee.
1349 1313 1423 1367 dm·

267 1451 273 1461 ·
327 1431 537 1498 Baldewinus
559 1439 672 1499 cutem
695 1433 944 1499 Oentuariensis
967 1434 1239 1522 archiepiscopus,
1263 1438 1335 1504 bre·
1349 1449 1474 1546 Bgldwiqo

283 1534 369 1599 viter
391 1556 467 1600 eum
489 1534 668 1621 alloquens,
691 1541 824 1623 occepta
854 1536 987 1602 licentia
1019 1537 1083 1602 iter
1109 1559 1168 1624 per
1190 1537 1334 1604 Witsen-
1347 1513 1462 1655 ἷέἷέηὼ

283 1635 361 1699 dum
399 1637 531 1724 paravit
561 1638 598 1702 in
629 1637 795 1724 Anglicm.
850 1638 934 1704 Cum
972 1643 1084 1703 autem
1123 1646 1333 1725 procuratum
1346 1601 1464 1754 {3512}ss

282 1736 396 1803 fuisset
428 1761 449 1804 a
479 1739 676 1825 quibusdam
707 1741 765 1826 qui
798 1739 884 1805 mele
918 1740 981 1804 sibi
1016 1747 1111 1806 erent
1140 1742 1269 1820 conscii,
1292 1755 1489 1809 neemutette

282 1839 409 1926 legatus
432 1842 560 1907 veniret
582 1842 618 1906 iu
640 1841 806 1928 Angfiam,
820 1841 909 1906 idem
925 1841 1060 1930 legatus
1082 1842 1214 1929 scripsit
1227 1843 1332 1910 archi·
1344 1805 1484 1897 wm-

282 1943 439 2029 episcopo,
455 1943 616 2010 mandans
630 1951 670 2008 ut
685 1943 726 2008 de
749 1964 847 2010 causa
863 1943 1095 2010 Centucriensi
1117 1945 1332 2030 apostolicum

281 2052 497 2130 exequeretur
534 2045 736 2123 mandatum,
768 2051 803 2111 et
840 2068 882 2110 ne
921 2046 962 2111 de
1000 2051 1118 2112 caetero
1149 2069 1266 2113 manus
1296 2050 1331 2114 in

281 2146 455 2212 monachos
476 2153 678 2234 aggravaret.
725 2149 774 2212 At
804 2147 860 2212 ille
890 2148 1010 2234 nuntio
1036 2148 1177 2234 benigne
1200 2171 1332 2236 respon·

280 2248 338 2326 dil,
354 2271 388 2314 se
411 2255 446 2314 et
468 2250 592 2314 domini
615 2239 713 2336 papae
732 2257 766 2314 et
781 2249 957 2315 cardinalis
981 2249 1205 2337 prreceptuml
1227 2251 1331 2318 liben-

281 2355 330 2414 ter
360 2373 428 2416 esse
458 2351 629 2418 sucturum.
676 2351 721 2416 llt
744 2351 790 2416 sic
813 2351 854 2415 iio
876 2350 1035 2416 kalendas
1058 2352 1203 2438 Augusti
1226 2355 1331 2440 appli-

280 2453 349 2517 cuit
385 2453 497 2540 epud2
526 2453 714 2519 Dovoriam.
769 2453 922 2519 Monachi
957 2475 1035 2518 vero
1070 2453 1330 2534 Cantuarienses,

168 2571 174 2584 ·
280 2575 352 2620 cum
375 2577 443 2620 non
458 2556 571 2622 liceret
593 2557 640 2621 eis
661 2555 762 2621 libere
786 2576 950 2641 quoquam
973 2555 1092 2642 egredi,
1111 2556 1272 2622 miserunt
1286 2559 1331 2623 ad

279 2679 354 2722 eum
376 2657 542 2724 salutandi
576 2658 684 2745 gnatia
715 2658 857 2744 priorem
892 2657 1005 2724 Sancti
1039 2657 1197 2743 Gregorii,
1220 2664 1259 2723 ut
1289 2660 1483 2761 defflf'f'g„

280 2760 507 2826 transmarinis
533 2761 684 2826 redeunti
708 2761 779 2825 vice
810 2765 992 2825 conventus
1022 2759 1169 2824 debitam
1198 2761 1330 2828 offerret
1341 2769 1477 2819 emutu-

278 2862 522 2947 processionem.
568 2864 616 2926 At
645 2861 700 2927 ille
731 2883 807 2927 cum
832 2862 956 2928 diceret
978 2883 1036 2948 per
1058 2860 1233 2926 monachos
1256 2884 1328 2928 eam

279 2964 341 3029 sibi
364 2965 482 3030 debere
504 2965 623 3042 offerri,
645 2969 680 3030 et
702 2969 902 3030 conventum
932 2963 968 3028 in
991 2964 1133 3030 crastino
1155 2986 1213 3051 per
1235 2965 1327 3031 cleri·
1376 2981 1464 3034 sucu

279 3087 332 3131 cos
364 3067 531 3143 salutaret,
566 3067 657 3132 missi
689 3071 768 3132 sunt
801 3067 844 3132 ad
876 3087 952 3131 eum
986 3065 1137 3132 monachi
1171 3073 1238 3132 tres
1263 3067 1328 3133 viri
1393 3111 1397 3120 -

278 3169 423 3253 probatee
446 3169 621 3256 religionis,
637 3174 676 3234 ut
691 3170 732 3234 de
754 3168 983 3234 transmarinis
997 3169 1145 3235 venienti
1161 3171 1329 3256 praemissa

277 3271 474 3337 salutatione
504 3273 545 3338 de
575 3272 726 3338 facienda
755 3272 959 3359 processione
990 3272 1094 3358 ipsius
1124 3273 1328 3358 inquirerent
1341 3277 1445 3322 &ldvln

278 3374 490 3440 voluntatem.
537 3374 665 3455 Quibus
687 3374 742 3440 ille
765 3374 873 3440 dixit:
904 3373 1126 3440 “Conventus
1156 3375 1326 3442 salutatio·
1339 3330 1486 3442 widi*

277 3483 295 3508 “
317 3497 391 3539 nem
414 3475 565 3561 suscipio,
588 3496 657 3541 non
686 3475 875 3562 supprioris,
898 3475 978 3560 quia
1006 3476 1325 3543 excommunicatum
1339 3429 1470 3532 &dudd-¹⁰

277 3586 294 3611 “
316 3599 391 3642 eum
418 3577 532 3656 heheu,
555 3585 589 3643 et
619 3578 937 3644 excommunicatum
969 3578 1136 3643 denuntio
1183 3577 1326 3664 Ideoque

276 3688 294 3713 “
318 3681 454 3746 volo'ut
474 3687 535 3746 aut
557 3682 689 3746 veniam
712 3685 805 3766 petat
834 3686 868 3746 et
898 3679 1044 3745 debitam
1072 3680 1212 3766 accipiat
1233 3681 1327 3746 obso-

276 3789 295 3816 “
317 3782 484 3861 lotionem,
508 3784 587 3869 quie
603 3783 769 3869 judicium
798 3784 839 3848 de
870 3803 908 3848 eo
937 3783 1061 3848 fectum
1092 3788 1142 3848 est
1168 3787 1203 3848 et
1228 3805 1327 3870 poena

277 3893 375 3972 “pro
400 3887 533 3966 foribus,
560 3892 621 3954 eut
646 3886 781 3953 interim
807 3885 929 3953 alicubi
953 3884 1157 3962 recondatur,
1175 3886 1230 3950 vel
1254 3908 1327 3951 ves·

275 3995 293 4021 “
315 3993 400 4053 tram
433 4010 501 4054 non
534 3988 710 4074 suscipiam
745 3987 1008 4074 processionem?
1054 3987 1117 4053 Oui
1146 3987 1326 4052 monachus
1338 4003 1470 4066 rhome,

275 4091 331 4175 qui
363 4089 559 4176 loquebatur
588 4091 722 4177 inquit:
758 4099 775 4125 “
791 4087 868 4156 Non
898 4089 1057 4155 habemus
1092 4110 1166 4154 eum
1197 4065 1470 4155 excom-ffb*

274 4201 292 4226 “
315 4193 527 4272 municatum,
554 4215 616 4260 nec
645 4193 947 4261 excommunicatus
971 4197 1029 4269 est,
1056 4213 1124 4269 nec,
1152 4213 1190 4276 eo
1216 4197 1325 4258 amoto
1337 4165 1410 4208 'W'

274 4303 292 4329 ‘¹
314 4295 368 4361 vel
395 4295 496 4362 etiam
527 4295 675 4382 quolibet
712 4296 850 4361 minimo
888 4291 1029 4362 ecclesiae
1059 4295 1228 4372 monacho,
1258 4295 1327 4360 uile

275 4397 358 4462 “ab
387 4397 461 4462 aliis
491 4397 550 4463 fiet
576 4397 758 4484 processio;
787 4397 967 4462 nonenim
997 4396 1040 4461 cb
1067 4396 1208 4462 invicem
1234 4401 1324 4482 pote-

274 4505 292 4530 “
314 4497 418 4562 rimus
440 4497 612 4586 separari.”
659 4498 704 4563 Et
726 4498 866 4584 adjecit:
893 4497 1021 4562 “Nunc
1045 4518 1130 4583 ergo,
1154 4497 1325 4562 karissime

275 4607 292 4633 “
316 4607 409 4685 peter
438 4606 472 4666 et
501 4600 643 4678 domine,
673 4622 731 4687 per
761 4599 1015 4666 misericordiam
1041 4599 1104 4664 Dei
1129 4605 1224 4685 rogat
1250 4620 1326 4686 sup

309 4866 318 4899 ¹
325 4869 491 4937 proruptam]
506 4885 555 4921 .
568 4869 596 4922 C.
800 4869 804 4937 Ι
851 4868 958 4935 ²apucl]
972 4869 1055 4928 edo.
1173 4950 1194 5012 2

1092 4964 1150 5013 Π
