3666 5724
257 1085 314 1131 el),
321 1086 380 1132 11⁸⁷.

238 1149 363 1243 teter

238 1249 375 1343 einr

241 1350 292 1392 tion
300 1351 325 1393 ol
332 1348 374 1395 the

241 1399 357 1444 mendam.

249 2320 394 2383 Prohibjtiou

249 2373 399 2466 etrele

166 2506 173 2511 .
250 2472 340 2517 cebete
422 2478 442 2505 ‘⁸

254 3267 399 3316 Prohlbltion

253 3322 301 3364 eud
309 3333 369 3364 sum·

254 3383 321 3414 mom
330 3374 355 3414 to
363 3371 404 3416 the

255 3421 369 3474 subprior.
428 3434 446 3460 u

405 870 470 941 376
622 884 784 936 cervien
805 884 966 936 nomem
989 880 1261 935 crnrurrnersrs

410 1073 511 1139 ferret
532 1071 697 1149 mendeto,
720 1074 788 1136 tres
810 1070 947 1137 ebbetes
969 1070 1028 1148 illi,
1050 1068 1207 1138 videlicet
1228 1072 1270 1138 de
1292 1068 1407 1147 Bello,¹
1422 1068 1463 1133 de

412 1174 621 1253 Feureshem,
645 1180 679 1240 et
713 1173 828 1240 Sencti
858 1173 1041 1260 Augustini
1064 1174 1263 1252 Oentueriee,
1287 1174 1345 1259 qui
1376 1170 1463 1237 Oen-

412 1280 587 1348 tuen‘ensis
621 1299 727 1345 oeusee
759 1277 893 1342 fuerent
919 1283 1118 1356 executores
1141 1277 1281 1364 prefato
1303 1275 1464 1361 archiepi-

412 1404 510 1471 scopo
524 1380 809 1449 commonitoriem
823 1380 986 1447 miserunt
1008 1379 1190 1466 epistolem,
1205 1380 1300 1466 eique
1316 1378 1467 1465 vigilium

413 1484 529 1553 Jeoobi
561 1482 702 1570 apostoli
734 1482 822 1548 diem
854 1482 1112 1568 peremptorium
1143 1481 1379 1568 praelixerunt3
1417 1500 1467 1544 re-

415 1592 532 1675 gentes
554 1583 748 1672 suppliciter
779 1589 817 1648 ut
851 1582 1030 1669 apostolico
1052 1583 1201 1649 obediret
1231 1582 1397 1658 mendeto,
1427 1601 1469 1644 ne

416 1689 518 1755 etiem
552 1687 633 1774 ipsis
666 1685 901 1751 inobedientiae
934 1685 1117 1773 periculum
1149 1684 1344 1750 immineret.
1403 1681 1470 1748 Sed

415 1812 491 1858 cunr
523 1788 674 1875 predicti
708 1787 845 1855 abbates
877 1791 912 1851 et
945 1786 1097 1853 monachi
1135 1785 1390 1853 Centuerionses
1429 1784 1470 1849 de

416 1893 523 1958 forme
546 1888 750 1958 mmutionie
776 1888 969 1974 cogitarent,
991 1888 1166 1974 ipsumque
1189 1888 1469 1975 archiepiscopum

416 1992 472 2058 vel
503 1991 575 2078 ejus
605 1988 743 2055 nuntios
773 1987 975 2074 responsales
1004 1994 1226 2074 expectarent,
1248 2010 1270 2054 e
1292 1983 1472 2074 preelecto²

417 2093 549 2181 Angliae
572 2090 743 2158 Rendulio
773 2089 814 2155 de
837 2088 1006 2156 Glenville
1035 2088 1227 2176 hujusmodi
1257 2093 1473 2177 susceperunt

418 2194 630 2265 mandatum:

455 2311 477 2337 “
490 2305 673 2365 Reudulsus³
683 2304 720 2362 de
737 2305 886 2362 Glenville
897 2305 995 2362 ebbeti
1007 2304 1044 2362 de
1062 2306 1144 2363 Bello
1162 2308 1294 2364 salutem.
1332 2307 1474 2380 Praecipio

422 2395 441 2420 “
461 2392 516 2449 tibi
534 2408 570 2446 cx
585 2396 668 2462 perte
687 2389 798 2444 domini
816 2389 904 2460 regis,
925 2407 978 2461 per
998 2390 1085 2446 fidem
1103 2408 1192 2461 quem
1211 2392 1239 2446 ei
1257 2391 1345 2447 debes
1368 2396 1399 2447 et
1421 2408 1474 2462 per

461 2480 675 2532 recrementum
688 2473 767 2545 quod
779 2473 807 2528 ei
825 2473 930 2539 fecisti,
942 2479 977 2529 ut
991 2474 1074 2529 nullo
1090 2474 1176 2531 modo
1194 2475 1333 2545 procedes
1344 2475 1376 2529 in
1387 2492 1475 2532 ceuee

422 2562 442 2588 “
460 2576 526 2631 quae
559 2559 683 2615 vertitur
714 2557 792 2612 inter
823 2556 981 2613 moneohos
1013 2556 1237 2615 Gentuerienses
1264 2564 1295 2614 et
1322 2559 1474 2616 dominum

422 2645 442 2671 “
460 2642 700 2699 Centueriemem
727 2639 988 2711 archiepiscopum,
1014 2640 1106 2697 donec
1126 2639 1194 2697 inde
1220 2659 1337 2698 mecum
1360 2642 1475 2697 locutus

423 2728 442 2754 ‘⁸
461 2726 561 2782 tueris.
598 2725 685 2780 'Peste
702 2723 852 2781 Willelmo
873 2723 910 2778 de
931 2722 1081 2780 Glenville
1099 2741 1153 2795 per
1172 2730 1351 2798 preceptum
1363 2724 1475 2780 domini

463 2810 543 2882 regis
560 2809 597 2866 de
609 2809 687 2865 ultre
704 2825 792 2863 mere.
830 2807 877 2871 Ilt,
895 2807 975 2862 omni
993 2806 1132 2863 diletione
1144 2814 1175 2864 et
1186 2809 1335 2866 occeeione
1352 2804 1474 2874 remote,

465 2894 505 2951 eie
522 2893 560 2950 ed
578 2911 626 2950 me
643 2891 722 2964 epud
740 2889 905 2971 Iacndonies
928 2891 1060 2962 proxime
1077 2891 1124 2946 die
1144 2892 1264 2950 Sebbeti
1281 2898 1347 2965 poet
1368 2895 1476 2949 festum

424 2981 444 3008 ‘⁴
464 2977 580 3034 Senctte
604 2975 780 3046 Mergeretoe
804 2973 938 3045 virginis,
965 2991 1079 3030 mecum
1106 2974 1175 3030 inde
1196 2976 1353 3035 locuturus.
1390 2976 1475 3033 Teste

424 3065 443 3091 “
463 3061 566 3117 eodem
583 3058 662 3129 opud
678 3056 1000 3116 westmonasterium?

470 3154 644 3241 Suppriori
667 3173 797 3238 quoque
820 3157 856 3217 et
877 3153 1056 3218 conventui
1078 3153 1211 3241 scripsit
1232 3155 1297 3221 sic:

462 3263 482 3288 ‘⁰
496 3256 687 3323 Rendull‘us‘,
704 3257 741 3312 de
766 3256 915 3313 Glenville
941 3258 1085 3329 suppriori
1110 3263 1140 3314 et
1166 3261 1323 3318 couventui
1347 3261 1476 3318 ecclesiae

427 3348 445 3374 ‘⁸
466 3342 577 3400 Christi
595 3339 763 3398 Oentueriae
780 3339 912 3395 sulutem.
950 3339 1093 3412 Proeeipio
1109 3342 1193 3397 robis
1212 3360 1247 3398 ex
1266 3348 1351 3416 perte
1365 3345 1474 3400 domini

464 3428 544 3500 regis
561 3444 599 3482 ne
617 3424 714 3497 eliquo
738 3424 825 3480 modo
849 3422 974 3479 utemini
999 3430 1101 3480 contre
1121 3425 1271 3482 dominum
1289 3427 1478 3484 Oentuerien·

427 3517 446 3544 ‘'
465 3530 528 3569 sem
553 3510 801 3582 archiepiscopum
828 3508 926 3579 ulique
951 3509 1158 3580 perquisitione
1175 3528 1263 3582 quem
1287 3518 1387 3568 contre
1409 3530 1477 3568 eum

428 3601 445 3626 “
464 3594 618 3669 quoeeietis,
649 3593 742 3648 donec
767 3591 835 3647 inde
860 3609 975 3647 mecum
1001 3592 1093 3649 locuti
1118 3593 1239 3650 meritis.
1289 3595 1328 3650 llt
1352 3600 1386 3651 tu
1411 3614 1477 3669 sup·

426 3684 446 3707 ‘⁸
466 3681 546 3753 prior
570 3678 677 3749 ubsque
705 3676 854 3731 occasione
880 3680 911 3730 et
935 3674 1074 3731 diletione
1099 3676 1138 3732 sis
1164 3676 1322 3734 Londoniis
1347 3678 1379 3733 in
1404 3678 1478 3735 festo

426 3767 444 3793 ‘⁸
466 3762 567 3820 Sancti
585 3761 686 3818 Jecobi
711 3777 778 3815 oum
801 3758 923 3814 consilio
947 3763 1108 3815 conventus
1128 3760 1182 3826 tui,
1201 3761 1353 3817 euditmus
1371 3768 1402 3818 et
1419 3763 1477 3817 iec-

426 3852 445 3876 “
465 3853 548 3904 turus
573 3844 651 3918 quod
678 3843 734 3899 tibi
759 3842 875 3898 dicetur
894 3860 929 3897 ex
946 3847 1030 3913 perte
1047 3842 1159 3897 domini
1176 3845 1267 3914 regis,
1286 3850 1318 3900 et
1342 3844 1384 3900 ibi
1407 3851 1478 3901 tnnc

427 3935 446 3959 “
465 3936 563 3986 tecum
580 3927 688 3982 hebees
707 3925 931 3997 perquisitiones
948 3943 1014 3997 qum
1031 3926 1197 3997 perquisitor
1215 3931 1283 3983 sunt
1302 3932 1405 3984 contre
1428 3929 1478 3984 do·

428 4018 447 4042 “
467 4014 582 4068 minum
600 4009 842 4066 cantuariensem
861 4009 1118 4082 archiepiscopum.
1167 4009 1253 4067 Teste
1274 4010 1424 4069 Willelmo
1441 4012 1477 4067 de

427 4100 447 4124 “
467 4094 616 4152 Glenville
633 4111 686 4164 per
703 4098 881 4165 preceptum
900 4093 1012 4149 domini
1028 4094 1111 4165 regis
1135 4092 1172 4151 de
1193 4094 1274 4153 ultre
1296 4112 1387 4153 mere.
1421 4095 1479 4154 Per

426 4184 444 4213 “
465 4181 561 4253 iprum
578 4178 790 4237 Willelmum.”

462 4461 724 4529 ¹deBe110]0m·⁰·
1010 4488 1193 4558 meeum]
1215 4492 1263 4544 see
1274 4490 1476 4559 repriorarem
1494 4518 1502 4535 .

460 4542 471 4574 ¹
479 4541 617 4607 prefecto]
631 4539 747 4605 prefato,
758 4539 789 4590 B.

459 4622 470 4655 ⁸
482 4619 641 4687 Randulsm]
667 4620 717 4673 See
728 4620 850 4684 Epietclu
862 4621 930 4675 Oen·

427 4699 577 4760 tranenses,
588 4700 636 4751 No.
649 4698 702 4760 lix„
714 4714 756 4764 pp.
769 4704 810 4760 46,
821 4703 863 4751 47.

977 4567 1125 4631 testicutes,
1136 4570 1185 4622 No.
1197 4572 1235 4622 lx.
1246 4587 1271 4636 p.
1284 4576 1326 4625 ⁴⁷.
