3666 5724
734 929 846 984 erues
869 930 1060 985 merorum.
1346 920 1409 985 etr

355 1115 538 1202 serperet)
563 1137 699 1187 emusso
721 1139 859 1204 sompno
881 1119 1063 1205 obstupuit,
1086 1139 1147 1185 nee
1168 1124 1281 1185 temen
1303 1118 1409 1186 sensti
1440 1127 1561 1173 wurt-

350 1216 446 1302 jusso.
468 1218 653 1305 complevit.
700 1219 814 1287 Tertis
835 1226 931 1287 nocte
954 1220 1061 1287 eidem
1084 1221 1245 1287 monacho
1268 1228 1308 1287 ut
1330 1227 1408 1288 ente
1421 1178 1559 1301 {ibim

355 1325 431 1405 post
453 1320 636 1387 matutinos
658 1321 836 1387 dormienti
858 1322 1014 1408 eppsruit
1036 1322 1136 1389 tertio
1159 1323 1301 1389 Sanctus
1323 1303 1501 1389 Tho-veen.

356 1442 427 1486 mes
448 1422 485 1485 in
508 1428 600 1488 veste
622 1424 763 1489 csndids
777 1444 852 1490 oum
867 1423 987 1510 gladic,
1002 1424 1101 1489 vultu
1117 1431 1229 1491 temen
1244 1425 1409 1503 severiori,

356 1522 468 1589 diceus
494 1523 545 1589 ei:
569 1524 688 1604 “Quid
714 1525 776 1591 hoc
802 1531 863 1603 ost,
878 1526 1038 1597 Andrest
1074 1524 1183 1605 Quare
1209 1547 1277 1592 non
1303 1526 1410 1591 fecisti

356 1632 372 1663 ‘¹
396 1626 483 1710 quod
506 1625 569 1693 tibi
599 1633 841 1713 praeeeperemt
872 1627 964 1693 Affer
995 1627 1149 1715 glsdium¹
1175 1627 1276 1695 istum
1299 1627 1410 1713 priori,

357 1734 375 1769 “
398 1733 432 1794 et
446 1751 489 1794 ex
511 1733 606 1815 perte
628 1751 703 1799 mee
717 1730 770 1795 dic
785 1730 826 1807 ei,
847 1735 888 1797 ut
902 1735 1009 1795 rotem
1024 1729 1188 1816 percutiet
1203 1737 1239 1795 et
1260 1729 1411 1795 destruat

357 1838 374 1867 ‘¹
397 1831 498 1899 illem.
544 1831 639 1897 Etsi
667 1836 773 1897 rotem
795 1831 858 1898 boo
886 1853 956 1897 non
978 1833 1176 1918 percusserit
1206 1831 1325 1918 gladio,
1349 1854 1409 1918 ego

356 1941 372 1971 “
394 1955 470 1998 eum
492 1933 556 2000 boo
576 1933 687 2020 gladio
709 1933 918 2019 pereutism.''
965 1933 1124 2020 Suscepto
1156 1934 1260 2020 igitur
1289 1933 1409 2020 gladio,

354 2035 534 2103 monsobus
555 2057 693 2122 sompno
708 2036 884 2114 excutitur,
907 2035 1047 2102 sollicite
1068 2042 1274 2122 pertrecteus
1289 2037 1407 2114 enimc,

355 2138 518 2223 quomodo
540 2138 594 2203 vel
626 2160 692 2224 quo
723 2139 838 2204 ordine
869 2139 958 2225 qued
986 2140 1057 2225 jem
1089 2138 1189 2205 tertio
1220 2139 1407 2225 injunctum

354 2246 427 2305 eret
452 2246 676 2327 exequeretur.
723 2241 851 2306 Timuit
872 2241 962 2305 euim
985 2262 1037 2318 ne,
1063 2242 1092 2305 si
1118 2242 1220 2327 priori
1246 2241 1407 2307 visionem

354 2342 487 2421 diceret,
502 2343 531 2409 ei
547 2345 638 2430 prior
652 2343 846 2410 iresceretur
862 2346 899 2409 et
913 2342 1069 2408 frivolum
1092 2348 1282 2429 reputeret;
1303 2343 1333 2409 si
1348 2364 1406 2409 su·

353 2451 421 2512 tem
437 2447 571 2532 penitus
585 2446 746 2522 reticeret,
758 2446 918 2512 Sanctum
933 2445 1095 2512 Tbomsm
1109 2446 1164 2512 oui
1179 2447 1320 2512 devotus
1335 2452 1407 2512 eret

353 2548 541 2617 offenderet.
593 2548 818 2614 Veruntamen
848 2549 1001 2614 timorem
1024 2569 1122 2613 suum
1152 2549 1272 2619 timide
1293 2553 1405 2614 amen
1417 2562 1576 2625 Audemus

354 2651 546 2737 compressit
561 2651 706 2728 sudreie
723 2656 758 2716 et
779 2651 941 2717 visionem
957 2650 1060 2737 priori
1082 2651 1231 2716 Honorio
1247 2649 1347 2717 semel
1369 2656 1406 2717 et
1417 2614 1540 2759 {ibim

354 2753 497 2819 secundo
511 2774 554 2818 err
569 2752 683 2818 ordine
698 2753 861 2831 recitavit,
876 2753 1013 2840 ejusque
1027 2753 1183 2831 ssimum,
1199 2775 1260 2819 nec
1274 2754 1404 2829 mirum,
1442 2726 1542 2760 enonas.

354 2854 554 2921 sollicitavit.
601 2855 787 2943 Obstupuit
808 2856 897 2921 enim
912 2857 956 2923 sd
978 2856 1101 2933 audite„
1119 2856 1250 2943 etquid
1272 2862 1405 2943 porten-

354 2957 447 3024 deret
469 2958 523 3023 vel
545 2979 700 3043 quorsum
724 2958 875 3024 tenderet
897 2958 982 3023 visio
1003 2958 1137 3044 penitus
1159 2958 1334 3045 ignoravit.

399 3059 583 3127 Subseoute
604 3065 656 3125 est
677 3082 696 3124 e
719 3060 860 3146 vestigio
882 3060 949 3126 slis
971 3061 1064 3137 visio,
1088 3082 1170 3146 quse,
1194 3060 1272 3126 licet
1294 3060 1521 3125 brevissnesher

1416 3118 1491 3165 vision
1499 3120 1523 3163 ot

354 3164 407 3239 sit,
426 3184 486 3229 suo
508 3169 620 3229 temen
635 3168 688 3228 est
709 3163 811 3250 digne
830 3162 945 3229 relstu.
991 3163 1172 3229 Monachus
1195 3163 1330 3250 quidem
1352 3168 1576 3263 ⁸²'⁰'¹³⁸¹‘¹dii¹ut

353 3266 474 3343 cordos,
496 3266 550 3330 vir
572 3265 667 3331 bones
689 3265 837 3343 sotionis,
859 3287 934 3331 cum
963 3265 1050 3335 iuter
1072 3266 1254 3332 matutinos
1278 3219 1569 3366 ense-{ffiw

354 3373 444 3432 trum
475 3389 609 3434 suorum
641 3368 815 3433 interesset
845 3369 1034 3445 conventui,
1057 3368 1169 3433 subito
1195 3369 1406 3446 obdormivit,
1418 3374 1514 3423 meren.

354 3470 505 3555 viditque
538 3470 768 3539 ledevinum
790 3469 1070 3556 archiepiscopum
1102 3469 1317 3537 Centusrism
1349 3493 1405 3537 ve·

353 3571 452 3650 nisse,
481 3571 607 3638 seilicet
641 3576 681 3636 ut
714 3571 874 3637 Senctum
904 3571 1066 3638 'Phemsm
1098 3573 1139 3638 de
1170 3571 1241 3639 loco
1279 3574 1404 3659 requiei

353 3694 422 3739 sure
444 3671 647 3739 transferret
692 3671 875 3739 Subleveto
897 3671 1036 3758 itsque²
1058 3679 1204 3759 mertyrs
1227 3680 1341 3740 sancto
1362 3675 1404 3740 de

352 3795 413 3840 suo
435 3774 610 3861 sercofsgo,
633 3780 669 3840 et
699 3775 742 3841 ed
777 3774 1042 3841 transferendum
1076 3775 1236 3862 exposito,
1270 3776 1404 3843 volebat

354 3876 564 3943 Belderrinus
579 3876 842 3964 archiepiscopus
857 3884 959 3964 ceput
980 3878 1087 3943 sensti
1109 3880 1266 3965 mertyris
1287 3900 1404 3966 empu-

352 3984 431 4046 tere.
487 3979 583 4059 Quod
617 3979 734 4046 videns
768 3979 956 4058 monachus,
985 3980 1198 4047 tremefactus
1232 3981 1406 4068 obstupuit

353 4087 388 4147 et
410 4082 499 4147 dixit
520 4082 564 4148 sd
595 4104 680 4160 eum,
705 4083 821 4164 “Quid
843 4088 895 4149 est
923 4083 1009 4153 boot
1042 4082 1131 4164 Quid
1163 4082 1215 4147 vis
1246 4083 1404 4150 fecere3”

354 4191 371 4223 ‘¹
381 4183 491 4260 Volo,’'
514 4183 627 4270 inquit
649 4184 922 4271 srebiepisoopus,
938 4191 1069 4271 “ceput
1092 4184 1182 4251 illius
1204 4187 1403 4273 eruputere.''

353 4284 418 4351 Oui
451 4285 631 4352 monachus
666 4288 723 4364 eit,
756 4287 822 4353 “Si
856 4289 944 4354 tenti
975 4287 1132 4374 martyris
1165 4293 1267 4375 ceput
1298 4288 1404 4354 sbsci-

354 4396 371 4422 “
394 4388 491 4465 deris,
521 4389 658 4455 invidiae
696 4390 749 4455 vel
779 4391 847 4456 odii
878 4388 1045 4456 incurres³
1072 4386 1270 4456 infamiam.”
1317 4391 1404 4457 Oon·

351 4490 489 4577 tempsit
514 4490 775 4578 archiepiscopus
805 4492 957 4559 monscbi
987 4491 1169 4570 consilium,
1195 4499 1231 4559 et
1253 4499 1404 4581 perstans

951 4648 1011 4653 --
1030 4648 1098 4654 --......
1156 4649 1174 4653 .-
1204 4650 1212 4655 .
1242 4650 1408 4659 ---—.--..-.,

585 4718 593 4757 ¹
605 4722 742 4788 comperet]
757 4729 896 4786 acceperet,
908 4722 937 4774 0.

585 4800 596 4834 ¹
608 4799 743 4851 Sstlrrcro
759 4802 858 4868 iraque]
870 4803 1059 4866 sublevetoque,
1070 4805 1102 4853 Β.

587 4879 599 4913 ⁸
610 4879 735 4947 ineu-rer]
750 4894 844 4940 eumer,
855 4880 886 4933 C.
