3588 5740
409 873 475 941 tos
619 885 782 939 suavssn
804 884 967 937 nossem
988 880 1263 937 cunumrmssrs

258 1076 382 1126 muas.
409 1073 431 1101 “
449 1078 541 1142 retur,
560 1079 592 1132 et
613 1064 727 1132 constat
748 1074 834 1131 uobis
856 1073 935 1147 quod
957 1090 1017 1131 non
1036 1060 1134 1129 minus
1157 1068 1300 1128 damutsi
1316 1086 1370 1143 per
1382 1065 1464 1127 'arbi-

40 1214 42 1227 ,
126 1216 128 1221 ,
155 1208 157 1211 .
239 1142 398 1238 Ξῇἳξᾱξξῧξῗ
411 1157 431 1184 “
449 1157 540 1213 mium
571 1177 658 1232 quam
687 1164 833 1215 conantur
857 1157 1008 1230 sdqairere
1030 1174 1082 1229 per
1110 1155 1259 1229 placitum.
1308 1153 1463 1221 Caeterum,

240 1256 380 1340 moga?
408 1243 428 1269 “
445 1241 563 1317 domine
579 1242 739 1310 karissime,
753 1260 809 1314 quo
827 1240 914 1297 modo
931 1240 1103 1297 auderemus
1119 1239 1168 1296 vel
1184 1256 1332 1311 possemus
1349 1256 1464 1325 causam

410 1325 430 1352 u
450 1326 457 1339 ·
641 1327 647 1340 ·
1042 1325 1049 1338 ·
1143 1324 1149 1336 ·
1182 1322 1189 1335 ⁸
1303 1324 1310 1336 ·

88 1386 89 1389 ‘
148 1464 149 1469 r
240 1345 396 1467 aurbu.
411 1411 430 1437 u
448 1332 667 1466 illm
676 1324 1242 1483 mmm
1250 1340 1465 1465 iffi

410 1493 467 1548 “a
496 1500 621 1565 quatuor
644 1493 830 1566 apostolicis‚¹
851 1511 918 1550 cum
941 1511 1001 1548 non
1024 1493 1111 1549 liceat
1134 1490 1222 1548 elicui
1244 1492 1277 1547 in
1299 1498 1379 1549 terra
1400 1510 1465 1549 ves·

410 1578 429 1605 “
448 1582 495 1634 tm
521 1578 583 1634 sine
606 1576 756 1647 consensu}
772 1584 803 1635 et
826 1579 977 1635 voluntate
1002 1583 1099 1635 vestra
1120 1579 1237 1634 trahere
1261 1576 1380 1648 aliquod
1402 1577 1463 1648 pla-

408 1664 428 1690 “
447 1662 539 1717 citum
556 1681 575 1718 a
591 1663 671 1719 curia
687 1662 831 1718 vestraad
847 1663 991 1719 minorem
1008 1661 1140 1718 curiam?
1174 1661 1270 1728 Unde,
1283 1660 1352 1734 quia
1367 1661 1400 1715 in
1417 1659 1464 1714 his

408 1746 428 1772 “
447 1745 580 1801 videmus
597 1745 715 1801 evidens
726 1745 888 1817 periculum
906 1745 932 1801 si
949 1745 991 1801 sio
1008 1745 1080 1800 fiant
1097 1745 1225 1801 eeclesias
1241 1750 1349 1800 nostras
1365 1743 1463 1801 immi·

409 1829 430 1857 “
448 1846 526 1895 nere,
551 1829 711 1900 majestatis
735 1834 839 1884 vestris
863 1827 985 1901 pedibus
1009 1845 1109 1883 omues
1131 1833 1162 1883 st
1185 1827 1295 1898 singuli
1317 1827 1464 1900 provoluti

409 1913 428 1938 “
447 1929 514 1966 cum
532 1911 660 1966 lacrimis
677 1918 708 1967 et
725 1911 838 1982 gemitu
855 1911 1060 1983 supplicamus,
1081 1911 1216 1982 quatinus
1233 1909 1343 1965 intuitu
1361 1911 1416 1966 Dei
1433 1917 1464 1966 et

408 1996 427 2021 “
445 2000 610 2051 sanctorum
633 1994 760 2050 ecclesiae
785 1993 1017 2051 Gantumiansis'
1033 1993 1142 2050 eisdem
1167 1993 1304 2065 perieulis
1321 2010 1464 2065 praecave·

407 2078 426 2104 “
444 2078 510 2141 atis,
527 2077 682 2133 efficientes
699 2077 724 2132 si
742 2078 837 2150 placet
861 2095 931 2149 erga
951 2066 1102 2132 dominum
1119 2077 1366 2148 archiepiscopum
1384 2082 1418 2132 ut
1435 2078 1464 2133 ei

407 2163 426 2188 ‘⁴
446 2162 569 2217 sufficiat
586 2158 726 2233 quod'tot
746 2161 853 2216 sanctis
876 2161 1098 2232 archiepiscopis
1121 2160 1377 2232 praedecessoribus
1400 2160 1462 2233 ejus

406 2248 426 2275 “
445 2246 590 2302 suffecisse
613 2245 773 2300 dinoscitur
795 2263 814 2300 a
836 2250 967 2317 tempore
991 2262 1049 2316 quo
1071 2244 1109 2300 ad
1127 2243 1375 2301 christianitatem
1397 2263 1462 2317 reg·

405 2331 424 2360 ‘¹
444 2348 516 2385 num
533 2329 651 2401 Angliae
669 2329 727 2385 fuit
744 2347 922 2385 conversum.
959 2329 1072 2387 Valete.

236 2438 372 2534 ffiitkiffio
449 2423 514 2491 His
544 2425 669 2493 auditis
699 2424 873 2511 obstupuit
901 2447 969 2503 rex,
999 2426 1111 2492 subito
1148 2448 1290 2508 cernens,
1320 2436 1361 2496 ut
1391 2438 1462 2499 erat

235 2530 530 2638 fffflllgstffigfflfl
550 2528 702 2615 ingenii,
726 2549 792 2613 qua
828 2528 958 2594 ratione
988 2530 1139 2595 monachi
1177 2532 1371 2614 niterentur,
1401 2558 1462 2603 nee

235 2642 344 2688 anuas
404 2632 560 2719 apposuit
582 2653 680 2718 super
701 2629 765 2695 hoe
786 2652 841 2695 eos
863 2629 972 2696 denuo
994 2631 1177 2700 sollicitare.
1217 2634 1350 2702 Sciebat
1372 2639 1460 2704 euim

320 2790 322 2797 .
404 2740 439 2800 et
461 2732 627 2800 asserebat
648 2754 716 2798 nou
738 2753 807 2797 esse
829 2753 1008 2799 consonum
1031 2734 1161 2813 rationi,
1177 2740 1217 2801 ut
1237 2737 1275 2802 in
1297 2761 1351 2804 eos
1373 2762 1460 2806 com-

403 2837 635 2924 promitterent
671 2833 812 2902 arbitros
850 2857 932 2923 quos
969 2837 1195 2923 experimento
1232 2840 1396 2926 probabili
1425 2849 1460 2910 et

401 2941 525 3027 scripto
548 2939 676 3027 legibili
698 2945 862 3006 noverant
882 2940 1095 3008 adversarios
1142 2942 1348 3030 Scripserant
1369 2949 1458 3014 enim

403 3042 537 3108 domino
566 3064 662 3128 papas
684 3063 744 3128 pro
766 3041 1008 3130 archiepiscopo
1033 3047 1147 3111 eontra
1168 3045 1352 3126 monachos,
1368 3071 1459 3116 men-

402 3143 524 3209 tientes
546 3142 609 3208 sub
630 3142 694 3210 hac
714 3143 837 3208 forma:

234 3248 390 3295 meatorthe
438 3248 457 3272 “
472 3243 661 3301 Reverendo⁸
685 3244 763 3316 patri
787 3250 817 3300 et
844 3243 962 3302 domino
989 3248 1162 3305 Innocentio
1180 3269 1294 3309 summo
1316 3254 1457 3327 pontifici,

231 3300 389 3445 {fi'iffissffi
402 3330 423 3441 :I
442 3327 620 3467 εῐιῶηςυῗὲ
635 3327 854 3467 llantuariengis
872 3329 1000 3466 ecclesia
1019 3333 1164 3431 salutem..
1187 3335 1303 3393 Gratias
1322 3338 1457 3409 agimus⁴

231 3451 379 3553 :aalma
402 3496 421 3524 u
439 3418 587 3560 &iim
601 3411 796 3569 siliis
805 3412 1583 3573 inteltlrtbffilffltsbl

231 3551 370 3596 mmm
399 3578 420 3607 “
439 3578 595 3634 firmandos
607 3595 668 3634 esse
679 3577 822 3650 praedixit.
859 3578 944 3635 Unde
962 3585 1076 3637 etcum
1094 3585 1130 3639 de
1149 3585 1240 3642 bmtoe
1251 3588 1459 3647 recordationis

400 3663 420 3690 “
440 3661 580 3718 Celestiui
597 3679 680 3733 papae
701 3660 782 3716 tertii
806 3661 889 3717 obitu
911 3680 1038 3720 essemus
1061 3670 1232 3738 perturbati,
1252 3675 1457 3746 superveniens
1470 3684 1573 3737 ascha,

399 3746 419 3774 “
439 3746 559 3801 nuntius
576 3744 725 3800 electionis
745 3750 849 3800 vestrm
872 3746 1006 3802 nubilum
1029 3756 1136 3806 nostrae
1159 3753 1289 3811 tristitia
1313 3756 1456 3816 desidera·
1469 3736 1556 3781 Μ

399 3830 418 3856 “
437 3829 537 3884 biliter
554 3826 705 3884 serenavit.
737 3826 806 3881 Non
822 3828 941 3901 reliquit
957 3848 1010 3887 nos
1027 3834 1170 3905 orphanos
1183 3835 1239 3906 Qui
1256 3857 1309 3911 pro
1327 3842 1457 3913 pambus
1470 3844 1562 3891 Parlv.
1568 3847 1603 3894 1⁷.

398 3914 419 3942 “
437 3913 522 3980 filios,
542 3913 599 3982 Qui
617 3912 680 3966 loco
698 3918 863 3967 sanctorum
880 3914 1000 3970 suscitat
1023 3915 1176 3975 Nazareos.
1214 3922 1459 3996 congratulamur
1470 3938 1617 3987 Amnum

398 3997 418 4025 ‘⁴
437 3996 540 4068 gratiae
553 3996 609 4051 Dei
627 3994 683 4064 Qui
694 4012 746 4050 vos
764 4012 782 4049 a
798 3995 957 4068 primitivis
974 3998 1174 4059 adolescentiae
1188 4006 1316 4063 motibus
1334 4009 1376 4064 ita
1393 4029 1458 4066 eru·

399 4080 419 4109 “
437 4081 512 4136 divit
524 4085 553 4135 et
571 4079 741 4135 informavit
757 4079 795 4133 ad
812 4086 902 4136 tantoe
920 4083 1091 4154 mysterium
1109 4086 1270 4158 dignitatis,
1283 4098 1318 4147 ut
1329 4095 1457 4150 ecelesiae

395 4163 620 4235 “incolumitas
637 4168 701 4218 tota
720 4168 787 4234 post
810 4162 905 4218 Deum
929 4164 966 4221 de
984 4172 1088 4223 vestrae
1111 4173 1262 4240 potestatis
1285 4177 1457 4236 auctoritate

396 4248 414 4274 ‘⁴
434 4246 567 4319 pendeat,
587 4252 618 4302 et
636 4262 701 4319 quas
718 4245 751 4300 in
768 4246 913 4318 aliquibus
933 4250 1071 4307 membris
1089 4253 1148 4309 suis
1165 4254 1312 4314 infirmata
1329 4264 1374 4316 est
1402 4263 1456 4319 sub

394 4333 415 4359 ⁴⁴
433 4331 548 4387 adnuo
570 4330 655 4387 noos
685 4330 857 4386 nnooenuo
880 4331 918 4387 au
943 4333 1090 4406 Jususam
1114 4342 1145 4393 es
1167 4304 1454 4404 innocentiam’oon-

401 4489 1453 4529 Μ

951 4594 1101 4727 {papienses
1124 4597 1174 4649 No.
1197 4600 1301 4653 secem
1329 4618 1370 4671 pp.
1388 4611 1455 4658 420-

983 4756 1114 4828 ⁴opimus]
1128 4773 1243 4827 agamus,
1257 4759 1287 4816 0.

426 4628 436 4663 ¹
447 4626 605 4695 apostolicis]
619 4625 689 4692 uiris,
698 4625 745 4677 ius.
757 4627 789 4678 B.

424 4723 436 4757 ²
449 4719 652 4788 Quadam]
666 4736 717 4773 om.
729 4719 761 4773 C.

423 4816 435 4850 ⁸
446 4813 605 4882 Reuerendo]
634 4813 683 4868 See
693 4811 818 4881 spatula
829 4812 898 4870 cm-
