3588 5740
414 879 480 946 532
629 893 792 946 eravasn
813 891 974 945 narrem
996 892 1272 946 eanresmmrsrs

775 1135 1102 1204 Menova-xlx

262 1294 387 1416 ἓξὲξ
460 1282 697 1353 Convenerunt
717 1308 809 1374 reges
836 1288 879 1352 ad
904 1286 1106 1373 colloquium
1128 1305 1229 1352 causa
1252 1284 1344 1372 pacis
1369 1283 1469 1350 refor-

246 1393 388 1469 amaen'
414 1387 545 1454 mandae
567 1389 653 1456 eirea
676 1388 945 1457 Prnifieationem
967 1388 1058 1476 apud
1079 1387 1146 1467 —,¹
1168 1395 1204 1454 et
1216 1388 1360 1455 indueiae
1383 1387 1470 1452 datae

245 1474 572 1576 mffllmlmnerutrinque
593 1490 638 1556 ad
659 1491 784 1557 festum
807 1491 923 1557 Sancti
944 1490 1109 1557 Johannis
1123 1490 1294 1577 Baptistae.
1341 1487 1472 1554 Convo-

413 1592 481 1656 eati
503 1597 584 1657 sunt
606 1593 736 1660 interea
756 1594 913 1679 utrinque
939 1592 1063 1657 milites
1078 1597 1113 1658 et
1126 1592 1255 1678 pedites
1280 1591 1411 1678 copiosi,
1435 1595 1471 1655 et

245 1730 348 1776 mm
413 1716 474 1760 rex
487 1695 621 1783 Angliae
644 1696 774 1762 obsedit
789 1703 824 1762 et
843 1696 932 1781 oepit
946 1694 1170 1773 Nunancurt,a
1191 1700 1226 1760 et
1239 1716 1300 1760 rex
1322 1694 1470 1759 Franciae

246 1782 340 1876 iffi.
414 1798 544 1865 obsedit
572 1795 794 1865 Aubemarle.³
837 1797 983 1863 Arturus
1012 1802 1126 1863 autern
1156 1818 1259 1884 nepos
1289 1796 1376 1883 regis
1397 1796 1469 1860 An-

244 1886 326 1994 fflss
413 1900 500 1987 glise,
525 1922 633 1968 eomes
656 1907 769 1969 tamen
790 1900 983 1979 Britanniae,
1008 1921 1084 1967 eum
1109 1900 1241 1966 videret
1262 1921 1373 1988 regem
1398 1900 1470 1964 An·

245 1985 350 2082 iffi
412 2003 489 2090 gliae
519 2003 557 2069 in
585 2009 659 2071 arto
688 2004 834 2091 positum
866 2026 909 2069 ex
942 2002 1157 2069 infestatione
1190 2003 1278 2090 regis
1311 2002 1470 2079 handle,

412 2105 626 2173 familiarium
656 2128 790 2173 suorum
820 2111 856 2171 et
883 2106 1114 2192 imperitorum
1144 2106 1300 2172 seductus
1332 2105 1469 2172 oonsilio

246 2260 289 2305 me
413 2208 516 2294 coepit
548 2208 714 2288 rebellare,
747 2214 782 2274 et
812 2208 856 2274 ab
889 2207 1049 2275 avunculi
1087 2194 1307 2286 suisRieardi
1345 2208 1471 2274 seilicet

244 2258 403 2408 hafflig?
413 2309 675 2399 regis⁴Angliae,
692 2334 727 2377 se
753 2311 922 2377 subtraxit
946 2311 1092 2378 arbitrio.
1139 2310 1223 2378 Haec
1244 2310 1384 2377 audiens
1410 2331 1470 2374 rex

244 2414 377 2507 piatur,
414 2412 638 2480 dissimulavit
658 2413 703 2480 ad
724 2419 863 2501 tempus,
890 2413 1033 2500 pueriles
1059 2412 1174 2479 volens
1197 2412 1343 2500 experiri
1372 2434 1469 2479 eona·

245 2476 363 2568 ΒΜ·
413 2519 477 2581 tua
515 2515 644 2582 Deinde
665 2538 740 2583 eum
756 2516 904 2582 exercitu
924 2515 1066 2581 intravit
1084 2514 1307 2593 Britanniam,
1320 2520 1355 2580 et
1376 2514 1470 2579 nullo

413 2617 596 2695 resistente,
623 2618 826 2705 diffirgerant
854 2618 943 2683 enim
973 2639 1042 2683 una
1071 2638 1147 2683 eum
1173 2617 1308 2695 Arturo,
1336 2623 1376 2682 ut
1406 2616 1469 2682 sibi

413 2720 541 2807 placuit
563 2721 674 2786 omnia
695 2720 852 2786 vastavit
898 2720 973 2784 Rex
995 2725 1108 2785 autem
1132 2719 1170 2782 in
1191 2718 1295 2797 brevi,
1311 2719 1349 2783 in
1375 2723 1469 2805 parte

413 2821 558 2909 plurima
580 2827 713 2889 vastata
728 2821 914 2900 Britannia,
929 2820 1132 2888 Francorum
1154 2821 1305 2887 irritatus
1326 2841 1469 2896 excessu,

413 2924 514 2990 rediit
544 2925 582 2988 in
612 2925 861 2990 Normanniam.
907 2923 1032 2989 Verum
1062 2946 1139 2991 eum
1170 2945 1262 3011 reges
1294 2923 1470 3011 campestri

412 3048 525 3114 pugna
547 3027 612 3093 sibi
633 3028 821 3093 adinvicem
851 3026 1067 3093 formidarent
1090 3048 1267 3106 occurrere,
1290 3028 1327 3092 in
1348 3026 1470 3113 praedis

413 3135 450 3195 et
477 3129 639 3196 incendiis
672 3128 913 3198 commilitones
951 3151 1028 3195 suos
1065 3130 1271 3195 exercebant
1325 3127 1471 3196 (laetalia

414 3251 545 3317 quoque
575 3233 612 3296 vi
638 3230 694 3297 vel
719 3230 836 3297 fraude
866 3251 957 3297 nunc
985 3230 1065 3298 hinc
1091 3252 1181 3298 nune
1206 3231 1285 3297 inde
1314 3231 1469 3318 surripie-

413 3334 505 3400 bant.

248 3482 403 3528 „imm
461 3438 545 3504 Orta
568 3443 620 3504 est
645 3437 773 3503 interea
798 3438 918 3504 seditio
941 3438 1086 3525 pessima
1110 3437 1312 3505 incivitate
1338 3438 1470 3504 Lundo-

245 3531 366 3637 gfff
415 3540 523 3606 niensi
549 3562 610 3627 per
633 3540 799 3626 quendam
829 3540 1107 3607 homuncionem⁵
1125 3540 1364 3627 pauperculum
1387 3539 1471 3605 Wil-

246 3636 387 3737 Rggflgm
415 3643 553 3708 lelmum
567 3643 710 3721 nomine,
726 3642 816 3727 quod
829 3642 937 3728 pudor
951 3648 1002 3708 est
1017 3643 1145 3709 referre.
1191 3643 1274 3709 Erat
1288 3643 1377 3710 enim
1392 3643 1471 3709 licet

246 3736 356 3781 ΨΜ
415 3738 676 3832 contemptibilis
698 3745 804 3811 forma
824 3745 1121 3831 eloquentissimus,
1149 3751 1184 3812 et
1205 3746 1326 3835 vulgus
1348 3747 1470 3834 inperi-

413 3853 489 3914 tum
511 3849 549 3912 in
570 3853 701 3915 tantam
723 3847 927 3934 produxerat
948 3849 1165 3936 pertinaciam
1191 3855 1232 3915 ut
1258 3870 1334 3915 eum
1356 3856 1472 3916 contra

414 3953 538 4037 primos
560 3952 709 4018 civitatis
732 3952 768 4016 in
790 3952 944 4018 omnibus
965 3952 1127 4019 haberent
1151 3952 1357 4031 advocatum,
1384 3953 1470 4039 ejus·

414 4072 480 4141 que
506 4054 612 4141 magis
638 4053 812 4121 obedirent
837 4054 975 4141 imperio
1002 4077 1103 4140 quam
1127 4055 1299 4121 Lundanae
1323 4056 1471 4122 civitatis

414 4156 577 4243 praefeeto.
622 4156 723 4223 Unde
745 4156 870 4223 fastum
894 4162 946 4224 est
971 4161 1011 4221 ut
1033 4179 1146 4223 omnes
1172 4158 1360 4225 adinvicem
1382 4160 1470 4225 cives

415 4261 528 4326 dolum
558 4265 593 4326 et
623 4261 810 4346 nequitiam
840 4261 1033 4347 cogitarent,
1060 4265 1100 4325 ut
1123 4261 1295 4327 subversio
1323 4262 1472 4329 civitatis

410 4364 482 4449 jam
494 4364 632 4450 jamque
646 4363 819 4428 videretur
831 4363 1011 4429 imminere.
1056 4361 1121 4429 Die
1144 4369 1179 4429 et
1193 4368 1289 4430 noete
1304 4386 1339 4430 se
1354 4370 1389 4431 et
1411 4387 1472 4432 sua

449 4614 586 4683 1<ι])ιιᾰ-]
596 4614 675 4667 blank
683 4614 711 4664 in
722 4615 758 4666 Α.
767 4615 881 4676 B.;om.
889 4614 920 4667 C.
1000 4614 1103 4687 *ταφῇ
1118 4630 1170 4667 om.
1180 4615 1217 4667 Δ.
1227 4616 1259 4667 Β.

448 4693 639 4761 'Nasonem-t]
676 4692 839 4757 Numincurt,
868 4695 921 4757 B.;
1001 4692 1216 4762 ‘bonumeam
1235 4695 1331 4748 altered
1347 4701 1375 4748 to
1392 4694 1469 4747 tone-

415 4774 594 4839 Numineoort,
605 4775 652 4835 c.;
669 4776 887 4837 Nununtcurm
968 4774 1107 4825 mind.
1119 4775 1213 4826 andB.

449 4856 460 4889 ⁸
471 4854 634 4923 Antenoris]
641 4855 882 4918 stammana.
890 4856 921 4909 Ο,
