3628 5728
414 864 481 929 494
615 880 778 929 oaavssrr
801 880 961 929 uouscsr
985 880 1258 930 murnsnrmrsrs

312 1116 316 1126 .
377 1115 382 1127 .
416 1070 433 1095 ‘⁴
453 1068 564 1124 dictum
589 1067 783 1124 venerabilem
807 1068 916 1124 Montis
937 1068 1056 1139 Regalis
1075 1068 1325 1141 arehiepiscopum
1346 1070 1377 1124 in
1398 1087 1468 1142 pon·

359 1167 365 1178 ·
416 1154 434 1178 “
454 1151 562 1206 tificem
594 1157 723 1207 vestrum
756 1151 912 1222 benignius
942 1152 1099 1222 recipiatis,
1129 1152 1160 1206 in
1191 1153 1348 1209 adventum
1381 1171 1467 1209 suum

415 1235 632 1290 “unanimiter
653 1235 814 1306 gaudeatis,
838 1241 872 1291 ut
890 1235 959 1290 indo
979 1236 1060 1290 vobis
1080 1234 1118 1290 ad
1137 1237 1298 1307 gratiarum
1315 1242 1468 1293 teneamur

417 1324 434 1347 ‘⁶
455 1320 592 1384 actiones,
610 1326 641 1375 at
658 1325 764 1375 vestrm
788 1320 917 1376 ecclesias
940 1320 1044 1374 honori
1069 1324 1099 1374 ot
1117 1320 1240 1375 utilitati
1261 1320 1418 1392 benignius
1437 1328 1468 1377 et

333 1428 339 1440 ·
416 1406 434 1430 ‘⁶
454 1404 626 1475 diligentius
651 1410 801 1459 teneamur
824 1403 986 1476 providere.
1024 1402 1161 1458 'Postibus
1184 1403 1267 1459 nobis
1294 1405 1365 1477 ipsis
1389 1405 1467 1477 apud

416 1489 434 1514 “
454 1488 618 1542 Messanam
636 1488 723 1542 xx⁰v‘⁰
741 1486 788 1542 (lie
807 1486 827 1541 J
828 1486 969 1542 aunarii.’'

245 1582 383 1677 ffffiffllffl
460 1571 523 1636 His
546 1572 649 1658 igitur
671 1571 795 1636 auditis
818 1569 948 1647 litteris,
971 1568 1169 1655 subjunxit¹
1183 1569 1314 1656 legatus
1337 1570 1377 1636 de
1393 1592 1466 1657 pro·

244 1684 374 1777 pmcn
414 1673 520 1738 bitate
536 1672 600 1736 viri
623 1671 850 1737 admirabilem
865 1671 1192 1749 commendationem,
1207 1692 1245 1737 ae
1260 1673 1290 1737 si
1313 1671 1466 1739 monachi

245 1775 589 1884 ggtffidpraefatum
619 1774 899 1860 archiepiscopum
930 1774 1151 1839 incontinenti
1176 1779 1286 1839 essem
1307 1774 1467 1841 electuri²

245 1886 401 1946 moraeque
415 1878 480 1943 Sed
503 1877 655 1942 monachi
677 1876 833 1963 prudenti
859 1875 965 1964 petita
987 1882 1022 1941 et
1044 1880 1179 1961 accepta
1201 1875 1369 1954 dilatione,
1392 1883 1467 1964 post

245 1936 393 2030 limum
414 1979 483 2044 dies
506 1979 634 2065 aliquot
655 1979 692 2042 in
716 1983 882 2044 conventu
908 1977 1133 2064 episcoporum
1156 1983 1191 2043 et
1212 1999 1384 2064 procerum
1408 1981 1466 2066 qui

246 2036 342 2091 'um'
414 2084 456 2148 ob
489 2083 575 2148 hanc
608 2102 739 2148 causam
776 2080 866 2167 apud
900 2079 1199 2167 Norbamptoniarn
1233 2088 1465 2160 convenerant,

413 2185 602 2272 hujusmodi
625 2185 787 2250 dederunt
809 2205 1019 2270 responsum:
1039 2183 1184 2249 “Nostis
1207 2205 1319 2250 omnes
1341 2189 1377 2250 et
1398 2185 1465 2250 sin-

414 2298 430 2324 “
453 2287 531 2375 guli,
556 2288 726 2354 dominum
756 2293 907 2353 nostrum
938 2285 1169 2350 Baldewinum
1194 2284 1465 2352 (lantuariensem

414 2400 430 2426 “
453 2390 742 2477 archiepiscopum,
772 2411 848 2456 cum
884 2388 949 2452 iter
986 2388 1261 2474 peregrinationis
1298 2390 1465 2477 arriperet,

414 2506 430 2531 “
453 2493 535 2582 pro³
557 2517 600 2572 se,
619 2514 679 2580 pro
702 2492 835 2559 ecclesia
859 2489 1091 2557 Oantuariensi
1114 2496 1149 2556 et
1171 2490 1261 2555 omni
1279 2491 1356 2577 jure
1379 2493 1465 2579 ejus-

414 2608 431 2634 “
456 2599 540 2675 dem,
555 2597 665 2663 sedem
688 2594 901 2681 apostolicam
916 2592 1105 2679 appellasse.
1152 2593 1251 2659 Nunc
1273 2601 1385 2660 autem
1408 2618 1465 2683 pe-

414 2710 431 2736 “
454 2701 531 2767 titio
547 2699 698 2786 quaedam
721 2698 778 2763 sed
800 2696 943 2784 grandia,
961 2694 1039 2780 quia
1061 2694 1124 2759 sub
1145 2696 1278 2760 nomine
1300 2702 1335 2761 et
1357 2697 1466 2783 sigillo

414 2813 431 2838 “
455 2803 551 2890 regio,
574 2801 669 2867 nobis
700 2799 881 2887 porrigitur
906 2798 948 2862 de
975 2796 1118 2882 quodam
1144 2796 1258 2883 ignoto
1289 2804 1323 2862 et
1348 2798 1466 2865 alienae

414 2904 598 2991 “regionis
627 2901 870 2987 archiepiscopo
894 2898 1053 2985 eligendo,
1077 2919 1152 2964 cum
1176 2898 1216 2964 de
1243 2899 1337 2965 obitu
1360 2902 1465 2966 nostri

414 3016 431 3042 “
453 3005 687 3092 archiepiscopi
710 3005 813 3069 simus
836 3003 960 3068 incerti.
1008 3001 1152 3088 Ideoque
1177 3002 1308 3088 justum
1331 3004 1467 3070 videtur

414 3117 430 3143 “
455 3115 489 3174 et
514 3128 693 3173 consonum
718 3105 841 3171 rationi
867 3102 929 3168 ut*
957 3124 1102 3189 praesens
1131 3105 1303 3190 negotium
1334 3106 1465 3172 differa-

413 3221 431 3248 “
453 3218 516 3289 tur,
548 3231 716 3296 quousque
747 3208 787 3274 de
818 3208 912 3274 obitu
950 3207 1054 3271 nostri
1093 3206 1335 3295 archiepiscopi,
1367 3231 1463 3296 quem

414 3324 432 3349 “
453 3314 562 3380 adhuc
589 3317 746 3399 putamus
775 3310 895 3386 vivere,
918 3308 1072 3374 certiores
1103 3307 1290 3388 efficiamur,
1315 3310 1465 3376 neforto

414 3426 430 3453 “
454 3418 495 3484 de
525 3416 630 3502 ipsius
667 3414 760 3479 exitu
793 3412 836 3477 ab
874 3410 1037 3497 imperitis
1074 3411 1235 3497 gratulari
1266 3412 1465 3479 videanrur.''

245 3537 384 3632 mugla&
414 3521 616 3587 Institerunt
646 3518 749 3605 igitur
782 3514 918 3603 plurimi
948 3519 983 3579 et
1013 3513 1111 3599 primi
1144 3514 1237 3600 regni
1268 3515 1465 3582 auctoritate

244 3639 376 3700 sanorem
413 3626 512 3711 regia,
544 3628 583 3688 ut
616 3620 776 3708 praeiatus
811 3617 935 3684 Montis
968 3615 1100 3702 Regalis
1130 3617 1391 3704 archiepiscopus
1421 3620 1465 3685 ad

245 3689 368 3784 iiiiiieii·
413 3734 534 3793 nutum
569 3724 655 3812 regis
688 3745 709 3789 a
742 3720 911 3787 monachis
949 3718 1244 3785 Cantuariensibus
1281 3716 1463 3808 eligeretur.

414 3830 481 3897 Sed
504 3851 579 3896 eum
602 3826 695 3892 nulla
716 3821 932 3912 proficerent³
959 3822 1096 3900 ratione,
1119 3822 1254 3889 tandem
1277 3845 1351 3890 cum
1382 3827 1465 3892 dila·

413 3934 503 3998 tione
534 3928 734 4015 competenti
764 3924 960 3992 coadunatio
987 3924 1045 3990 illa
1071 3924 1232 3991 dissoluta
1256 3932 1313 4004 est,
1338 3933 1372 3992 et
1395 3929 1463 3992 sin-

414 4034 485 4122 guli
512 4033 548 4098 in
586 4053 647 4097 sua
675 4030 853 4095 redierunt.
899 4028 1123 4094 Conferebaut
1159 4028 1287 4095 interea
1317 4028 1463 4096 Cantus·

413 4136 530 4203 riensis
553 4134 696 4201 ecclesiae
722 4131 873 4199 monachi
905 4153 980 4196 cum
1012 4130 1210 4217 quibusdam
1241 4131 1401 4219 episcopis
1430 4139 1465 4200 et

412 4240 527 4306 amicis
553 4237 705 4315 eeclesiae,
736 4234 817 4322 quid
844 4234 884 4299 de
910 4232 1071 4320 petitione
1097 4233 1187 4320 regia
1214 4234 1254 4299 de
1276 4235 1353 4320 jure
1379 4243 1465 4302 esset

413 4341 608 4408 faciendum.
653 4338 702 4403 At
724 4337 774 4402 illi
797 4337 962 4414 dixerunt,
985 4356 1020 4400 se
1041 4356 1109 4400 non
1131 4334 1274 4401 auderel
1295 4355 1356 4402 nec
1378 4336 1464 4403 velle

413 4468 512 4533 super
540 4440 731 4529 hujusmodi
761 4462 796 4506 re
827 4440 904 4505 dare
935 4437 1117 4515 consilium,
1140 4442 1275 4524 propter
1304 4440 1463 4524 quosdam

448 4699 455 4731 ¹
468 4690 609 4762 saljada]
623 4692 769 4751 subnexuit,
782 4695 812 4743 B.
998 4689 1062 4756 6ιιι]
1077 4696 1103 4739 et
1114 4696 1150 4750 ut,
1162 4690 1196 4740 A.
1208 4689 1240 4740 B.

446 4774 585 4840 latrem]
600 4773 738 4833 collecturi,
750 4773 779 4823 C.
998 4768 1181 4834 ‘proficerem
1196 4769 1323 4833 proderet,
1334 4769 1364 4819 B.

448 4855 532 4924 ⁸pro]
546 4853 622 4919 quod,
633 4853 668 4903 A.
681 4853 712 4902 B.
938 4862 946 4903 ι
997 4846 1123 4914 ‘anderu
1138 4848 1236 4911 saffira,
1249 4849 1283 4900 L
1296 4850 1327 4899 B.
