3572 5744
385 876 429 943 76
586 891 747 941 oaavssn
769 890 930 942 mousom
952 892 1225 943 caaruaamnsrs

216 1093 341 1188 m,
385 1085 403 1112 “
426 1080 570 1145 tumacia
593 1102 654 1144 sua
684 1080 880 1167 condignam
906 1081 1056 1145 subirent
1077 1080 1268 1146 vindictam.
1322 1078 1436 1146 Cessa-

195 1156 347 1261 ⁵torrilias·
386 1188 403 1215 “
425 1188 547 1247 verunt
573 1183 685 1268 itaque
712 1182 904 1248 obedienter
930 1189 1091 1269 quantum
1115 1188 1332 1249 cantaverant
1360 1205 1436 1249 con·

386 1291 401 1317 “
426 1284 610 1361 tumaciter,
626 1307 647 1349 a
662 1283 743 1369 iiijto
767 1284 894 1350 scilicet
917 1285 992 1350 idus
1017 1285 1130 1351 Martii
1146 1307 1250 1371 usque
1274 1284 1434 1350 kalendas

385 1388 577 1473 “Augusti
617 1387 928 1453 Excommunicavit
951 1393 1064 1453 autem
1089 1386 1292 1452 Willelmum
1314 1386 1436 1452 Diabe

385 1497 401 1522 “
423 1489 493 1553 lum
524 1490 653 1555 abbatis
683 1496 847 1576 nepotem,
878 1498 913 1556 et
942 1490 1107 1577 quendam
1139 1490 1345 1569 silvestrum,
1378 1491 1436 1576 qui

384 1599 400 1624 “
424 1591 527 1656 totius
565 1591 737 1656 discordia
774 1591 908 1658 fuerant
938 1592 1130 1658 incentores.
1184 1591 1297 1658 Abbas
1322 1597 1436 1658 autem

383 1703 399 1726 ‘⁴
423 1693 524 1780 Hugo
555 1693 720 1759 Willelmo
749 1694 863 1779 nepoti
894 1716 954 1759 suo
981 1695 1180 1781 imprecatus
1210 1700 1269 1772 est
1297 1700 1336 1760 ut
1359 1716 1435 1761 cum

321 1786 325 1793 ’
383 1804 401 1830 “
423 1795 535 1862 Datan
551 1801 586 1862 et
611 1796 739 1861 Abiron
763 1796 985 1884 participaret,
1011 1818 1049 1862 eo
1075 1796 1162 1883 quod
1189 1797 1298 1883 ipsum
1322 1803 1437 1863 eontra

383 1908 399 1931 “
422 1904 561 1964 matrem
592 1898 759 1965 ecclesiam
796 1899 1068 1965 Cantuariensem
1107 1898 1283 1966 incitasset.
1355 1899 1437 1980 Quae

383 2010 399 2034 “
423 2001 610 2067 maledictio
634 2002 699 2087 ipsi
721 2000 889 2067 Willelmo
914 2024 983 2068 non
997 2003 1096 2068 cessit
1118 2003 1154 2066 in
1169 2023 1300 2068 vanum
1347 2002 1436 2068 Nam

224 2170 239 2198 a
256 2107 363 2201 &¹¹1⁰ss
384 2114 400 2138 “
422 2112 498 2190 post
523 2126 627 2171 annos
651 2104 817 2190 plurimos,
843 2127 919 2170 cum
944 2106 1032 2171 idem
1056 2105 1243 2171 Willelmus
1265 2111 1379 2194 ageret
1399 2107 1436 2170 in

246 2209 278 2302 ivi
384 2215 400 2241 “
423 2207 591 2284 extremis,
627 2206 803 2272 tormentis
840 2206 992 2294 pluribus
1017 2208 1154 2273 affectus
1178 2213 1236 2273 est.
1293 2208 1435 2273 Imauus

384 2318 400 2343 “
411 2308 512 2373 'enim
536 2308 652 2386 factus,
667 2329 757 2374 nunc
783 2309 827 2374 ad
853 2310 993 2375 formam
1019 2310 1114 2397 puen'
1129 2308 1386 2375 contrahebatur
1399 2310 1436 2374 in

384 2420 402 2446 “
423 2432 559 2498 speram,
590 2433 680 2507 nunc
709 2416 822 2477 autem
853 2412 943 2478 ultra
983 2411 1164 2478 humanam
1194 2411 1336 2500 effigiem
1369 2412 1436 2477 dis·

384 2524 400 2549 “
423 2515 640 2595 tendebatur3
672 2536 762 2580 nune
785 2514 871 2582 oculi
903 2515 975 2600 ejus
999 2515 1139 2600 parvuli,
1161 2536 1251 2581 nunc
1273 2515 1436 2602 promine-

385 2626 401 2651 “
423 2617 505 2683 bant
528 2622 567 2683 ut
589 2617 685 2683 tauri.
732 2616 815 2683 Haec
836 2622 871 2681 et
893 2616 960 2682 alia
982 2616 1073 2682 dictu
1096 2615 1243 2683 difficilia
1259 2617 1346 2683 circa
1361 2639 1436 2683 eum

384 2729 401 2752 ‘⁴
424 2719 670 2806 contingebant.
695 2717 800 2811 ‘Haec
830 2718 953 2784 idcirco
976 2718 1132 2796 diximus,
1155 2719 1235 2804 quia
1268 2740 1327 2805 per
1348 2719 1437 2786 hunc
1462 2804 1467 2815 ¹

384 2829 401 2854 ‘⁴
425 2821 627 2886 Willelmum
665 2820 811 2905 aliosque
851 2820 1011 2907 plurimos
1049 2820 1224 2886 manifesto
1261 2820 1436 2888 didicimus

384 2931 401 2957 “
424 2924 627 3001 documento,
642 2922 807 2988 neminem
830 2923 966 3010 impune
982 2922 1253 2990 cantuariensem
1268 2923 1436 2991 eeclesiam

340 3064 347 3078 ·
384 3026 547 3113 “injuste
570 3023 773 3112 impugnare.

429 3130 548 3194 “Post
576 3130 705 3194 obitum
737 3128 890 3214 Hugonis
923 3128 1062 3207 abbatis,
1092 3129 1137 3194 ad
1169 3129 1339 3197 abbatiam
1371 3129 1435 3196 Sil·

394 3238 534 3297 ‘vestro
572 3231 682 3308 electo,
721 3230 808 3296 idem
848 3230 1009 3296 Silvester
1046 3226 1307 3298 benedictionem
1338 3235 1437 3320 petiit

423 3357 444 3399 a
481 3332 691 3408 Theodbaldo
734 3332 985 3419 archiepiscopo,
1024 3333 1081 3398 sed
1127 3335 1273 3420 profiteri
1319 3336 1434 3400 noluit

384 3445 401 3470 “
424 3436 566 3502 Nolente
601 3442 713 3502 autem
744 3434 998 3521 archiepiscopo·
1022 3458 1114 3513 eum,
1131 3436 1203 3501 sine
1236 3437 1435 3523 professione

332 3610 370 3641 m
422 3545 537 3606 contra
574 3561 697 3605 morem
742 3539 956 3624 antiquorum
1001 3538 1201 3618 benedicere,
1248 3540 1434 3628 Eugenium

383 3651 541 3729 “papam
578 3642 671 3719 adiit,
702 3641 830 3707 litteras
865 3642 1058 3728 impetravit
1097 3648 1136 3707 ut
1165 3664 1242 3708 eum
1274 3643 1434 3729 arehiepi-

382 3754 399 3780 “
421 3767 538 3831 scopus
568 3745 604 3810 in
636 3744 771 3811 ecclesia
802 3765 863 3810 sua
892 3744 964 3809 sine
991 3744 1189 3832 professione
1221 3746 1434 3812 benediceret.

382 3860 397 3883 “
423 3849 519 3930 Quod
534 3854 568 3914 et
590 3850 714 3914 factum
737 3852 795 3914 est
842 3846 912 3912 Iste
927 3846 1088 3913 Silvester
1101 3848 1228 3934 primus
1249 3848 1287 3913 in
1301 3848 1436 3915 ecclesia

382 3961 397 3986 “
421 3974 482 4017 sua
496 3952 568 4017 sine
591 3950 791 4037 professione
814 3948 1007 4017 benedictus
1029 3954 1088 4028 est,
1111 3972 1171 4016 nec
1192 3950 1296 4016 alium
1316 3957 1436 4038 prseter

382 4063 398 4089 “
421 4055 524 4119 istum
547 4054 699 4119 invenire
722 4054 797 4139 quis
820 4053 952 4138 poterit,
975 4053 1032 4138 qui
1055 4053 1145 4139 apud
1176 4053 1336 4119 Sanctum
1364 4054 1436 4118 Au-

382 4168 398 4192 “
420 4158 592 4245 guatinum
615 4156 808 4222 benedictus
823 4155 869 4219 sit
892 4154 947 4221 vel
974 4155 1207 4241 professionem
1222 4177 1291 4221 non
1312 4156 1434 4222 feeerit.

383 4270 398 4295 “
421 4261 588 4326 Defuncto
620 4258 777 4346 Eugenio,
801 4258 958 4323 successit
989 4258 1194 4325 Anastasius.
1242 4258 1308 4340 Qui
1330 4259 1436 4325 sciens

383 4362 609 4449 “Eugenium
640 4368 757 4427 contra
794 4360 1068 4426 cantuariensem
1106 4361 1275 4427 ecclesiam
1311 4361 1435 4448 injuste

383 4466 652 4553 “pronuntiasse
684 4464 825 4549 indeque
858 4463 1006 4549 graviter
1037 4465 1239 4554 paenituisse,
1272 4465 1365 4530 dedit
1399 4466 1435 4530 in

422 4571 587 4636 mandatis
618 4569 778 4633 Silvestre
808 4568 922 4632 abbati
955 4568 1111 4652 quatinus
1145 4569 1282 4634 eandem
1312 4570 1434 4656 profes-

263 4656 298 4735 ὀυ
382 4682 399 4709 “
422 4673 546 4738 sionem
572 4671 694 4737 faceret
721 4668 933 4735 Theodboldo
960 4668 1210 4757 archiepiscopo,
1234 4693 1334 4757 quam
1361 4694 1435 4738 con·

382 4781 526 4841 “staret
562 4773 625 4838 sibi
664 4772 913 4859 praedecessores
952 4793 1027 4837 suos
1058 4772 1178 4838 fecisse.
1234 4774 1433 4861 Appellantc

383 4888 399 4913 “
423 4878 591 4952 Silvestro,
607 4874 738 4961 scripsit
753 4875 782 4940 ei
806 4875 842 4940 in
858 4872 994 4941 eandem
1010 4875 1149 4943 formam
1164 4898 1252 4964 papa
1265 4877 1433 4944 Adrianus
