3572 5744
719 781 831 833 ornus
853 783 1044 834 maronica
1358 766 1401 836 57

346 979 364 1004 “
387 972 573 1049 auctoritas,
596 995 639 1038 ne
661 973 819 1041 Romanae
848 976 962 1063 gloriae
986 974 1148 1039 insultent
1170 973 1325 1059 imperiti,
1348 972 1402 1037 vel
1421 966 1565 1061 Ἢξξῑ*

347 1080 365 1105 “
387 1073 542 1158 peccandi
573 1081 706 1141 sumant
735 1077 906 1144 audaciam
941 1081 1137 1164 arrogantes.
1186 1074 1273 1155 Quis
1301 1074 1403 1161 pesti·
1414 1068 1566 1171 ,ξζξὲζίῗ

229 1222 236 1233 .
264 1188 270 1198 ·
296 1222 303 1241 .
348 1184 365 1209 “
388 1175 476 1240 lente
509 1177 675 1263 flagellato
704 1179 828 1245 stultus
857 1180 1037 1266 sapientior
1066 1178 1231 1245 efficietur
1277 1177 1516 1242 Verum*
1414 1219 1508 1264 meu

348 1286 365 1311 “
388 1278 467 1363 quia
489 1278 610 1345 litteras
633 1286 752 1347 vestrae
782 1282 916 1348 domino
945 1274 1188 1368 archiepiscopo
1218 1301 1278 1367 pro
1308 1279 1444 1365 nobisbo
1414 1270 1555 1322 ‘'⁰¹¹¹’”¹¹¹⁰¹'

348 1388 366 1413 “
388 1379 519 1447 directae
553 1381 736 1467 quamlibet
766 1384 1022 1450 commonitoriae
1053 1383 1107 1448 vel
1140 1386 1294 1469 urgentes
1326 1381 1402 1459 sint,
1414 1323 1535 1468 pamm

347 1482 629 1571 “archiepiscopo
658 1491 771 1552 tamen
802 1487 884 1552 odeo
915 1494 995 1552 sunt
1025 1484 1290 1571 contemptibles,
1308 1433 1472 1549 nobisaev·

347 1593 365 1618 “
387 1591 500 1651 sutem
521 1586 664 1665 inutiles,
688 1595 728 1653 ut
756 1589 799 1654 ad
829 1589 961 1676 singula
985 1588 1145 1655 mandata
1167 1592 1279 1653 vestra
1307 1587 1403 1653 novis

347 1692 423 1752 “et
452 1688 625 1772 exquisitis
662 1689 843 1756 afficiamur
871 1690 1002 1777 injuriis
1014 1714 1023 1770 ;
1055 1690 1124 1756 alia
1152 1689 1180 1754 si
1208 1689 1319 1775 placet
1347 1688 1404 1754 via

348 1787 603 1875 “alloquendus
629 1796 686 1857 est
733 1791 897 1858 Praeterea
926 1797 1072 1879 potestas
1101 1790 1338 1878 archiepiscopi
1367 1790 1404 1855 in

348 1901 365 1925 “
387 1891 580 1980 Anglicanis
601 1894 753 1980 partibus
775 1917 818 1961 ex
839 1917 999 1961 consensu
1021 1896 1108 1982 regis
1129 1900 1201 1960 tam
1226 1915 1347 1981 magna
1368 1898 1404 1958 et

347 2002 365 2028 “
388 2000 459 2059 tam
487 1995 707 2061 formidabilis
743 2002 803 2075 est,
825 1997 908 2063 ut
897 2020 934 2062 rn
970 2003 1044 2064 tota
1071 1996 1196 2115 Anglia
1224 1995 1404 2083 cujuslibet

347 2097 511 2162 “ordinis
544 2098 599 2163 vel
629 2098 804 2186 dignitatis
841 2121 980 2186 persona
1008 2101 1151 2166 inveniri
1184 2121 1252 2165 non
1283 2097 1460 2165 33133111
1393 2108 1555 2209 ,3133pr

347 2207 364 2232 “
387 2200 444 2286 qui
467 2205 587 2287 praeter
607 2199 701 2288 ejus¹
730 2202 972 2289 beneplacitum
994 2203 1112 2268 vestris
1141 2202 1264 2269 audeat
1285 2201 1375 2267 vel
1366 2222 1498 2313 mgregp

347 2309 364 2334 ‘⁴
387 2302 514 2370 modico
536 2303 669 2370 obedire
695 2304 868 2383 mandatis,
891 2306 1034 2372 maxims
1064 2306 1101 2369 in
1131 2326 1230 2371 eausa
1255 2302 1401 2369 Cantus·

348 2404 503 2469 “nensis
533 2405 685 2484 ecclesiae,
715 2427 815 2491 quam
848 2411 889 2471 ut
917 2407 1071 2472 omnibus
1100 2406 1202 2473 etiam
1232 2403 1332 2492 lippis
1362 2405 1401 2469 li·

347 2507 525 2592 “quidum
555 2513 615 2586 est,
648 2508 822 2574 manifeste
859 2514 996 2575 conatur
1025 2480 1180 2575 evertere.
1226 2507 1299 2574 Nec
1327 2507 1401 2585 alia,

346 2616 366 2643 “
387 2610 483 2675 novit
519 2609 610 2676 Deus
647 2616 682 2676 et
718 2611 871 2690 mundus,
901 2616 1006 2678 tantae
1038 2591 1274 2698 persecutionis
1303 2631 1402 2676 33333

346 2719 365 2744 “
387 2716 444 2790 est
481 2713 547 2777 nisi
583 2713 672 2799 quod
701 2713 813 2779 sedem
841 2713 1053 2800 apostolicam
1083 2711 1329 2801 appellavimus,
1367 2718 1403 2779 et

347 2822 365 2848 “
387 2816 506 2901 quod
496 2838 533 2880 m
554 2816 626 2902 ejus
649 2816 852 2903 promotione
874 2816 1011 2883 liberam
1042 2821 1078 2882 et
1099 2815 1289 2883 eanonicam
1311 2837 1400 2901 quas

347 2924 364 2950 “
386 2917 525 2982 sivimus
547 2917 747 2985 electionem.
794 2918 831 2984 si
854 2918 989 2984 eeclesia
1011 2917 1072 2983 tali
1102 2939 1145 2984 ex
1177 2939 1276 2984 33333
1306 2922 1402 2983 tanto

346 3028 364 3053 “
386 3020 462 3086 odio
498 3026 533 3086 et
570 3021 777 3108 malignitate
814 3019 1037 3108 persequenda
1069 3025 1121 3086 est
1157 3025 1198 3085 ut
1227 3026 1262 3086 et
1291 3025 1402 3086 vestra

346 3130 364 3155 “
385 3129 598 3210 contempnat
642 3123 807 3201 mandata,
852 3145 912 3188 vos
949 3124 1017 3209 ipse
1058 3122 1213 3209 judicate.
1259 3123 1452 3213 AEstimon⁰
1414 3119 1452 3164 ¹¹⁰
1461 3119 1548 3167 ''¹¹¹⁶“

345 3231 364 3257 “
386 3225 474 3309 quod
497 3225 649 3291 dominus
670 3231 777 3291 noster
810 3223 1075 3313 archiepiscopus
1092 3224 1174 3290 adeo
1196 3229 1518 3341 contemptorgmn
1412 3174 1488 3267 holm
1455 3172 1570 3318 hmffigssh

346 3326 521 3392 “effectus
552 3332 609 3404 est,
641 3332 680 3391 ut
709 3325 812 3392 nichil
842 3326 975 3412 penitus
1004 3326 1069 3391 nisi
1099 3326 1143 3391 ad
1171 3331 1292 3391 nutum
1315 3327 1400 3414 regis

346 3437 364 3462 “
386 3451 428 3494 ex
451 3429 604 3495 omnibus
625 3429 754 3506 faceret,
778 3428 908 3494 etiamsi
930 3428 1049 3494 Petrus
1071 3429 1270 3515 apostolus
1260 3451 1296 3492 m
1326 3451 1399 3515 pro·

347 3539 364 3565 “
385 3531 458 3617 pria
479 3553 620 3618 persona
641 3530 703 3597 hac
732 3531 773 3597 de
795 3552 894 3597 causa
917 3532 1045 3597 veniret
1068 3530 1104 3594 in
1126 3528 1307 3618 Angliam.‘
1338 3530 1399 3596 At

346 3643 364 3668 “
386 3639 497 3700 tomen
528 3634 608 3721 quia
636 3634 743 3699 modis
773 3633 925 3699 omuibus
955 3632 1187 3719 temptandum
1225 3639 1276 3699 est
1309 3639 1350 3699 ut
1379 3654 1401 3700 a

345 3746 363 3770 “
386 3742 481 3802 tanta
517 3736 610 3803 clade
647 3737 805 3802 liberetur
841 3735 983 3815 ecclesia,
1022 3736 1167 3822 legatum
1205 3736 1349 3823 petimus
1378 3752 1503 3802 aletes
1489 3768 1569 3811 „01³0

345 3848 363 3873 “
386 3846 494 3905 vestro
531 3840 634 3905 latore
671 3839 890 3926 dirigendum,
921 3844 968 3916 ut,
995 3839 1024 3902 si
1057 3838 1224 3905 ecclesiam
1254 3861 1275 3904 3
1305 3806 1493 3907 1331313333

345 3942 650 4028 “persequentium
687 3941 778 4008 rabie
813 3941 951 4006 liberare
984 3961 1052 4006 333
1084 3941 1239 4027 potuerit,
1269 3942 1400 4007 oculata

344 4044 501 4109 “saltem
530 4043 596 4109 fide
618 4044 765 4109 corninus
788 4043 976 4130 conspiciat,
1000 4065 1074 4129 quae
1105 4042 1159 4108 vel
1191 4049 1317 4130 quanta
1341 4066 1400 4130 per

344 4156 361 4181 “
384 4145 663 4233 archiepiscopum
700 4150 776 4232 post
812 4145 883 4231 ejus
928 4145 1174 4232 promotionem,
1212 4167 1254 4211 ne
1292 4146 1399 4213 dicam

344 4258 362 4284 ‘⁴
385 4249 610 4327 intrusionem,
632 4270 786 4335 perpessa
807 4249 853 4313 sit
885 4243 1002 4314 acerba
1030 4248 1232 4334 gravamina,
1255 4249 1309 4315 vel
1340 4271 1397 4314 no·

344 4362 362 4387 “
385 4350 511 4419 hiscum
533 4351 728 4418 morientem
749 4350 888 4439 plangat
909 4350 1133 4417 ecclesiam.''²

1177 4520 1233 4526 ...n
1240 4520 1397 4528 ..ις’-.-

379 4630 589 4699 13111333.
896 4629 988 4681 inserts
999 4629 1043 4682 33
1053 4631 1195 4697 pungam
1213 4630 1302 4683 “cum
1313 4638 1398 4681 auem

379 4710 507 4777 ’,333
517 4710 656 4777 aemes]
670 4710 737 4762 use
747 4711 844 4763 333.
897 4746 904 4760 .
931 4747 937 4759 .
962 4709 1100 4769 umor
1123 4711 1172 4760 anu
1195 4709 1238 4761 ue
1261 4710 1349 4775 spese
1370 4709 1401 4761 or
