3662 5728
771 921 884 971 ornes
906 920 1097 973 mesonma
1389 910 1452 973 181

230 1119 377 1197 llert5ltoa
434 1112 486 1170 Illi
512 1109 624 1171 autem
646 1112 776 1195 partem
799 1127 901 1171 unam
919 1113 1096 1187 cyrographi
1113 1112 1145 1169 in
1161 1130 1267 1171 manne
1286 1113 1350 1188 ejus
1368 1112 1455 1175 dede·
1483 1127 1605 1176 Amuaa

230 1187 386 1238 ¹¹¹³·¹¹¹·⁰·²⁹·
398 1208 477 1270 runt,
497 1203 621 1260 alteram
639 1204 817 1262 Eboracen'si
834 1202 1066 1279 archiepiscope,
1082 1202 1173 1260 tertia
1189 1192 1259 1257 vero
1283 1219 1352 1274 pars
1369 1218 1454 1274 repo-

398 1291 495 1348 nenda
511 1288 584 1349 erat
601 1293 632 1349 in
649 1295 736 1367 regio
758 1284 921 1350 thesauro,
1003 1305 1005 1309 '

231 1394 274 1445 w,
287 1393 362 1446 cm
444 1372 493 1436 At
514 1373 580 1452 ille,
600 1382 724 1451 “Hoc·,”
752 1382 858 1453 inquit,
887 1380 1083 1437 “testimonio
1110 1379 1224 1461 malitia
1249 1395 1351 1434 eornm
1378 1391 1454 1437 con-

231 1460 301 1513 i·1²·
401 1469 417 1496 “
440 1462 600 1540 vincetur,
614 1472 665 1543 qui
677 1477 805 1528 matrem
819 1484 908 1528 suam
923 1466 1071 1529 sanctam
1086 1460 1284 1529 confundere
1300 1466 1455 1545 quaeremt

399 1570 417 1598 ‘⁶
439 1564 635 1630 eoclesiam.”
681 1565 745 1630 His
768 1564 866 1630 dictis
884 1591 902 1628 a
919 1573 1001 1629 curta
1018 1563 1176 1641 discessit,
1199 1568 1234 1629 et
1251 1587 1355 1626 versus
1373 1550 1454 1629 Win-
1466 1611 1506 1656 110
1514 1612 1589 1658 aava

105 1722 112 1729 .
232 1680 378 1731 Hannon,
397 1663 511 1719 toniam
534 1654 599 1720 iter
620 1654 775 1742 dirigens,
789 1676 825 1720 se
847 1675 987 1739 suosque
1010 1662 1165 1733 episcopos
1184 1661 1292 1734 quibua
1309 1655 1454 1721 maxime
1466 1663 1589 1712 mamre

1466 1713 1624 1759 meamne

230 1747 266 1797 iii.
278 1752 319 1797 aa
397 1763 557 1822 timebatur
573 1766 705 1838 periculo
720 1757 896 1824 subtraxit.
943 1755 1087 1822 Gravem
1107 1754 1171 1820 sibi
1186 1776 1265 1821 vero
1287 1776 1347 1843 pro
1364 1764 1625 1859 teme-{ffifflgl

230 1865 480 1930 mascharans
501 1858 717 1943 promissione
742 1867 948 1940 penitenciam
971 1858 1158 1933 instituens,
1186 1856 1296 1923 diebus
1318 1859 1386 1926 fere
1413 1864 1453 1922 xl.
1466 1865 1525 1959 2133·
1514 1867 1584 1968 ἐξ]

232 1961 254 1997 ⁰·
269 1950 308 1996 ¹⁵·
398 1967 435 2023 ab
453 1968 555 2025 altaris
577 1970 670 2027 officio
695 1989 727 2027 se
745 1959 922 2037 subtraxit,
942 1969 1034 2024 donec
1052 1986 1070 2023 a
1087 1959 1221 2024 domino
1243 1980 1331 2047 papa
1352 1958 1582 2025 Alex-thence

397 2060 511 2140 andrO,
533 2063 592 2148 qui
611 2072 734 2130 Senonis
752 2061 942 2138 morabatur,
965 2058 1200 2127 absolveretur.

231 2181 360 2233 wenna
443 2163 575 2250 Agebat
612 2173 725 2229 interca
753 2185 814 2251 pro
850 2185 930 2251 pace
967 2163 1120 2230 iacienda
1157 2163 1245 2228 inter
1274 2184 1382 2250 regem
1421 2166 1624 2233 athanasianos

230 2249 300 2300 ΜΒ·
399 2261 659 2334 archiepiscopum
683 2262 841 2335 episcopus
865 2252 1076 2331 EbroicensiS,1
1106 2253 1165 2318 sed
1195 2251 1350 2340 perficere
1388 2246 1456 2318 lion
1467 2239 1599 2335 {Pfflfss
1688 2338 1691 2347 y

230 2339 519 2428 ‚Jonsmapotuit
543 2350 603 2408 nisi
633 2351 858 2408 consuetudines
889 2341 958 2407 illae
994 2342 1065 2430 regi
1094 2350 1343 2408 confirmarentur.
1392 2340 1456 2408 Oo-

231 2438 253 2475 ‘n
267 2428 306 2475 ¹⁶·
397 2429 529 2516 gitabat
550 2435 662 2496 autem
689 2451 750 2496 rex
779 2436 814 2496 et
844 2437 955 2497 mente
984 2431 1099 2498 sedula
1120 2430 1346 2518 pertractabat
1375 2451 1456 2517 qno·
1518 2493 1522 2501 .

397 2532 495 2598 modo
508 2531 572 2597 'vel
595 2553 662 2620 qua
690 2537 763 2599 arte
789 2534 1009 2617 constantiam
1032 2533 1267 2621 archiepiscopi
1289 2537 1457 2600 conterere

398 2633 525 2700 valeret
547 2635 602 2700 vel
632 2634 753 2700 elidere
778 2633 948 2701 mactem.
995 2635 1106 2700 Missis
1133 2636 1247 2722 itaque
1269 2635 1399 2701 nuntiis
1421 2639 1583 2717 atomum

399 2735 494 2802 cons
516 2736 619 2802 vasa
653 2735 801 2802 eranam
831 2736 954 2823 parva
976 2736 1147 2802 dominum
1177 2756 1299 2824 papam
1330 2740 1370 2801 ue
1391 2715 1613 2818 chifflet,

232 2856 363 2935 acac
399 2838 454 2903 ver
487 2839 542 2905 eur
573 2838 684 2917 vana,
717 2837 847 2927 sogam
876 2839 1003 2907 semea
1037 2838 1245 2917 sarasar,
1278 2837 1457 2925 Anglicani
1468 2816 1588 2918 aaa
1694 2872 1697 2881 ·

230 2937 250 2973 ¹·
263 2927 301 2974 ¹⁹·
400 2940 493 3028 regni
515 2941 707 3007 concederet
729 2946 764 3007 et
778 2942 987 3009 confirmaret
1008 2940 1214 3029 legationem.
1256 2940 1376 3017 ,Sciens
1397 2962 1456 3007 au·
1469 2916 1541 2964 m·

398 3048 467 3110 tem
489 3043 642 3130 pontifex
664 3066 813 3110 summus
835 3044 899 3112 hoc
928 3043 965 3109 in
986 3044 1217 3131 praejndicium
1241 3041 1461 3109 Oantuarien·

398 3146 444 3211 sis
470 3144 615 3213 ecclesiae
638 3152 673 3212 et
702 3166 883 3233 gravamen
905 3144 1144 3233 archiepiscopi
1166 3144 1338 3233 postulari,
1359 3144 1460 3232 regiae

398 3247 555 3334 petitioni
577 3248 621 3313 ad
642 3247 778 3334 plenum
794 3248 978 3314 consentire
992 3247 1102 3314 noluit
1123 3267 1185 3313 nec
1198 3246 1333 3334 penitus
1354 3246 1459 3333 repel-

399 3350 467 3415 lere
488 3350 673 3436 petitorem.
719 3349 852 3429 Verum,
875 3371 918 3415 ne
944 3350 981 3415 in
1011 3348 1295 3436 archiepiscopum
1326 3348 1522 3435 graviorffl,

400 3452 451 3517 ira
488 3455 711 3527 succresceret,
743 3459 924 3531 legationem
959 3459 1025 3531 regi
1055 3458 1209 3525 concessit,
1242 3471 1317 3537 quoe
1346 3455 1461 3517 tamen
1472 3393 1630 3489 ‘mmm‘

401 3552 634 3619 Oantuariensi
660 3550 903 3638 archiepiscopo
933 3548 1064 3615 nullum
1089 3553 1200 3636 posset
1223 3558 1333 3614 inferre
1357 3575 1462 3630 pava

401 3681 478 3729 men,
510 3655 599 3720 unde
629 3653 893 3740 archiepiscopus
918 3672 939 3717 a
961 3651 1095 3718 domino
1124 3671 1212 3738 papa
1241 3651 1461 3737 praemunitus

401 3761 459 3821 est
506 3764 571 3820 Rex
599 3761 712 3821 autem
744 3756 788 3821 ad
817 3760 950 3842 tempus
981 3754 1022 3820 de
1052 3753 1192 3840 praefata
1217 3752 1382 3839 legatione
1403 3752 1463 3818 ad-
1497 3784 1500 3787 r

401 3857 537 3925 modum
547 3857 639 3922 visus
651 3861 702 3922 est
720 3855 852 3937 gloriari.
899 3854 985 3922 Oum
1007 3859 1120 3921 autem
1142 3854 1272 3920 litteras
1287 3852 1463 3941 legationis
1475 3880 1632 3935 auscherius

296 3952 302 3957 ’
400 3959 511 4024 minus
533 3980 633 4046 quam
657 3957 760 4024 vellet
782 3957 913 4024 videret
943 3956 1097 4035 efficaces,
1119 3976 1194 4022 cum
1225 3954 1334 4021 multa
1355 3932 1582 4043 indigi&

399 4060 536 4125 natione
573 4060 708 4126 domino
746 4079 842 4146 papae
879 4058 955 4124 illas
985 4057 1142 4125 restituit.
1201 4056 1315 4123 Sciens
1348 4062 1463 4124 autem

400 4160 664 4250 archiepiscopus
695 4159 836 4226 multam
873 4181 943 4227 esse
980 4160 1143 4227 malitiam
1174 4159 1211 4223 in
1244 4162 1333 4224 tena
1362 4163 1398 4225 ct
1428 4159 1465 4224 in

401 4263 537 4329 homine
559 4262 824 4351 perversitatem,
847 4261 1029 4353 cotidianas
1059 4260 1212 4348 angarias
1234 4259 1298 4325 sibi
1322 4264 1355 4324 et
1378 4258 1465 4327 clero

402 4364 513 4430 illatas
543 4370 579 4430 ct
608 4363 846 4451 multiplicatas
876 4384 971 4448 aequo
1002 4364 1113 4431 animo
1143 4384 1210 4430 non
1232 4360 1345 4451 potuit
1366 4361 1466 4428 susti-

233 4468 363 4546 ‚Hm
401 4475 488 4520 nere.
527 4463 571 4518 De
589 4464 670 4535 regis
688 4453 793 4541 igitur
818 4453 965 4520 amicitia
990 4457 1171 4535 desperatus
1194 4463 1362 4519 fomentum
1384 4460 1638 4531 flam-namma

232 4550 250 4584 ¹·
262 4540 303 4587 ²⁰·
402 4557 463 4623 mis
485 4555 671 4623 subhahere
693 4557 837 4644 cupiens,
859 4577 949 4624 mare
972 4555 1065 4635 adiit,
1087 4556 1177 4646 apud
1199 4555 1361 4623 Rumenel
1376 4529 1625 4623 mamaeam.

725 4855 920 4925 masma]
936 4855 1117 4919 ammae,
1128 4856 1159 4910 e
