3572 5744
399 823 441 887 32
518 867 523 877 .
599 832 761 883 csnvasu
785 827 945 880 mousom
969 830 1243 878 caurumuuusis

245 1038 373 1134 armo
398 1031 414 1058 ‘¹
440 1043 522 1088 nem.
569 1021 716 1102 Quorum
747 1017 962 1085 contumaciae
991 1016 1056 1082 nisi
1086 1016 1183 1082 citius
1213 1038 1348 1083 manum
1378 1040 1453 1105 pro-

256 1140 362 1235 ffit'„
399 1134 415 1160 “
439 1124 591 1191 tectionis
621 1128 656 1187 et
684 1120 897 1188 correctionis
921 1124 1041 1185 vestrae
1071 1120 1297 1206 apposueritis,
1328 1126 1454 1187 statum

239 1243 378 1293 assertus
399 1237 417 1261 “
439 1228 571 1314 penitus
601 1225 796 1291 subvertent
827 1222 978 1299 ccclesia,
1002 1221 1173 1287 dominum
1203 1229 1353 1288 nostrum
1378 1246 1455 1290 con·

264 1292 354 1374 'Q'
399 1339 416 1365 “
439 1328 650 1416 quassabunt
673 1332 710 1392 et
734 1325 941 1392 teterrimum
970 1324 1133 1411 superbiae
1163 1324 1292 1392 dabunt
1321 1348 1452 1414 exemp-

232 1445 361 1497 vheruave
400 1442 416 1467 “
440 1432 517 1497 lum.
564 1430 728 1497 Misenmt
748 1427 792 1494 ad
807 1448 867 1492 vos
890 1426 1065 1495 monachos
1088 1428 1168 1492 istos
1191 1428 1294 1493 totius
1317 1428 1453 1502 malitiae

231 1496 372 1590 iintiii'im
401 1543 417 1569 “
440 1535 632 1609 incentores,
655 1538 695 1597 ut
723 1530 902 1596 mendaciis
924 1530 993 1595 suis
1015 1526 1069 1594 vel
1104 1529 1253 1615 quolibet
1286 1530 1453 1597 molimine

231 1599 257 1640 ω
301 1609 345 1641 mo.
400 1646 417 1671 “
441 1642 583 1702 vestram
606 1634 867 1701 circumveniant
886 1633 1105 1710 sanctitum,
1120 1638 1156 1698 et
1176 1632 1240 1697 sibi
1263 1634 1454 1720 caeterisque

401 1750 415 1774 “
440 1739 497 1825 qui
520 1738 610 1803 domi
633 1736 824 1803 resedenmt
838 1735 1063 1821 adipiscantur
1085 1735 1137 1799 sui
1159 1735 1289 1801 sceleris
1311 1736 1452 1822 impuni-

399 1850 416 1875 “
440 1847 551 1907 tatem.
598 1839 664 1905 Sed
694 1838 928 1904 denuntiamus
958 1835 1018 1901 hos
1041 1842 1075 1900 et
1097 1835 1171 1901 illos
1194 1837 1292 1923 digne
1314 1837 1454 1924 punien-

400 1951 416 1977 “
440 1943 610 2019 desistes
634 1962 712 2006 vero
735 1938 982 2006 Cantuariensis
1013 1938 1156 2004 ecclesiae
1178 1939 1346 2025 fugitivos,
1369 1947 1404 2006 et
1433 1962 1455 2006 a

400 2054 417 2079 “
440 2046 600 2131 petitione
621 2065 682 2109 sua
703 2043 836 2129 penitus
854 2040 1065 2128 repellendos.
1112 2040 1207 2106 Sicut
1228 2041 1317 2107 enim
1339 2048 1453 2129 peten-

401 2157 416 2181 “
441 2147 521 2212 dum
542 2168 610 2213 non
632 2152 684 2211 est
705 2144 793 2230 quod
811 2145 902 2230 juste
917 2143 1039 2230 poterit
1058 2143 1181 2229 negari,
1196 2144 1244 2210 sic
1266 2145 1454 2231 negandum

234 2262 356 2308 cuemu-
402 2259 419 2283 “
442 2254 493 2314 est
524 2249 611 2335 quod
643 2248 765 2335 injuste
802 2246 945 2332 petitum
976 2267 1045 2311 esse
1082 2246 1205 2332 poterit
1242 2248 1453 2333 comprobari.

219 2315 370 2410 'Risimus
403 2351 532 2417 “Petit
560 2356 672 2416 autem
703 2349 855 2415 dominus
885 2354 996 2414 noster
1019 2347 1265 2415 Cantuariensis
1294 2350 1454 2437 archiepi-

233 2416 364 2522 iiim
402 2465 418 2490 “
442 2477 558 2541 scopus
580 2460 615 2519 et
637 2458 746 2519 vester
768 2451 856 2516 filius
878 2458 918 2517 ut
940 2452 970 2516 ei
993 2456 1130 2537 paterno
1152 2452 1272 2519 affectu
1290 2453 1370 2538 jura
1394 2476 1455 2521 sua

403 2567 418 2593 “
443 2557 553 2623 velitis
568 2576 767 2633 conservare,
783 2560 817 2620 et
831 2554 1103 2640 praedeoessorum
1125 2576 1259 2620 suorum
1275 2556 1454 2643 dignitates

403 2667 419 2694 “
443 2666 477 2725 et
506 2658 675 2724 commoda
704 2678 771 2723 nou
801 2656 1002 2743 permittetis
1032 2656 1223 2732 decrescere,
1247 2658 1306 2722 sed
1334 2680 1454 2745 augere

403 2771 419 2796 “
443 2762 570 2828 curetis.
618 2759 704 2840 Quia
726 2764 841 2825 notum
865 2758 1016 2824 omnibus
1047 2763 1098 2823 est
1119 2759 1207 2843 quod
1230 2765 1265 2825 et
1286 2761 1455 2847 probabile

403 2873 420 2899 “
442 2870 501 2942 est,
523 2864 612 2949 quod
641 2883 708 2928 non
738 2862 858 2947 quaerit
887 2882 962 2947 quae
991 2881 1051 2927 sua
1080 2867 1167 2938 sunt,
1190 2861 1247 2926 sed
1270 2884 1344 2947 quae
1373 2862 1454 2928 Jesu

403 2976 420 3001 “
443 2966 577 3032 Christi.
624 2965 669 3030 Et
691 2963 902 3030 manifestum
925 2969 976 3029 est
997 2964 1085 3050 quod
1101 2963 1179 3029 boni
1194 2965 1299 3051 patris
1314 2971 1349 3029 et
1363 2966 1455 3031 beni·

403 3079 418 3106 “
443 3069 510 3134 voli
532 3067 659 3135 accedit
680 3066 802 3155 gloriae,
824 3067 853 3131 si
875 3065 982 3132 filium
1004 3065 1127 3132 habeat
1147 3067 1351 3154 gloriosum.”

448 3357 662 3424 luamumro
686 3356 856 3424 Guuvasn
879 3371 983 3432 ouem
1006 3373 1143 3423 course
1166 3357 1410 3425 Bauunwmuu

773 3475 1084 3526 nucumnscoruu.

252 3640 379 3689 ammone
449 3623 466 3649 ‘¹
479 3612 682 3699 Perpendere
719 3614 842 3700 poterit
880 3637 922 3678 ex
958 3615 1092 3692 auditis
1131 3618 1315 3682 venerande
1353 3623 1455 3704 pater,

273 3689 358 3786 {iiiii
405 3725 423 3751 ⁴‘
446 3722 566 3782 vestrae
604 3716 781 3802 prudentia
814 3715 997 3801 majestatis
1036 3722 1070 3782 et
1103 3717 1197 3783 vobis
1230 3720 1456 3785 assistentium

303 3792 385 3892 aiios
406 3828 423 3853 “
446 3817 602 3906 praeclara
624 3818 794 3904 sapientia,
811 3818 943 3903 quantis
966 3820 1002 3884 in
1024 3824 1113 3886 terra
1146 3826 1258 3887 nostra
1279 3845 1457 3911 gravamur

259 3893 372 3974 ΜΨ·
407 3932 423 3957 “
446 3921 616 4009 angustiis,
651 3919 856 4008 fatigamur²
889 3921 1079 4008 obprobriis
1114 3945 1189 3988 cum
1219 3924 1274 3990 hic
1307 3926 1344 3989 in
1373 3948 1455 4012 prae·

236 4020 381 4115 ξξῖἷξζᾞὴ,
406 4035 422 4060 “
446 4026 554 4091 scntia
587 4030 698 4090 vestra
730 4045 791 4089 nos
824 4024 1031 4090 adversarius
1064 4027 1219 4091 convitiis
1252 4035 1389 4115 appetat
1419 4035 1456 4095 et

236 4123 383 4215 ξιξὴξξῃῗξηι
406 4137 423 4163 “
445 4126 652 4192 contumeliis
674 4125 803 4192 afficiat.
849 4123 911 4191 si³
938 4128 1038 4192 etiam
1072 4128 1298 4216 confugientes
1332 4131 1375 4196 ad
1397 4153 1456 4198 vos

237 4222 346 4317 3¹¹¹}ssng
406 4231 599 4297 “convitiis
633 4235 796 4316 appetunt
833 4230 937 4295 nostri
974 4230 1208 4318 archiepiscopi
1246 4234 1455 4321 responsales,

406 4342 423 4368 “
446 4333 527 4419 quid
549 4337 646 4419 putas
668 4332 798 4397 faciunt
821 4332 879 4396 ubi
913 4333 1038 4399 inimici
1067 4336 1172 4400 nostri
1194 4342 1273 4401 sunt
1302 4337 1456 4423 judices?

406 4435 491 4499 “Et
524 4435 552 4498 si
587 4455 646 4498 nos
670 4433 792 4519 ubique
826 4434 910 4499 velit
941 4440 1106 4500 conterere
1140 4436 1285 4502 humana
1319 4439 1455 4518 malitia,

612 4607 682 4613 -.--
694 4607 748 4613 —---
844 4610 850 4613 .
867 4608 965 4615 ..-—-
988 4610 998 4615 -

440 4701 596 4766 ¹Respousr‘o
614 4702 710 4766 prioris
727 4701 835 4752 Honore·
859 4719 907 4768 per
989 4700 1159 4767 ²sulr‘pumur]
1175 4703 1421 4768 etupporiamur,c.

407 4781 605 4846 inurpinutionem
619 4779 744 4842 Gcrvucir',
754 4781 784 4832 C.
988 4779 999 4811 ³
1013 4780 1121 4857 Sittio,
1133 4778 1179 4849 ius.
1192 4782 1223 4833 C.
