3662 5728
430 812 497 876 212
630 823 795 875 onavnsn
817 822 981 874 nouacur
1003 821 1279 874 caurumnrsrs

279 1029 404 1073 annm
429 1010 566 1075 toritate
603 1010 776 1096 suspendit
807 1015 843 1075 et
872 1010 1173 1076 excommunicavit
1202 1030 1315 1074 omnes
1343 1007 1487 1074 ecelesiae

430 1111 656 1179 malefactores
683 1112 781 1178 certis
807 1134 850 1178 ex
880 1112 988 1178 causis
1015 1117 1186 1178 eteorum
1208 1111 1399 1177 nominibus
1430 1132 1486 1176 ex-

430 1215 571 1302 pressis3
607 1214 665 1280 sed
695 1235 750 1281 eos
783 1214 971 1301 specialiter
1000 1213 1143 1302 perculit
1179 1213 1391 1280 anathemate
1430 1212 1488 1299 qui

430 1317 517 1383 bona
540 1315 790 1383 Cantuariensis
814 1316 957 1383 ecclesiae
987 1320 1168 1401 rapuerant
1197 1315 1252 1381 vel
1281 1320 1379 1402 rapta
1403 1315 1489 1379 deti-

430 1423 584 1485 nuerunt.
639 1416 744 1505 Cujus
774 1419 942 1485 sententia
967 1417 1023 1484 hic
1052 1417 1107 1483 vel
1136 1417 1220 1484 alias
1250 1419 1330 1484 deta
1367 1416 1490 1504 passim

431 1521 566 1609 profusa
597 1526 657 1600 est,
679 1526 719 1587 ut
756 1521 815 1586 vix
851 1522 888 1586 in
917 1520 1043 1608 capella
1075 1520 1162 1608 regis
1195 1521 1402 1586 inveniretur
1432 1519 1490 1605 qui

430 1623 500 1710 regi
538 1623 579 1689 de
610 1644 700 1689 more
737 1623 881 1690 ecelesiae
922 1624 1014 1710 pacis
1050 1622 1199 1689 osculum
1220 1621 1319 1689 'dare
1354 1621 1488 1687 valeret.

431 1724 554 1791 Omnes
584 1726 674 1792 enim
703 1725 771 1792 fere
801 1725 966 1791 notabiles
1004 1724 1086 1791 faeti
1118 1729 1209 1802 sunt,
1239 1730 1300 1791 aut
1336 1746 1380 1790 ex
1416 1723 1489 1811 ipsa

262 1839 415 1903 suanno„
430 1828 604 1906 sententia,
619 1833 680 1895 ant
698 1849 741 1894 ex
767 1825 1045 1915 participatione.¹
1090 1827 1259 1892 Timentes
1285 1826 1399 1912 itaque
1425 1826 1490 1892 sibi

260 1893 409 1996 zephium
430 1930 542 1996 caeteri
572 1935 642 1995 tam
669 1929 813 2016 episcopi
845 1950 945 2014 quam
976 1928 1141 2015 principes
1171 1928 1274 2015 regni,
1298 1949 1341 1993 ne
1371 1928 1490 1993 similis

431 2053 486 2098 eos
523 2031 640 2098 feriret
677 2031 771 2109 ultio,
808 2031 932 2097 iterum
970 2036 1005 2097 et
1042 2032 1164 2098 iterum
1208 2029 1489 2118 archiepiscopum

430 2134 691 2221 appellaverunt.
737 2134 811 2199 Rex
838 2139 952 2200 autem
974 2133 1194 2200 familiarium
1211 2155 1351 2200 suorum
1375 2134 1491 2220 damp-

429 2237 599 2302 nationem
625 2235 710 2301 ferre
733 2256 802 2301 non
828 2236 953 2314 valens,
976 2236 1058 2302 duos
1080 2235 1327 2303 archidiaconos
1350 2235 1490 2302 Romam

429 2338 531 2416 misit,
559 2358 761 2424 conquerens
799 2337 841 2403 de
882 2338 1007 2424 injuria
1037 2338 1105 2404 suis
1136 2338 1240 2417 illata,
1271 2343 1388 2425 petens
1425 2337 1502 2403 sibi>

429 2440 616 2506 transmitti
630 2440 758 2527 legatos
773 2441 832 2527 qui
847 2461 925 2506 suos
947 2441 1249 2508 excommunicatos
1271 2440 1490 2517 absolverent,

429 2563 543 2630 pacem
569 2544 796 2621 reformarent
826 2564 868 2608 ne
895 2542 994 2609 aliter
1017 2544 1188 2611 securitati
1216 2564 1285 2610 suae
1312 2547 1347 2609 et
1372 2541 1490 2607 honori

429 2645 638 2733 prospicere²
660 2644 918 2732 compelleretur.
980 2646 1075 2713 Misit
1096 2647 1197 2713 etiam
1227 2644 1490 2732 archiepiscopus

431 2748 569 2813 nuntios
596 2768 761 2826 suos,non
784 2768 902 2813 aurum
926 2745 1058 2834 neque³
1079 2754 1255 2836 argentum
1278 2746 1337 2813 sed
1358 2744 1490 2813 cedulae

263 2859 414 2959 ffinpnup
432 2852 467 2913 et
486 2849 578 2915 nuda
593 2850 697 2915 verba
718 2854 896 2937 portantes.
946 2851 991 2916 Et
1016 2852 1152 2918 tandem
1177 2855 1352 2935 optentum
1376 2852 1489 2913 estut

431 2950 497 3016 duo
519 2950 631 3037 legati,
652 2952 796 3018 multum
821 2953 962 3038 pectoris
986 2956 1021 3018 et
1043 2954 1108 3019 oris
1133 2951 1301 3029 habentes,
1316 2949 1488 3015 mitteren-

429 3058 494 3133 tur,
518 3061 685 3132 Gratianus,
709 3055 835 3122 scilicet
857 3062 985 3135 Eugenii
1002 3063 1149 3136 quondam
1171 3054 1292 3120 summi
1321 3050 1488 3141 pontificis
1500 3055 1650 3135 {lethoa

429 3180 530 3235 nepos,
565 3158 601 3219 et
618 3164 784 3243 livianus,
816 3156 975 3223 Romanae
1004 3165 1093 3221 curie
1123 3158 1160 3222 in
1189 3166 1286 3222 musis
1316 3163 1487 3221 advocatus.
1500 3127 1587 3175 M&

431 3254 560 3338 Quibus
590 3281 691 3335 regem
718 3258 972 3346 alloquentibus
995 3270 1138 3327 concessit
1158 3259 1206 3324 eis
1235 3281 1295 3324 rex
1325 3262 1365 3323 ut
1394 3265 1488 3343 arohi-
1501 3267 1633 3346 illem.

430 3365 588 3437 episeopus
613 3356 651 3423 in
672 3359 831 3448 Angliam
853 3368 974 3440 rediret,
996 3360 1314 3449 archiepiscopatum
1336 3380 1433 3425 suum
1456 3363 1491 3425 et
1503 3351 1520 3385 ¹·
1532 3338 1573 3385 ⁶⁵·

430 3469 624 3538 possessiones
643 3471 674 3527 in
698 3491 770 3545 paee
800 3471 930 3534 teneret
953 3474 1035 3531 salvo
1064 3463 1189 3530 honore
1218 3452 1306 3544 regni
1323 3471 1378 3528 sui.
1425 3460 1492 3542 Qui

430 3580 519 3626 vana
544 3561 649 3649 ipsius
674 3569 880 3636 concessione
906 3566 1069 3634 laetificati
1096 3562 1335 3633 decreverunt⁴
1363 3570 1404 3630 ut
1433 3563 1491 3628 Vi·

431 3660 551 3728 vianus
573 3664 611 3729 in
625 3667 783 3755 Angliam
806 3672 965 3738 transiret
982 3675 1017 3735 et
1032 3677 1300 3734 excommunicatos
1315 3672 1492 3744 absolveret,

431 3761 612 3832 Gratianus
642 3795 712 3833 vero
735 3798 837 3852 paoem
867 3773 1052 3840 condictam
1090 3791 1151 3858 pro
1188 3789 1283 3856 posse
1313 3769 1617 3897 perficeretffip

141 3946 143 3951 Ι
263 3888 389 3935 rnlnrad
431 3863 585 3934 Crastino
600 3886 708 3947 autem,
723 3898 790 3937 curn
803 3900 853 3940 rex
866 3883 1044 3940 discessisset
1059 3878 1095 3938 et
1116 3871 1181 3959 ipsi
1203 3870 1302 3959 regiis
1323 3871 1492 3958 promissis

262 3940 414 4035 iiiam*
431 3967 545 4033 dolum
568 3971 675 4037 inesse
697 3973 868 4053 vidissent,
885 3984 1028 4041 condictis
1043 3973 1186 4041 fallaciis
1204 3988 1281 4038 stare
1303 3973 1490 4040 noluerunt.

431 4070 556 4136 Verum
588 4080 628 4139 ut
656 4074 767 4143 adhue
796 4077 901 4163 ipsius
931 4081 1136 4164 temptarent
1166 4074 1323 4152 animum,
1346 4086 1636 4146 miserrumum

431 4178 508 4258 post
530 4195 606 4239 eum
630 4184 750 4240 Petrum
774 4186 948 4259 Papiansem
972 4186 1218 4252 archidiaconum,
1235 4178 1293 4263 qui
1316 4177 1397 4243 dure
1420 4198 1489 4242 sus·
1502 4162 1520 4212 ἰ·
1533 4165 1573 4211 ⁶⁶·

431 4280 548 4361 ceptus
571 4284 606 4343 et
627 4278 772 4364 turpiter
794 4278 1026 4366 apprehensus,
1048 4287 1136 4344 rebus
1154 4279 1255 4345 etiam
1271 4287 1331 4343 auis
1350 4287 1491 4359 spoliatus

432 4383 491 4460 est,
508 4387 558 4443 vix
571 4379 707 4446 tandem
730 4381 894 4448 violentas
908 4406 1014 4447 manus
1032 4389 1096 4447 aine
1113 4388 1193 4447 oaede
1207 4379 1404 4468 genitalium
1426 4406 1492 4447 ena·

464 4679 696 4747 ¹porticipationt]
712 4678 857 4745 partitione,
869 4682 899 4732 B.
1020 4680 1032 4715 ⁸
1045 4679 1138 4747 neque]
1153 4688 1187 4742 et,
1199 4679 1230 4732 C.

462 4759 474 4793 ²
481 4759 643 4827 prospicere]
659 4760 794 4824 prolicere,
805 4759 836 4811 C.
1019 4760 1217 4829 ’δεσποτικῇ
1231 4761 1408 4824 decreverant,
1419 4759 1451 4814 C.
