3666 5724
737 881 849 933 ornas
871 881 1061 933 nrsronrcs.
1354 867 1418 934 375

199 1072 294 1123 Benstl
404 1074 422 1098 “
436 1072 539 1127 Profer
556 1066 710 1127 Tetricus¹
726 1070 921 1144 pauperrimas
936 1073 1039 1128 domus
1054 1071 1168 1142 Templi
1185 1070 1280 1127 dictus
1292 1087 1417 1142 magnus
1448 1072 1505 1116 nl).
1513 1076 1572 1119 ¹1⁸7·

198 1137 223 1187 fi·
238 1142 277 1189 ¹³·
368 1157 386 1180 ‘⁴
407 1161 575 1225 praeceptcr,
601 1155 751 1225 omnisque
775 1156 900 1211 fratrum
925 1155 1128 1227 pauperrimus
1158 1160 1188 1210 et
1213 1155 1273 1208 fere
1297 1155 1416 1210 omnino
1430 1135 1543 1230 {mil

367 1239 385 1265 ‘⁶
404 1237 597 1293 adnichilatae
616 1244 784 1303 conventus,
808 1240 954 1294 universis
973 1238 1199 1311 praeceptoribus
1218 1242 1248 1292 et
1267 1237 1414 1299 fratribus,
1429 1236 1588 1330 2322&oe

367 1322 386 1345 ‘⁶
405 1320 443 1374 ad
465 1339 538 1392 quos
559 1322 665 1376 litterae
686 1328 844 1392 praesentes
863 1322 1057 1393 pervenerint,
1079 1322 1203 1377 salutem
1224 1328 1254 1375 et
1275 1320 1306 1374 in
1325 1321 1416 1374 Illum
1430 1336 1563 1380 arsendis.

367 1403 551 1473 “suspirare
575 1402 657 1474 cnjus
680 1403 930 1474 pulchritudinem
948 1405 991 1459 sol
1012 1408 1042 1458 et
1062 1403 1132 1458 lnna
1150 1404 1302 1458 ninantur.
1341 1402 1418 1471 Quot

367 1486 385 1511 ‘⁴
406 1490 436 1539 et
459 1486 575 1556 quantis
599 1486 815 1542 calamitatibus
838 1487 883 1542 ira
906 1486 970 1553 Dei,
995 1486 1102 1542 nostris
1126 1487 1253 1557 peccatis
1274 1483 1416 1556 exigenti·

367 1569 385 1593 “
406 1567 468 1632 bus,
492 1585 546 1623 nos
577 1569 608 1623 in
638 1570 776 1640 prasenti
806 1569 947 1640 flagellari
976 1569 1118 1641 permisit,
1143 1587 1197 1625 nec
1220 1568 1329 1623 litteris
1362 1585 1417 1623 nec

367 1653 386 1678 “
406 1651 496 1707 flabili
516 1670 596 1718 voce,
621 1654 694 1725 proh
719 1652 821 1708 dolor!
852 1654 995 1724 explicare
1023 1653 1161 1709 valemus.
1209 1652 1297 1706 Turci
1322 1652 1412 1715 enim,

367 1733 578 1791 “immensam
614 1753 733 1790 suarum
768 1735 903 1807 gentium
938 1735 1159 1790 multitudinem
1194 1740 1417 1805 congregantes,

329 1831 333 1839 ·
366 1819 386 1844 ⁸⁸
406 1816 638 1874 Christianorum
661 1824 826 1874 nostrorum
856 1818 929 1873 fines
958 1818 1066 1874 acriter
1095 1817 1233 1872 invadere
1257 1822 1417 1888 coeperunt.

367 1902 386 1927 “
406 1900 515 1957 Contra
525 1919 596 1974 qnos
612 1908 778 1959 nostrarum
797 1903 930 1974 gentium
942 1901 1104 1974 phalanges
1116 1901 1322 1965 coadunantes,
1341 1900 1419 1954 infra

367 1986 522 2041 “octavas
540 1986 736 2058 apostolorum
757 1986 839 2041 Petri
857 1991 887 2042 et
906 1985 1000 2050 Pauli,
1020 1985 1053 2040 in
1077 2002 1125 2040 eos
1146 1984 1287 2056 congredi
1307 1990 1336 2039 et
1354 2000 1416 2038 rar·

368 2068 386 2094 ‘⁴
406 2084 455 2123 sus
479 2067 681 2139 Tyberiadem,
701 2085 789 2139 quam
807 2068 960 2133 violenter,
985 2073 1079 2123 castm
1106 2068 1166 2122 solo
1196 2067 1310 2131 relicto,
1334 2084 1417 2138 cepe·

368 2151 387 2178 ‘⁴
405 2156 481 2214 rant,
513 2150 571 2206 iter
600 2151 728 2223 arripere
762 2151 1007 2221 praesumpsimus.
1056 2149 1187 2221 Cumque
1224 2149 1254 2204 in
1291 2149 1418 2220 scopulis

367 2235 386 2261 ‘¹
405 2234 539 2305 pessimis
569 2252 623 2290 uos
654 2233 849 2305 impulissent,
874 2251 927 2289 nos
960 2234 1002 2289 ita
1031 2233 1138 2289 acriter
1166 2240 1416 2305 expugnaverunt,

367 2317 385 2342 ‘⁴
405 2317 483 2386 quod
502 2321 602 2372 sancta
622 2333 707 2372 cruce
729 2322 759 2371 et
777 2332 847 2387 rege
866 2320 965 2370 nostro
984 2322 1069 2387 capto
1087 2321 1118 2370 at
1136 2315 1216 2370 omni
1228 2315 1417 2371 multitudine

366 2402 385 2426 “
403 2405 504 2455 nostra
523 2401 678 2455 interfecta
693 2405 724 2454 et
743 2400 869 2454 fratrum
887 2404 1060 2466 nostrorum,
1080 2403 1114 2454 ut
1132 2399 1164 2452 in
1181 2399 1305 2454 veritate
1324 2400 1418 2455 credi·

364 2484 384 2509 ‘⁴
403 2499 478 2548 mus,
496 2482 595 2537 eodem
612 2481 660 2537 die
676 2496 784 2537 acm.
801 2481 964 2547 decollatis,
978 2482 1106 2552 exceptis
1121 2481 1180 2535 illis
1192 2495 1237 2534 xa.
1252 2481 1302 2550 qui
1322 2481 1418 2552 prima
1514 2488 1518 2494 ’

365 2567 384 2592 “
404 2566 452 2621 dic
465 2566 537 2619 Maii
556 2565 725 2635 interempti
740 2565 869 2629 fuerunt,
886 2565 936 2619 vix
955 2564 1089 2619 dominus
1108 2581 1206 2618 comes
1218 2563 1416 2635 Tripolitanae

365 2651 384 2675 ‘⁶
404 2654 435 2703 et
454 2648 589 2704 dominns
607 2646 788 2718 Reginaldue
808 2648 945 2703 Sidonius
966 2653 997 2702 et
1013 2646 1149 2702 deminus
1169 2645 1308 2701 Balianns
1322 2652 1352 2701 et
1363 2663 1417 2700 nos

365 2734 384 2757 “
404 2730 440 2786 da
461 2730 513 2785 illo
534 2730 691 2785 miserabili
712 2746 814 2800 campo
835 2730 956 2785 evadere
975 2730 1131 2801 potuimus.
1182 2728 1294 2783 Deinde
1318 2728 1415 2783 Chris·

364 2816 383 2840 ‘⁸
402 2814 549 2869 tianorum
578 2817 744 2868 nostrorum
774 2813 917 2883 sanguine
932 2813 1105 2875 debaccati,
1135 2828 1235 2867 versus
1265 2811 1414 2881 civitatem

364 2897 384 2923 ‘⁴
403 2895 503 2950 Accon
528 2913 595 2950 cum
622 2895 702 2950 omni
728 2912 780 2949 sua
803 2894 992 2951 multitudine
1018 2896 1120 2951 venire
1143 2912 1203 2949 non
1227 2894 1411 2949 distulerunt.

365 2983 384 3008 ⁸⁴
404 2980 497 3048 Quam
515 2978 659 3034 violenter
676 2978 821 3048 capientes
844 2982 936 3034 totam
960 2979 1021 3033 fere
1041 2985 1151 3034 teriam
1170 2979 1340 3032 invaserunt
1363 2977 1412 3031 Je·
1425 2991 1553 3035 semaam

364 3066 384 3091 “
403 3062 537 3125 ruralem,
555 3060 691 3125 Ascalon,
711 3059 790 3127 Tiro,
809 3068 839 3117 et
855 3061 945 3116 etiam
963 3061 1072 3125 Berito,
1089 3061 1173 3116 nobis
1191 3066 1222 3116 et
1240 3059 1412 3115 Christiani·
1425 3040 1548 3137 ΨΜ

365 3148 384 3173 “
403 3146 458 3200 tati
476 3145 571 3200 adhim
595 3144 664 3199 solis
683 3143 804 3199 relictis.
841 3144 917 3199 istas
934 3143 1024 3199 etiam
1042 3144 1183 3210 civitates,
1198 3143 1334 3201 omnibus
1353 3144 1413 3199 fera

365 3233 384 3258 “
404 3247 503 3284 earum
522 3228 633 3283 civibus
652 3228 683 3282 in
700 3227 803 3298 praelio
821 3227 989 3293 interfectis,
1007 3228 1065 3284 nisi
1083 3227 1216 3283 divinum
1234 3233 1265 3284 et
1283 3232 1414 3282 vestrum

365 3315 384 3339 ‘⁴
404 3318 512 3383 praeto
539 3311 578 3367 sit
602 3311 752 3376 auxilium,
772 3312 854 3365 nullo
879 3311 966 3366 modo
983 3311 1109 3367 retinere
1127 3308 1297 3383 poterimus.
1337 3310 1416 3365 civi-

364 3399 494 3450 “tatem
515 3395 604 3453 etiam
631 3395 732 3449 'Pirum
751 3394 1004 3467 inpresentiarum
1031 3394 1138 3450 acriter
1162 3393 1336 3456 obsidentes,
1354 3393 1416 3449 vio-

364 3478 496 3533 “lenter
521 3477 569 3532 die
593 3484 739 3549 noctuque
763 3494 928 3548 expugnare
954 3494 1013 3531 nou
1037 3482 1159 3533 cessant.
1201 3476 1240 3531 nt
1264 3481 1348 3531 tanta
1370 3481 1416 3531 est

364 3564 384 3589 “
403 3578 504 3615 comm
521 3560 605 3633 copia
622 3559 700 3631 quod
717 3565 809 3615 totam
827 3566 912 3615 terra
933 3559 1038 3614 faciem
1056 3577 1075 3614 a
1092 3558 1161 3613 Tiro
1184 3575 1275 3630 usque
1299 3558 1415 3613 Jerusa-

364 3646 383 3671 “
402 3644 461 3698 lem
479 3648 509 3698 et
526 3660 617 3714 usqne
636 3641 674 3696 ad
692 3641 800 3697 Gazam
818 3641 900 3696 velut
918 3641 1047 3696 formica
1072 3639 1239 3711 frequentes
1257 3639 1414 3695 existentes

363 3729 382 3752 ‘⁴
402 3742 582 3797 cooperuere.
619 3723 712 3780 Nobis
729 3742 800 3795 ergo
818 3729 848 3779 et
863 3723 1078 3780 christianitati
1091 3721 1219 3779 Orientis
1230 3721 1268 3778 ad
1286 3739 1413 3794 praesens

364 3812 383 3836 ⁸‘
403 3809 522 3863 omnino
539 3806 706 3879 disperdita
730 3806 901 3878 quantocius
925 3823 1092 3863 succurrere
1112 3803 1284 3876 dignemini,
1304 3810 1339 3859 ut
1361 3822 1414 3875 per

364 3894 382 3919 ⁸⁴
401 3892 496 3946 Deum
514 3898 544 3946 et
567 3908 620 3963 per
637 3896 743 3946 vestrae
760 3890 955 3947 fraternitatis
973 3889 1173 3955 eminentiam,
1192 3888 1325 3944 residuas
1342 3888 1412 3942 ciri·

362 3977 381 4002 “
401 3980 476 4029 tetes
494 3980 591 4029 vestro
609 3973 723 4029 suffulti
740 3972 917 4029 adminiculo
935 3973 1046 4029 salvare
1064 3973 1216 4046 possimus.
1252 3968 1388 4028 vneror

404 4069 576 4135 Hactenus
599 4071 640 4135 de
663 4069 828 4136 Sale-dinc.

405 4169 617 4236 Baldewinus
639 4177 750 4238 autem
767 4171 1014 4239 emtusriensis
1029 4173 1298 4262 archiepiscopus,
1317 4196 1412 4244 aeno
1423 4190 1568 4288 gaham

359 4272 500 4336 necdum
516 4274 676 4339 desistens
698 4273 874 4360 proposito,
890 4275 1009 4341 cotidie
1032 4297 1129 4340 sunm
1152 4277 1321 4366 affligebat
1334 4301 1409 4346 con·
1423 4243 1476 4337 bid
1507 4324 1513 4338 .

360 4380 507 4441 ventum.
554 4375 619 4457 Qui
649 4398 725 4443 cum
754 4398 815 4444 nec
845 4377 971 4444 modice
995 4378 1128 4463 quidem
1151 4382 1331 4466 apostolico
1354 4383 1410 4447 de·

862 4542 979 4550 --—--
989 4541 1126 4551 -----..
1132 4546 1238 4553 —.-..
1245 4548 1255 4553 -
1288 4549 1409 4558 Ἦ.-

394 4633 466 4687 ¹The
486 4638 560 4688 letter
578 4631 607 4687 of
623 4637 708 4688 'ferric
726 4637 749 4689 is
765 4639 820 4690 also
840 4638 867 4689 in
887 4640 931 4690 the
943 4637 1080 4698 Chronicle
1098 4641 1129 4693 cf
1143 4642 1266 4695 Benedici
1286 4647 1337 4697 and
1348 4638 1411 4698 elsa·

360 4714 459 4774 shere3
476 4730 518 4766 we
530 4715 593 4766 Bcn.
605 4717 660 4766 Pet.
672 4715 698 4768 ii
713 4722 753 4768 1³.
