<?xml version="1.0" encoding="UTF-8"?>
<!DOCTYPE html PUBLIC "-//W3C//DTD XHTML 1.0 Transitional//EN"
    "http://www.w3.org/TR/xhtml1/DTD/xhtml1-transitional.dtd">
<html xmlns="http://www.w3.org/1999/xhtml" xml:lang="en" lang="en">
 <head>
  <title>
</title>
<meta http-equiv="Content-Type" content="text/html;charset=utf-8" />
  <meta name='ocr-system' content='tesseract 3.04.00' />
  <meta name='ocr-capabilities' content='ocr_page ocr_carea ocr_par ocr_line ocrx_word'/>
</head>
<body>
  <div class='ocr_page' id='page_1' title='image "./historicalworks00offigoog_0652.png"; bbox 0 0 3588 5740; ppageno 0'>
   <div class='ocr_carea' id='block_1_1' title="bbox 411 894 1261 961">
    <p class='ocr_par' dir='ltr' id='par_1_1' title="bbox 411 894 1261 961">
     <span class='ocr_line' id='line_1_1' title="bbox 411 894 1261 961; baseline 0.004 -5"><span class='ocrx_word' id='word_1_1' title='bbox 411 894 476 956; x_wconf 86' lang='lat'><strong>588</strong></span> <span class='ocrx_word' id='word_1_2' title='bbox 619 907 781 957; x_wconf 73' lang='lat' dir='ltr'><strong>suavssu</strong></span> <span class='ocrx_word' id='word_1_3' title='bbox 804 908 965 959; x_wconf 77' lang='grc' dir='ltr'>ιιοιιιοιιι</span> <span class='ocrx_word' id='word_1_4' title='bbox 988 909 1261 961; x_wconf 75' lang='grc' dir='ltr'>οιιιιιιιιιιιιιιιιι</span> 
     </span>
    </p>
   </div>
   <div class='ocr_carea' id='block_1_2' title="bbox 241 1095 1620 4009">
    <p class='ocr_par' dir='ltr' id='par_1_2' title="bbox 241 1095 1620 4009">
     <span class='ocr_line' id='line_1_2' title="bbox 260 1095 1463 1169; baseline 0.004 -21"><span class='ocrx_word' id='word_1_5' title='bbox 260 1112 316 1156; x_wconf 58' lang='grc' dir='ltr'><strong>ιι)</strong></span> <span class='ocrx_word' id='word_1_6' title='bbox 323 1114 381 1157; x_wconf 81' lang='lat' dir='ltr'><strong>uso</strong></span> <span class='ocrx_word' id='word_1_7' title='bbox 412 1096 556 1164; x_wconf 82' lang='lat' dir='ltr'><strong>‘p‘raeter</strong></span> <span class='ocrx_word' id='word_1_8' title='bbox 573 1095 712 1151; x_wconf 83' lang='lat' dir='ltr'><strong>offensam</strong></span> <span class='ocrx_word' id='word_1_9' title='bbox 730 1096 860 1152; x_wconf 65' lang='lat' dir='ltr'><strong>dinnam</strong></span> <span class='ocrx_word' id='word_1_10' title='bbox 878 1103 908 1152; x_wconf 86' lang='lat' dir='ltr'><strong>et</strong></span> <span class='ocrx_word' id='word_1_11' title='bbox 926 1098 1110 1155; x_wconf 79' lang='lat' dir='ltr'><strong>eousoientiae</strong></span> <span class='ocrx_word' id='word_1_12' title='bbox 1126 1099 1286 1164; x_wconf 71' lang='lat' dir='ltr'><strong>lusionem,</strong></span> <span class='ocrx_word' id='word_1_13' title='bbox 1303 1098 1463 1169; x_wconf 90' lang='lat' dir='ltr'><strong>plurimum</strong></span> 
     </span>
     <span class='ocr_line' id='line_1_3' title="bbox 242 1175 1463 1277; baseline 0.005 -47"><span class='ocrx_word' id='word_1_14' title='bbox 242 1175 419 1277; x_wconf 52' lang='lat' dir='ltr'><strong>Cfffigffigt‘</strong></span> <span class='ocrx_word' id='word_1_15' title='bbox 423 1177 621 1233; x_wconf 85' lang='lat' dir='ltr'><strong>‘verebamur</strong></span> <span class='ocrx_word' id='word_1_16' title='bbox 649 1196 686 1234; x_wconf 89' lang='lat' dir='ltr'><strong>ue</strong></span> <span class='ocrx_word' id='word_1_17' title='bbox 712 1179 875 1236; x_wconf 77' lang='lat' dir='ltr'><strong>diceremur</strong></span> <span class='ocrx_word' id='word_1_18' title='bbox 901 1198 1084 1253; x_wconf 74' lang='lat' dir='ltr'>oppressores</span> <span class='ocrx_word' id='word_1_19' title='bbox 1109 1199 1271 1254; x_wconf 89' lang='lat' dir='ltr'><strong>pauperum</strong></span> <span class='ocrx_word' id='word_1_20' title='bbox 1288 1189 1319 1238; x_wconf 90' lang='lat' dir='ltr'><strong>et</strong></span> <span class='ocrx_word' id='word_1_21' title='bbox 1339 1182 1463 1252; x_wconf 75' lang='lat' dir='ltr'><strong>justitia</strong></span> 
     </span>
     <span class='ocr_line' id='line_1_4' title="bbox 242 1237 1464 1337; baseline 0.002 -18"><span class='ocrx_word' id='word_1_22' title='bbox 242 1237 431 1336; x_wconf 55' lang='lat' dir='ltr'><strong>impecungr“</strong></span> <span class='ocrx_word' id='word_1_23' title='bbox 451 1265 673 1332; x_wconf 75' lang='lat' dir='ltr'><strong>contemptores.</strong></span> <span class='ocrx_word' id='word_1_24' title='bbox 703 1261 909 1320; x_wconf 86' lang='lat' dir='ltr'><strong>Verumseous</strong></span> <span class='ocrx_word' id='word_1_25' title='bbox 927 1264 1052 1335; x_wconf 80' lang='lat' dir='ltr'><strong>contigit</strong></span> <span class='ocrx_word' id='word_1_26' title='bbox 1070 1265 1356 1337; x_wconf 84' lang='lat' dir='ltr'><strong>quamvellemuset</strong></span> <span class='ocrx_word' id='word_1_27' title='bbox 1375 1265 1464 1321; x_wconf 90' lang='lat' dir='ltr'><strong>etiam</strong></span> 
     </span>
     <span class='ocr_line' id='line_1_5' title="bbox 241 1325 1464 1420; baseline 0.003 -23.003"><span class='ocrx_word' id='word_1_28' title='bbox 241 1325 431 1420; x_wconf 46' lang='lat' dir='ltr'><strong>‘&#39;Wlfflin“</strong></span> <span class='ocrx_word' id='word_1_29' title='bbox 450 1341 566 1397; x_wconf 87' lang='lat' dir='ltr'><strong>credere</strong></span> <span class='ocrx_word' id='word_1_30' title='bbox 591 1343 767 1401; x_wconf 79' lang='lat' dir='ltr'>deberemus.</span> <span class='ocrx_word' id='word_1_31' title='bbox 804 1346 905 1419; x_wconf 84' lang='lat' dir='ltr'><strong>Nuper</strong></span> <span class='ocrx_word' id='word_1_32' title='bbox 923 1347 1001 1402; x_wconf 89' lang='lat' dir='ltr'><strong>enim</strong></span> <span class='ocrx_word' id='word_1_33' title='bbox 1026 1347 1194 1403; x_wconf 85' lang='lat' dir='ltr'><strong>accedentes</strong></span> <span class='ocrx_word' id='word_1_34' title='bbox 1218 1348 1255 1403; x_wconf 84' lang='lat' dir='ltr'><strong>sd</strong></span> <span class='ocrx_word' id='word_1_35' title='bbox 1280 1348 1464 1420; x_wconf 75' lang='lat' dir='ltr'><strong>presentiam</strong></span> 
     </span>
     <span class='ocr_line' id='line_1_6' title="bbox 241 1427 1463 1520; baseline 0.006 -41"><span class='ocrx_word' id='word_1_36' title='bbox 241 1428 419 1520; x_wconf 42' lang='lat' dir='ltr'><strong>ffiffiff‘</strong></span> <span class='ocrx_word' id='word_1_37' title='bbox 424 1428 579 1482; x_wconf 75' lang='lat' dir='ltr'><strong>‘noenum</strong></span> <span class='ocrx_word' id='word_1_38' title='bbox 597 1427 697 1484; x_wconf 90' lang='lat' dir='ltr'><strong>dilecti</strong></span> <span class='ocrx_word' id='word_1_39' title='bbox 715 1429 770 1484; x_wconf 83' lang='lat' dir='ltr'><strong>filii</strong></span> <span class='ocrx_word' id='word_1_40' title='bbox 793 1431 873 1501; x_wconf 90' lang='lat' dir='ltr'><strong>prior</strong></span> <span class='ocrx_word' id='word_1_41' title='bbox 890 1437 921 1486; x_wconf 88' lang='lat' dir='ltr'><strong>st</strong></span> <span class='ocrx_word' id='word_1_42' title='bbox 938 1431 1009 1487; x_wconf 89' lang='lat' dir='ltr'><strong>socii</strong></span> <span class='ocrx_word' id='word_1_43' title='bbox 1035 1431 1129 1487; x_wconf 86' lang='lat' dir='ltr'><strong>suist</strong></span> <span class='ocrx_word' id='word_1_44' title='bbox 1157 1432 1291 1486; x_wconf 85' lang='lat' dir='ltr'><strong>monachi</strong></span> <span class='ocrx_word' id='word_1_45' title='bbox 1310 1430 1463 1486; x_wconf 77' lang='lat' dir='ltr'><strong>cantuari·</strong></span> 
     </span>
     <span class='ocr_line' id='line_1_7' title="bbox 241 1510 1464 1667; baseline 0.003 -20"><span class='ocrx_word' id='word_1_46' title='bbox 241 1512 419 1621; x_wconf 51' lang='lat' dir='ltr'><strong>llil-³3⁰⁰</strong></span> <span class='ocrx_word' id='word_1_47' title='bbox 411 1594 430 1619; x_wconf 54' lang='grc' dir='ltr'><strong>ιι</strong></span> <span class='ocrx_word' id='word_1_48' title='bbox 423 1510 1464 1667; x_wconf 58' lang='lat' dir='ltr'><strong>33:255iffltl,itsstsiltititstilustlttl</strong></span> 
     </span>
     <span class='ocr_line' id='line_1_8' title="bbox 411 1677 1463 1754; baseline 0.002 -23"><span class='ocrx_word' id='word_1_49' title='bbox 411 1677 430 1702; x_wconf 81' lang='lat'><strong>⁴⁴</strong></span> <span class='ocrx_word' id='word_1_50' title='bbox 450 1694 535 1732; x_wconf 89' lang='lat' dir='ltr'><strong>sauro</strong></span> <span class='ocrx_word' id='word_1_51' title='bbox 560 1679 688 1733; x_wconf 68' lang='lat' dir='ltr'><strong>ecclesiia</strong></span> <span class='ocrx_word' id='word_1_52' title='bbox 706 1679 898 1750; x_wconf 82' lang='lat' dir='ltr'><strong>redigendo&#39;</strong></span> <span class='ocrx_word' id='word_1_53' title='bbox 891 1699 922 1734; x_wconf 90' lang='grc' dir='ltr'><strong>ιιι</strong></span> <span class='ocrx_word' id='word_1_54' title='bbox 949 1681 1075 1754; x_wconf 86' lang='lat' dir='ltr'><strong>scriptis,</strong></span> <span class='ocrx_word' id='word_1_55' title='bbox 1102 1689 1132 1736; x_wconf 93' lang='lat' dir='ltr'><strong>et</strong></span> <span class='ocrx_word' id='word_1_56' title='bbox 1158 1681 1264 1752; x_wconf 80' lang='lat' dir='ltr'>sigillis</span> <span class='ocrx_word' id='word_1_57' title='bbox 1281 1687 1343 1736; x_wconf 90' lang='lat' dir='ltr'><strong>tam</strong></span> <span class='ocrx_word' id='word_1_58' title='bbox 1369 1679 1463 1751; x_wconf 83' lang='lat' dir='ltr'><strong>regis¹</strong></span> 
     </span>
     <span class='ocr_line' id='line_1_9' title="bbox 411 1761 1463 1834; baseline 0.004 -20"><span class='ocrx_word' id='word_1_59' title='bbox 411 1764 430 1788; x_wconf 89' lang='lat'>“</span> <span class='ocrx_word' id='word_1_60' title='bbox 448 1778 536 1832; x_wconf 87' lang='lat' dir='ltr'><strong>quam</strong></span> <span class='ocrx_word' id='word_1_61' title='bbox 566 1761 776 1834; x_wconf 89' lang='lat' dir='ltr'><strong>archiepiscopi</strong></span> <span class='ocrx_word' id='word_1_62' title='bbox 805 1781 918 1820; x_wconf 88' lang='lat' dir='ltr'><strong>necnon</strong></span> <span class='ocrx_word' id='word_1_63' title='bbox 949 1773 979 1819; x_wconf 87' lang='lat' dir='ltr'><strong>st</strong></span> <span class='ocrx_word' id='word_1_64' title='bbox 1014 1765 1220 1819; x_wconf 90' lang='lat' dir='ltr'><strong>monachornm</strong></span> <span class='ocrx_word' id='word_1_65' title='bbox 1256 1763 1463 1834; x_wconf 80' lang='lat' dir='ltr'><strong>consignando,</strong></span> 
     </span>
     <span class='ocr_line' id='line_1_10' title="bbox 411 1844 1464 1918; baseline 0.003 -21"><span class='ocrx_word' id='word_1_66' title='bbox 411 1846 431 1869; x_wconf 87' lang='lat'>“</span> <span class='ocrx_word' id='word_1_67' title='bbox 450 1861 545 1915; x_wconf 87' lang='lat' dir='ltr'><strong>neque</strong></span> <span class='ocrx_word' id='word_1_68' title='bbox 575 1844 639 1909; x_wconf 89' lang='lat' dir='ltr'><strong>hoc,</strong></span> <span class='ocrx_word' id='word_1_69' title='bbox 667 1845 743 1899; x_wconf 89' lang='lat' dir='ltr'><strong>uude</strong></span> <span class='ocrx_word' id='word_1_70' title='bbox 777 1846 854 1918; x_wconf 90' lang='lat' dir='ltr'><strong>ipsos</strong></span> <span class='ocrx_word' id='word_1_71' title='bbox 881 1847 912 1901; x_wconf 94' lang='lat' dir='ltr'><strong>in</strong></span> <span class='ocrx_word' id='word_1_72' title='bbox 943 1848 1068 1902; x_wconf 91' lang='lat' dir='ltr'><strong>Domino</strong></span> <span class='ocrx_word' id='word_1_73' title='bbox 1093 1847 1338 1912; x_wconf 87' lang='lat' dir='ltr'><strong>commendamus,</strong></span> <span class='ocrx_word' id='word_1_74' title='bbox 1369 1846 1464 1900; x_wconf 83' lang='lat' dir='ltr'><strong>facere</strong></span> 
     </span>
     <span class='ocr_line' id='line_1_11' title="bbox 412 1927 1463 2001; baseline 0.002 -21"><span class='ocrx_word' id='word_1_75' title='bbox 412 1927 430 1954; x_wconf 89' lang='lat'>“</span> <span class='ocrx_word' id='word_1_76' title='bbox 449 1927 616 1993; x_wconf 82' lang='lat' dir='ltr'><strong>voluissent,</strong></span> <span class='ocrx_word' id='word_1_77' title='bbox 637 1928 714 1983; x_wconf 91' lang='lat' dir='ltr'><strong>siout</strong></span> <span class='ocrx_word' id='word_1_78' title='bbox 730 1935 794 1984; x_wconf 84' lang='lat' dir='ltr'><strong>erat</strong></span> <span class='ocrx_word' id='word_1_79' title='bbox 811 1930 893 2001; x_wconf 89' lang='lat' dir='ltr'><strong>prius</strong></span> <span class='ocrx_word' id='word_1_80' title='bbox 911 1929 942 1983; x_wconf 89' lang='lat' dir='ltr'><strong>in</strong></span> <span class='ocrx_word' id='word_1_81' title='bbox 959 1931 1087 2000; x_wconf 86' lang='lat' dir='ltr'><strong>ipsorum</strong></span> <span class='ocrx_word' id='word_1_82' title='bbox 1107 1929 1265 2000; x_wconf 86' lang='lat' dir='ltr'><strong>perniciem</strong></span> <span class='ocrx_word' id='word_1_83' title='bbox 1283 1930 1445 2000; x_wconf 74' lang='lat' dir='ltr'><strong>cogitatum</strong></span> <span class='ocrx_word' id='word_1_84' title='bbox 1455 1951 1463 1992; x_wconf 91' lang='lat'>;</span> 
     </span>
     <span class='ocr_line' id='line_1_12' title="bbox 412 2010 1464 2085; baseline 0.002 -21"><span class='ocrx_word' id='word_1_85' title='bbox 412 2013 431 2036; x_wconf 91' lang='lat'>“</span> <span class='ocrx_word' id='word_1_86' title='bbox 452 2010 557 2066; x_wconf 86' lang='lat' dir='ltr'><strong>ablatis</strong></span> <span class='ocrx_word' id='word_1_87' title='bbox 569 2028 670 2066; x_wconf 91' lang='lat' dir='ltr'><strong>eorum</strong></span> <span class='ocrx_word' id='word_1_88' title='bbox 688 2013 918 2084; x_wconf 76' lang='lat' dir='ltr'><strong>possessionibus</strong></span> <span class='ocrx_word' id='word_1_89' title='bbox 932 2019 962 2068; x_wconf 91' lang='lat' dir='ltr'><strong>et</strong></span> <span class='ocrx_word' id='word_1_90' title='bbox 973 2013 1146 2079; x_wconf 80' lang='lat' dir='ltr'><strong>redditibus,</strong></span> <span class='ocrx_word' id='word_1_91' title='bbox 1166 2014 1203 2069; x_wconf 90' lang='lat' dir='ltr'><strong>ad</strong></span> <span class='ocrx_word' id='word_1_92' title='bbox 1221 2014 1317 2069; x_wconf 89' lang='lat' dir='ltr'><strong>sedem</strong></span> <span class='ocrx_word' id='word_1_93' title='bbox 1330 2012 1464 2085; x_wconf 88' lang='lat' dir='ltr'><strong>apostoli·</strong></span> 
     </span>
     <span class='ocr_line' id='line_1_13' title="bbox 412 2094 1464 2168; baseline 0 -19"><span class='ocrx_word' id='word_1_94' title='bbox 412 2095 432 2120; x_wconf 86' lang='lat'><strong>“</strong></span> <span class='ocrx_word' id='word_1_95' title='bbox 452 2110 514 2149; x_wconf 88' lang='lat' dir='ltr'><strong>eam</strong></span> <span class='ocrx_word' id='word_1_96' title='bbox 533 2094 664 2151; x_wconf 88' lang='lat' dir='ltr'><strong>nolentes</strong></span> <span class='ocrx_word' id='word_1_97' title='bbox 688 2095 797 2167; x_wconf 85' lang='lat' dir='ltr'><strong>pariter</strong></span> <span class='ocrx_word' id='word_1_98' title='bbox 825 2102 856 2152; x_wconf 92' lang='lat' dir='ltr'><strong>et</strong></span> <span class='ocrx_word' id='word_1_99' title='bbox 873 2096 1004 2153; x_wconf 88' lang='lat' dir='ltr'><strong>dolentes</strong></span> <span class='ocrx_word' id='word_1_100' title='bbox 1029 2097 1171 2168; x_wconf 89' lang='lat' dir='ltr'><strong>compulsi</strong></span> <span class='ocrx_word' id='word_1_101' title='bbox 1189 2103 1258 2152; x_wconf 86' lang='lat' dir='ltr'><strong>suut</strong></span> <span class='ocrx_word' id='word_1_102' title='bbox 1282 2098 1391 2151; x_wconf 85' lang='lat' dir='ltr'><strong>venire.</strong></span> <span class='ocrx_word' id='word_1_103' title='bbox 1427 2095 1464 2149; x_wconf 89' lang='lat' dir='ltr'><strong>Iu</strong></span> 
     </span>
     <span class='ocr_line' id='line_1_14' title="bbox 412 2180 1466 2254; baseline 0.001 -20"><span class='ocrx_word' id='word_1_104' title='bbox 412 2182 432 2206; x_wconf 86' lang='lat'><strong>“</strong></span> <span class='ocrx_word' id='word_1_105' title='bbox 451 2196 574 2251; x_wconf 90' lang='lat' dir='ltr'><strong>quorum</strong></span> <span class='ocrx_word' id='word_1_106' title='bbox 592 2180 718 2237; x_wconf 87' lang='lat' dir='ltr'><strong>adventu</strong></span> <span class='ocrx_word' id='word_1_107' title='bbox 730 2188 885 2238; x_wconf 83' lang='lat' dir='ltr'><strong>renovatus</strong></span> <span class='ocrx_word' id='word_1_108' title='bbox 903 2189 948 2238; x_wconf 90' lang='lat' dir='ltr'><strong>est</strong></span> <span class='ocrx_word' id='word_1_109' title='bbox 965 2183 1048 2238; x_wconf 90' lang='lat' dir='ltr'><strong>dolor</strong></span> <span class='ocrx_word' id='word_1_110' title='bbox 1064 2188 1172 2246; x_wconf 85' lang='lat' dir='ltr'><strong>noster,</strong></span> <span class='ocrx_word' id='word_1_111' title='bbox 1186 2183 1255 2254; x_wconf 87' lang='lat' dir='ltr'><strong>quia</strong></span> <span class='ocrx_word' id='word_1_112' title='bbox 1273 2182 1466 2238; x_wconf 77' lang='lat' dir='ltr'><strong>sustinuimus</strong></span> 
     </span>
     <span class='ocr_line' id='line_1_15' title="bbox 412 2264 1620 2338; baseline 0.002 -21"><span class='ocrx_word' id='word_1_113' title='bbox 412 2265 430 2289; x_wconf 85' lang='lat'><strong>‘⁴</strong></span> <span class='ocrx_word' id='word_1_114' title='bbox 449 2280 516 2323; x_wconf 83' lang='lat' dir='ltr'><strong>oum</strong></span> <span class='ocrx_word' id='word_1_115' title='bbox 534 2264 675 2335; x_wconf 86' lang='lat' dir='ltr'><strong>propheta</strong></span> <span class='ocrx_word' id='word_1_116' title='bbox 692 2282 792 2336; x_wconf 83' lang='lat' dir='ltr'><strong>pacem</strong></span> <span class='ocrx_word' id='word_1_117' title='bbox 810 2274 840 2321; x_wconf 92' lang='lat' dir='ltr'><strong>et</strong></span> <span class='ocrx_word' id='word_1_118' title='bbox 856 2284 916 2321; x_wconf 91' lang='lat' dir='ltr'><strong>nou</strong></span> <span class='ocrx_word' id='word_1_119' title='bbox 933 2267 1023 2331; x_wconf 82' lang='lat' dir='ltr'><strong>veuit,</strong></span> <span class='ocrx_word' id='word_1_120' title='bbox 1043 2267 1230 2338; x_wconf 75' lang='lat' dir='ltr'><strong>quaesivimus</strong></span> <span class='ocrx_word' id='word_1_121' title='bbox 1247 2267 1331 2331; x_wconf 92' lang='lat' dir='ltr'><strong>bona,</strong></span> <span class='ocrx_word' id='word_1_122' title='bbox 1350 2272 1380 2320; x_wconf 90' lang='lat' dir='ltr'><strong>et</strong></span> <span class='ocrx_word' id='word_1_123' title='bbox 1398 2275 1620 2321; x_wconf 62' lang='lat' dir='ltr'><strong>cocomarium</strong></span> 
     </span>
     <span class='ocr_line' id='line_1_16' title="bbox 411 2347 1466 2406; baseline 0.003 -6"><span class='ocrx_word' id='word_1_124' title='bbox 411 2348 430 2373; x_wconf 81' lang='lat'><strong>‘⁴</strong></span> <span class='ocrx_word' id='word_1_125' title='bbox 450 2347 590 2402; x_wconf 76' lang='lat' dir='ltr'><strong>turbatio.</strong></span> <span class='ocrx_word' id='word_1_126' title='bbox 628 2347 702 2403; x_wconf 77' lang='lat' dir='ltr'><strong>(lum</strong></span> <span class='ocrx_word' id='word_1_127' title='bbox 729 2349 809 2404; x_wconf 90' lang='lat' dir='ltr'><strong>enim</strong></span> <span class='ocrx_word' id='word_1_128' title='bbox 837 2356 967 2406; x_wconf 82' lang='lat' dir='ltr'><strong>veterem</strong></span> <span class='ocrx_word' id='word_1_129' title='bbox 993 2350 1046 2406; x_wconf 88' lang='lat' dir='ltr'><strong>sed</strong></span> <span class='ocrx_word' id='word_1_130' title='bbox 1070 2349 1200 2404; x_wconf 88' lang='lat' dir='ltr'><strong>nondum</strong></span> <span class='ocrx_word' id='word_1_131' title='bbox 1226 2349 1415 2405; x_wconf 83' lang='lat' dir='ltr'><strong>inveteratam</strong></span> <span class='ocrx_word' id='word_1_132' title='bbox 1436 2354 1466 2404; x_wconf 90' lang='lat' dir='ltr'><strong>et</strong></span> 
     </span>
     <span class='ocr_line' id='line_1_17' title="bbox 411 2430 1464 2505; baseline 0.002 -21"><span class='ocrx_word' id='word_1_133' title='bbox 411 2433 431 2458; x_wconf 88' lang='lat'>“</span> <span class='ocrx_word' id='word_1_134' title='bbox 451 2430 619 2501; x_wconf 63' lang='lat' dir='ltr'><strong>praelatam²</strong></span> <span class='ocrx_word' id='word_1_135' title='bbox 637 2434 828 2504; x_wconf 75' lang='lat' dir='ltr'><strong>quaestionem</strong></span> <span class='ocrx_word' id='word_1_136' title='bbox 856 2434 963 2505; x_wconf 77' lang='lat' dir='ltr'><strong>saepius</strong></span> <span class='ocrx_word' id='word_1_137' title='bbox 982 2434 1019 2489; x_wconf 90' lang='lat' dir='ltr'><strong>od</strong></span> <span class='ocrx_word' id='word_1_138' title='bbox 1044 2434 1141 2490; x_wconf 90' lang='lat' dir='ltr'><strong>sedem</strong></span> <span class='ocrx_word' id='word_1_139' title='bbox 1159 2433 1349 2505; x_wconf 84' lang='lat' dir='ltr'><strong>apostolicam</strong></span> <span class='ocrx_word' id='word_1_140' title='bbox 1367 2432 1464 2488; x_wconf 85' lang='lat' dir='ltr'><strong>crede·</strong></span> 
     </span>
     <span class='ocr_line' id='line_1_18' title="bbox 411 2514 1465 2590; baseline 0.001 -21"><span class='ocrx_word' id='word_1_141' title='bbox 411 2514 431 2541; x_wconf 77' lang='lat'><strong>‘⁶</strong></span> <span class='ocrx_word' id='word_1_142' title='bbox 450 2532 548 2570; x_wconf 88' lang='lat' dir='ltr'><strong>remus</strong></span> <span class='ocrx_word' id='word_1_143' title='bbox 573 2517 689 2588; x_wconf 89' lang='lat' dir='ltr'><strong>penitus</strong></span> <span class='ocrx_word' id='word_1_144' title='bbox 714 2518 879 2585; x_wconf 85' lang='lat' dir='ltr'><strong>extinxisse,</strong></span> <span class='ocrx_word' id='word_1_145' title='bbox 909 2517 992 2590; x_wconf 84' lang='lat' dir='ltr'><strong>cujus</strong></span> <span class='ocrx_word' id='word_1_146' title='bbox 1020 2518 1169 2573; x_wconf 85' lang='lat' dir='ltr'><strong>occasione</strong></span> <span class='ocrx_word' id='word_1_147' title='bbox 1193 2517 1324 2589; x_wconf 80' lang='lat' dir='ltr'><strong>religiosi</strong></span> <span class='ocrx_word' id='word_1_148' title='bbox 1348 2516 1405 2571; x_wconf 81' lang='lat' dir='ltr'><strong>viri</strong></span> <span class='ocrx_word' id='word_1_149' title='bbox 1435 2523 1465 2570; x_wconf 89' lang='lat' dir='ltr'><strong>ot</strong></span> 
     </span>
     <span class='ocr_line' id='line_1_19' title="bbox 412 2598 1466 2674; baseline 0.002 -21"><span class='ocrx_word' id='word_1_150' title='bbox 412 2598 431 2624; x_wconf 89' lang='lat'>“</span> <span class='ocrx_word' id='word_1_151' title='bbox 452 2598 546 2655; x_wconf 90' lang='lat' dir='ltr'><strong>Deum</strong></span> <span class='ocrx_word' id='word_1_152' title='bbox 563 2600 701 2656; x_wconf 87' lang='lat' dir='ltr'><strong>timentes</strong></span> <span class='ocrx_word' id='word_1_153' title='bbox 721 2601 869 2658; x_wconf 88' lang='lat' dir='ltr'><strong>Honorius</strong></span> <span class='ocrx_word' id='word_1_154' title='bbox 887 2602 1033 2674; x_wconf 89' lang='lat' dir='ltr'><strong>quondam</strong></span> <span class='ocrx_word' id='word_1_155' title='bbox 1051 2602 1131 2673; x_wconf 92' lang='lat' dir='ltr'><strong>prior</strong></span> <span class='ocrx_word' id='word_1_156' title='bbox 1148 2611 1178 2657; x_wconf 90' lang='lat' dir='ltr'><strong>et</strong></span> <span class='ocrx_word' id='word_1_157' title='bbox 1194 2600 1328 2656; x_wconf 88' lang='lat' dir='ltr'><strong>nonnulli</strong></span> <span class='ocrx_word' id='word_1_158' title='bbox 1341 2601 1466 2656; x_wconf 87' lang='lat' dir='ltr'><strong>Cantua·</strong></span> 
     </span>
     <span class='ocr_line' id='line_1_20' title="bbox 409 2678 1466 2757; baseline 0.002 -20"><span class='ocrx_word' id='word_1_159' title='bbox 409 2678 429 2708; x_wconf 91' lang='lat'><em>“</em></span> <span class='ocrx_word' id='word_1_160' title='bbox 448 2684 592 2738; x_wconf 83' lang='lat' dir='ltr'><strong>rieusium</strong></span> <span class='ocrx_word' id='word_1_161' title='bbox 616 2686 823 2741; x_wconf 87' lang='lat' dir='ltr'><strong>monachornm</strong></span> <span class='ocrx_word' id='word_1_162' title='bbox 847 2703 900 2757; x_wconf 93' lang='lat' dir='ltr'><strong>pro</strong></span> <span class='ocrx_word' id='word_1_163' title='bbox 930 2687 1064 2742; x_wconf 85' lang='lat' dir='ltr'><strong>libertate</strong></span> <span class='ocrx_word' id='word_1_164' title='bbox 1083 2687 1174 2757; x_wconf 88' lang='lat' dir='ltr'><strong>ipsius</strong></span> <span class='ocrx_word' id='word_1_165' title='bbox 1200 2685 1329 2741; x_wconf 75' lang='lat' dir='ltr'><strong>eeclesia</strong></span> <span class='ocrx_word' id='word_1_166' title='bbox 1353 2685 1466 2740; x_wconf 88' lang='lat' dir='ltr'><strong>animas</strong></span> 
     </span>
     <span class='ocr_line' id='line_1_21' title="bbox 414 2769 1465 2841; baseline -0.003 -17"><span class='ocrx_word' id='word_1_167' title='bbox 414 2771 432 2795; x_wconf 92' lang='lat'><strong>“</strong></span> <span class='ocrx_word' id='word_1_168' title='bbox 453 2774 621 2838; x_wconf 88' lang='lat' dir='ltr'><strong>posuerunt,</strong></span> <span class='ocrx_word' id='word_1_169' title='bbox 640 2776 670 2824; x_wconf 96' lang='lat' dir='ltr'><strong>et</strong></span> <span class='ocrx_word' id='word_1_170' title='bbox 687 2769 730 2825; x_wconf 91' lang='lat' dir='ltr'><strong>hii</strong></span> <span class='ocrx_word' id='word_1_171' title='bbox 748 2771 798 2839; x_wconf 90' lang='lat' dir='ltr'><strong>qui</strong></span> <span class='ocrx_word' id='word_1_172' title='bbox 826 2788 919 2841; x_wconf 86' lang='lat' dir='ltr'><strong>nuper</strong></span> <span class='ocrx_word' id='word_1_173' title='bbox 937 2769 974 2824; x_wconf 88' lang='lat' dir='ltr'><strong>ad</strong></span> <span class='ocrx_word' id='word_1_174' title='bbox 992 2786 1043 2825; x_wconf 87' lang='lat' dir='ltr'><strong>nos</strong></span> <span class='ocrx_word' id='word_1_175' title='bbox 1060 2777 1203 2825; x_wconf 77' lang='lat' dir='ltr'><strong>venerunt</strong></span> <span class='ocrx_word' id='word_1_176' title='bbox 1220 2770 1465 2841; x_wconf 69' lang='lat' dir='ltr'><strong>predecessorum</strong></span> 
     </span>
     <span class='ocr_line' id='line_1_22' title="bbox 412 2850 1464 2924; baseline -0.002 -17"><span class='ocrx_word' id='word_1_177' title='bbox 412 2856 430 2881; x_wconf 85' lang='lat'><strong>“</strong></span> <span class='ocrx_word' id='word_1_178' title='bbox 450 2851 584 2924; x_wconf 75' lang='lat' dir='ltr'><strong>vestigiis</strong></span> <span class='ocrx_word' id='word_1_179' title='bbox 609 2853 783 2908; x_wconf 75' lang='lat' dir='ltr'><strong>inhaerentes</strong></span> <span class='ocrx_word' id='word_1_180' title='bbox 809 2853 925 2908; x_wconf 88' lang='lat' dir='ltr'><strong>malunt</strong></span> <span class='ocrx_word' id='word_1_181' title='bbox 955 2853 1030 2908; x_wconf 89' lang='lat' dir='ltr'><strong>mori</strong></span> <span class='ocrx_word' id='word_1_182' title='bbox 1058 2870 1110 2923; x_wconf 88' lang='lat' dir='ltr'><strong>pro</strong></span> <span class='ocrx_word' id='word_1_183' title='bbox 1128 2851 1229 2908; x_wconf 87' lang='lat' dir='ltr'><strong>eadem</strong></span> <span class='ocrx_word' id='word_1_184' title='bbox 1255 2870 1341 2924; x_wconf 88' lang='lat' dir='ltr'><strong>quam</strong></span> <span class='ocrx_word' id='word_1_185' title='bbox 1365 2850 1464 2907; x_wconf 84' lang='lat' dir='ltr'><strong>videre</strong></span> 
     </span>
     <span class='ocr_line' id='line_1_23' title="bbox 412 2935 1466 3008; baseline 0 -18"><span class='ocrx_word' id='word_1_186' title='bbox 412 2938 431 2964; x_wconf 90' lang='grc'>“</span> <span class='ocrx_word' id='word_1_187' title='bbox 451 2938 530 2991; x_wconf 87' lang='lat' dir='ltr'><strong>mala</strong></span> <span class='ocrx_word' id='word_1_188' title='bbox 541 2937 637 3008; x_wconf 82' lang='lat' dir='ltr'><strong>gentis</strong></span> <span class='ocrx_word' id='word_1_189' title='bbox 648 2953 709 2990; x_wconf 83' lang='lat' dir='ltr'><strong>suae</strong></span> <span class='ocrx_word' id='word_1_190' title='bbox 727 2942 757 2991; x_wconf 88' lang='lat' dir='ltr'><strong>et</strong></span> <span class='ocrx_word' id='word_1_191' title='bbox 769 2942 935 2993; x_wconf 84' lang='lat' dir='ltr'><strong>sanctorum</strong></span> <span class='ocrx_word' id='word_1_192' title='bbox 947 2935 1075 2991; x_wconf 76' lang='lat' dir='ltr'><strong>ecclesiae</strong></span> <span class='ocrx_word' id='word_1_193' title='bbox 1087 2959 1094 3002; x_wconf 89' lang='lat'>;</span> <span class='ocrx_word' id='word_1_194' title='bbox 1116 2936 1199 3007; x_wconf 88' lang='lat' dir='ltr'><strong>quasi</strong></span> <span class='ocrx_word' id='word_1_195' title='bbox 1210 2935 1328 2991; x_wconf 89' lang='lat' dir='ltr'><strong>morbus</strong></span> <span class='ocrx_word' id='word_1_196' title='bbox 1340 2935 1466 3008; x_wconf 83' lang='lat' dir='ltr'><strong>pullulet</strong></span> 
     </span>
     <span class='ocr_line' id='line_1_24' title="bbox 414 3019 1466 3092; baseline -0.001 -17"><span class='ocrx_word' id='word_1_197' title='bbox 414 3024 431 3048; x_wconf 87' lang='lat'><strong>‘⁴</strong></span> <span class='ocrx_word' id='word_1_198' title='bbox 449 3020 604 3083; x_wconf 85' lang='lat' dir='ltr'><strong>recidivus,</strong></span> <span class='ocrx_word' id='word_1_199' title='bbox 623 3027 653 3076; x_wconf 89' lang='lat' dir='ltr'><strong>et</strong></span> <span class='ocrx_word' id='word_1_200' title='bbox 670 3021 827 3075; x_wconf 82' lang='lat' dir='ltr'><strong>factasunt</strong></span> <span class='ocrx_word' id='word_1_201' title='bbox 845 3019 1003 3075; x_wconf 83' lang='lat' dir='ltr'><strong>novissima</strong></span> <span class='ocrx_word' id='word_1_202' title='bbox 1020 3021 1083 3092; x_wconf 87' lang='lat' dir='ltr'><strong>ejus</strong></span> <span class='ocrx_word' id='word_1_203' title='bbox 1101 3021 1200 3092; x_wconf 89' lang='lat' dir='ltr'><strong>pejora</strong></span> <span class='ocrx_word' id='word_1_204' title='bbox 1215 3020 1370 3091; x_wconf 86' lang='lat' dir='ltr'><strong>prioribus,</strong></span> <span class='ocrx_word' id='word_1_205' title='bbox 1388 3019 1466 3091; x_wconf 91' lang='lat' dir='ltr'><strong>quod</strong></span> 
     </span>
     <span class='ocr_line' id='line_1_25' title="bbox 413 3103 1466 3176; baseline -0.001 -16"><span class='ocrx_word' id='word_1_206' title='bbox 413 3106 550 3160; x_wconf 86' lang='lat' dir='ltr'><strong>“tristes</strong></span> <span class='ocrx_word' id='word_1_207' title='bbox 576 3105 727 3159; x_wconf 73' lang='lat' dir='ltr'><strong>referimus</strong></span> <span class='ocrx_word' id='word_1_208' title='bbox 753 3114 783 3160; x_wconf 92' lang='lat' dir='ltr'><strong>et</strong></span> <span class='ocrx_word' id='word_1_209' title='bbox 807 3103 944 3159; x_wconf 88' lang='lat' dir='ltr'><strong>dolentes.</strong></span> <span class='ocrx_word' id='word_1_210' title='bbox 982 3104 1073 3159; x_wconf 88' lang='lat' dir='ltr'><strong>Porro</strong></span> <span class='ocrx_word' id='word_1_211' title='bbox 1100 3105 1236 3176; x_wconf 90' lang='lat' dir='ltr'><strong>quoniam</strong></span> <span class='ocrx_word' id='word_1_212' title='bbox 1262 3105 1466 3159; x_wconf 85' lang='lat' dir='ltr'><strong>auctoritatem</strong></span> 
     </span>
     <span class='ocr_line' id='line_1_26' title="bbox 414 3186 1466 3259; baseline 0.001 -17"><span class='ocrx_word' id='word_1_213' title='bbox 414 3190 432 3214; x_wconf 80' lang='lat'><strong>‘⁴</strong></span> <span class='ocrx_word' id='word_1_214' title='bbox 453 3187 528 3243; x_wconf 90' lang='lat' dir='ltr'><strong>sedis</strong></span> <span class='ocrx_word' id='word_1_215' title='bbox 548 3187 723 3259; x_wconf 85' lang='lat' dir='ltr'><strong>apostolicae,</strong></span> <span class='ocrx_word' id='word_1_216' title='bbox 744 3188 791 3242; x_wconf 91' lang='lat' dir='ltr'><strong>cui</strong></span> <span class='ocrx_word' id='word_1_217' title='bbox 809 3188 879 3242; x_wconf 87' lang='lat' dir='ltr'><strong>licet</strong></span> <span class='ocrx_word' id='word_1_218' title='bbox 899 3187 1032 3243; x_wconf 89' lang='lat' dir='ltr'><strong>inmeriti</strong></span> <span class='ocrx_word' id='word_1_219' title='bbox 1049 3186 1249 3258; x_wconf 77' lang='lat' dir='ltr'><strong>praesidemus,</strong></span> <span class='ocrx_word' id='word_1_220' title='bbox 1268 3186 1399 3258; x_wconf 77' lang='lat' dir='ltr'><strong>vigorem</strong></span> <span class='ocrx_word' id='word_1_221' title='bbox 1417 3188 1466 3243; x_wconf 91' lang='lat' dir='ltr'><strong>de·</strong></span> 
     </span>
     <span class='ocr_line' id='line_1_27' title="bbox 414 3270 1465 3343; baseline 0.001 -18"><span class='ocrx_word' id='word_1_222' title='bbox 414 3273 432 3296; x_wconf 87' lang='lat'>“</span> <span class='ocrx_word' id='word_1_223' title='bbox 451 3271 546 3325; x_wconf 90' lang='lat' dir='ltr'><strong>bitum</strong></span> <span class='ocrx_word' id='word_1_224' title='bbox 558 3270 692 3325; x_wconf 87' lang='lat' dir='ltr'><strong>volumus</strong></span> <span class='ocrx_word' id='word_1_225' title='bbox 710 3271 851 3343; x_wconf 85' lang='lat' dir='ltr'><strong>optinere,</strong></span> <span class='ocrx_word' id='word_1_226' title='bbox 864 3287 919 3324; x_wconf 89' lang='lat' dir='ltr'><strong>nec</strong></span> <span class='ocrx_word' id='word_1_227' title='bbox 937 3270 1081 3325; x_wconf 87' lang='lat' dir='ltr'><strong>sustinere</strong></span> <span class='ocrx_word' id='word_1_228' title='bbox 1099 3287 1250 3341; x_wconf 86' lang='lat' dir='ltr'><strong>possumus</strong></span> <span class='ocrx_word' id='word_1_229' title='bbox 1262 3271 1309 3326; x_wconf 85' lang='lat' dir='ltr'><strong>vel</strong></span> <span class='ocrx_word' id='word_1_230' title='bbox 1327 3270 1465 3326; x_wconf 88' lang='lat' dir='ltr'><strong>debemus</strong></span> 
     </span>
     <span class='ocr_line' id='line_1_28' title="bbox 414 3353 1466 3425; baseline 0.001 -18"><span class='ocrx_word' id='word_1_231' title='bbox 414 3356 433 3381; x_wconf 90' lang='lat'>“</span> <span class='ocrx_word' id='word_1_232' title='bbox 453 3354 536 3409; x_wconf 89' lang='lat' dir='ltr'><strong>utin</strong></span> <span class='ocrx_word' id='word_1_233' title='bbox 554 3353 791 3425; x_wconf 79' lang='lat' dir='ltr'><strong>suggillationem</strong></span> <span class='ocrx_word' id='word_1_234' title='bbox 815 3353 878 3425; x_wconf 87' lang='lat' dir='ltr'><strong>ejus</strong></span> <span class='ocrx_word' id='word_1_235' title='bbox 896 3353 1008 3424; x_wconf 90' lang='lat' dir='ltr'><strong>aliquid</strong></span> <span class='ocrx_word' id='word_1_236' title='bbox 1033 3353 1137 3409; x_wconf 88' lang='lat' dir='ltr'><strong>debeat</strong></span> <span class='ocrx_word' id='word_1_237' title='bbox 1154 3353 1333 3424; x_wconf 70' lang='lat' dir='ltr'><strong>attemptari,</strong></span> <span class='ocrx_word' id='word_1_238' title='bbox 1352 3355 1466 3425; x_wconf 75' lang='lat' dir='ltr'><strong>magni·</strong></span> 
     </span>
     <span class='ocr_line' id='line_1_29' title="bbox 414 3435 1467 3507; baseline 0.001 -16"><span class='ocrx_word' id='word_1_239' title='bbox 414 3439 432 3465; x_wconf 90' lang='grc'>“</span> <span class='ocrx_word' id='word_1_240' title='bbox 452 3437 598 3493; x_wconf 86' lang='lat' dir='ltr'><strong>ficentiam</strong></span> <span class='ocrx_word' id='word_1_241' title='bbox 616 3437 728 3507; x_wconf 81' lang='lat' dir='ltr'><strong>regiam</strong></span> <span class='ocrx_word' id='word_1_242' title='bbox 742 3435 778 3491; x_wconf 92' lang='lat' dir='ltr'><strong>de</strong></span> <span class='ocrx_word' id='word_1_243' title='bbox 795 3453 868 3507; x_wconf 89' lang='lat' dir='ltr'><strong>puro</strong></span> <span class='ocrx_word' id='word_1_244' title='bbox 886 3435 971 3491; x_wconf 88' lang='lat' dir='ltr'><strong>corde</strong></span> <span class='ocrx_word' id='word_1_245' title='bbox 987 3453 1134 3507; x_wconf 83' lang='lat' dir='ltr'><strong>rogamus,</strong></span> <span class='ocrx_word' id='word_1_246' title='bbox 1152 3453 1304 3491; x_wconf 87' lang='lat' dir='ltr'><strong>monemus</strong></span> <span class='ocrx_word' id='word_1_247' title='bbox 1321 3442 1351 3491; x_wconf 91' lang='lat' dir='ltr'><strong>et</strong></span> <span class='ocrx_word' id='word_1_248' title='bbox 1368 3436 1467 3492; x_wconf 84' lang='lat' dir='ltr'><strong>horta·</strong></span> 
     </span>
     <span class='ocr_line' id='line_1_30' title="bbox 413 3517 1466 3589; baseline -0.001 -14.962"><span class='ocrx_word' id='word_1_249' title='bbox 413 3521 519 3574; x_wconf 90' lang='lat' dir='ltr'><strong>“mur</strong></span> <span class='ocrx_word' id='word_1_250' title='bbox 546 3526 575 3573; x_wconf 91' lang='lat' dir='ltr'><strong>et</strong></span> <span class='ocrx_word' id='word_1_251' title='bbox 610 3519 640 3573; x_wconf 91' lang='lat' dir='ltr'><strong>in</strong></span> <span class='ocrx_word' id='word_1_252' title='bbox 670 3519 873 3572; x_wconf 88' lang='lat' dir='ltr'><strong>remissionem</strong></span> <span class='ocrx_word' id='word_1_253' title='bbox 900 3525 1084 3589; x_wconf 87' lang='lat' dir='ltr'><strong>peccatorum</strong></span> <span class='ocrx_word' id='word_1_254' title='bbox 1111 3517 1302 3589; x_wconf 81' lang='lat' dir='ltr'><strong>iujungimus,</strong></span> <span class='ocrx_word' id='word_1_255' title='bbox 1328 3519 1466 3589; x_wconf 88' lang='lat' dir='ltr'><strong>quatinus</strong></span> 
     </span>
     <span class='ocr_line' id='line_1_31' title="bbox 244 3603 1467 3740; baseline 0 -82"><span class='ocrx_word' id='word_1_256' title='bbox 244 3625 365 3718; x_wconf 45' lang='lat' dir='ltr'><strong>mm</strong></span> <span class='ocrx_word' id='word_1_257' title='bbox 414 3690 421 3714; x_wconf 42' lang='lat'><em>⁴</em></span> <span class='ocrx_word' id='word_1_258' title='bbox 413 3604 594 3660; x_wconf 84' lang='lat' dir='ltr'><strong>“revocatis</strong></span> <span class='ocrx_word' id='word_1_259' title='bbox 612 3603 836 3740; x_wconf 59' lang='lat' dir='ltr'><strong>omnibnstquoe</strong></span> <span class='ocrx_word' id='word_1_260' title='bbox 854 3608 956 3740; x_wconf 44' lang='lat' dir='ltr'><strong>omre</strong></span> <span class='ocrx_word' id='word_1_261' title='bbox 980 3603 1094 3737; x_wconf 61' lang='lat' dir='ltr'><strong>eosgem</strong></span> <span class='ocrx_word' id='word_1_262' title='bbox 1113 3603 1268 3658; x_wconf 86' lang='lat' dir='ltr'><strong>monachos</strong></span> <span class='ocrx_word' id='word_1_263' title='bbox 1292 3608 1467 3740; x_wconf 50' lang='lat' dir='ltr'><strong>attemptzta</strong></span> 
     </span>
     <span class='ocr_line' id='line_1_32' title="bbox 426 3686 1468 3750; baseline 0 -10"><span class='ocrx_word' id='word_1_264' title='bbox 426 3690 433 3713; x_wconf 93' lang='lat'>‘</span> <span class='ocrx_word' id='word_1_265' title='bbox 541 3706 561 3740; x_wconf 91' lang='lat' dir='ltr'><strong>n</strong></span> <span class='ocrx_word' id='word_1_266' title='bbox 612 3687 670 3750; x_wconf 90' lang='lat' dir='ltr'><strong>,in</strong></span> <span class='ocrx_word' id='word_1_267' title='bbox 708 3686 734 3740; x_wconf 89' lang='lat' dir='ltr'><strong>ri</strong></span> <span class='ocrx_word' id='word_1_268' title='bbox 763 3686 877 3740; x_wconf 89' lang='lat' dir='ltr'><strong>inums</strong></span> <span class='ocrx_word' id='word_1_269' title='bbox 924 3702 1114 3740; x_wconf 86' lang='lat' dir='ltr'><strong>nmreueas</strong></span> <span class='ocrx_word' id='word_1_270' title='bbox 1165 3702 1202 3740; x_wconf 92' lang='lat' dir='ltr'><strong>uo</strong></span> <span class='ocrx_word' id='word_1_271' title='bbox 1254 3686 1468 3740; x_wconf 83' lang='lat' dir='ltr'><strong>rorevereuia</strong></span> 
     </span>
     <span class='ocr_line' id='line_1_33' title="bbox 244 3694 1466 3841; baseline -0.004 -13"><span class='ocrx_word' id='word_1_272' title='bbox 244 3725 433 3828; x_wconf 35' lang='lat' dir='ltr'><strong>ilffile‘</strong></span> <span class='ocrx_word' id='word_1_273' title='bbox 453 3705 541 3824; x_wconf 40' lang='lat' dir='ltr'><strong>&amp;aa</strong></span> <span class='ocrx_word' id='word_1_274' title='bbox 560 3694 833 3841; x_wconf 53' lang='lat' dir='ltr'><strong>rtalprostoliEaesapud</strong></span> <span class='ocrx_word' id='word_1_275' title='bbox 856 3767 1068 3823; x_wconf 86' lang='lat' dir='ltr'><strong>sublimitatem</strong></span> <span class='ocrx_word' id='word_1_276' title='bbox 1092 3703 1175 3822; x_wconf 44' lang='lat' dir='ltr'><strong>ticin</strong></span> <span class='ocrx_word' id='word_1_277' title='bbox 1201 3703 1301 3823; x_wconf 58' lang='lat' dir='ltr'><strong>labem</strong></span> <span class='ocrx_word' id='word_1_278' title='bbox 1330 3768 1466 3823; x_wconf 88' lang='lat' dir='ltr'><strong>volumus</strong></span> 
     </span>
     <span class='ocr_line' id='line_1_34' title="bbox 414 3850 1465 3925; baseline -0.002 -17"><span class='ocrx_word' id='word_1_279' title='bbox 414 3853 613 3925; x_wconf 87' lang='lat' dir='ltr'><strong>“plurimum</strong></span> <span class='ocrx_word' id='word_1_280' title='bbox 638 3851 862 3916; x_wconf 85' lang='lat' dir='ltr'><strong>commendatos,</strong></span> <span class='ocrx_word' id='word_1_281' title='bbox 882 3850 1052 3907; x_wconf 84' lang='lat' dir='ltr'><strong>mandatum</strong></span> <span class='ocrx_word' id='word_1_282' title='bbox 1075 3856 1218 3917; x_wconf 86' lang='lat' dir='ltr'><strong>nostrum,</strong></span> <span class='ocrx_word' id='word_1_283' title='bbox 1237 3852 1270 3906; x_wconf 90' lang='lat' dir='ltr'><strong>in</strong></span> <span class='ocrx_word' id='word_1_284' title='bbox 1296 3869 1382 3907; x_wconf 89' lang='lat' dir='ltr'><strong>causa</strong></span> <span class='ocrx_word' id='word_1_285' title='bbox 1400 3869 1465 3922; x_wconf 74' lang='lat' dir='ltr'><strong>quae</strong></span> 
     </span>
     <span class='ocr_line' id='line_1_35' title="bbox 415 3935 1464 4009; baseline -0.002 -17"><span class='ocrx_word' id='word_1_286' title='bbox 415 3942 434 3965; x_wconf 93' lang='lat'>“</span> <span class='ocrx_word' id='word_1_287' title='bbox 454 3940 530 3993; x_wconf 89' lang='lat' dir='ltr'><strong>inter</strong></span> <span class='ocrx_word' id='word_1_288' title='bbox 547 3938 624 4009; x_wconf 91' lang='lat' dir='ltr'><strong>ipsos</strong></span> <span class='ocrx_word' id='word_1_289' title='bbox 643 3943 673 3991; x_wconf 92' lang='lat' dir='ltr'><strong>et</strong></span> <span class='ocrx_word' id='word_1_290' title='bbox 691 3936 844 4008; x_wconf 88' lang='lat' dir='ltr'><strong>praefatum</strong></span> <span class='ocrx_word' id='word_1_291' title='bbox 861 3935 1110 4007; x_wconf 88' lang='lat' dir='ltr'><strong>archiepiscopum</strong></span> <span class='ocrx_word' id='word_1_292' title='bbox 1132 3935 1298 3991; x_wconf 78' lang='lat' dir='ltr'><strong>vertebatur</strong></span> <span class='ocrx_word' id='word_1_293' title='bbox 1315 3936 1464 4003; x_wconf 89' lang='lat' dir='ltr'><strong>emissum,</strong></span> 
     </span>
    </p>
   </div>
   <div class='ocr_carea' id='block_1_3' title="bbox 415 4018 1466 4091">
    <p class='ocr_par' dir='ltr' id='par_1_3' title="bbox 415 4018 1466 4091">
     <span class='ocr_line' id='line_1_36' title="bbox 415 4018 1466 4091; baseline -0.002 -14"><span class='ocrx_word' id='word_1_294' title='bbox 415 4025 433 4049; x_wconf 81' lang='lat'><strong>‘⁴</strong></span> <span class='ocrx_word' id='word_1_295' title='bbox 453 4039 513 4077; x_wconf 89' lang='lat' dir='ltr'><strong>uon</strong></span> <span class='ocrx_word' id='word_1_296' title='bbox 525 4021 667 4077; x_wconf 86' lang='lat' dir='ltr'><strong>sustineas</strong></span> <span class='ocrx_word' id='word_1_297' title='bbox 685 4020 721 4074; x_wconf 91' lang='lat' dir='ltr'><strong>ab</strong></span> <span class='ocrx_word' id='word_1_298' title='bbox 739 4020 838 4091; x_wconf 89' lang='lat' dir='ltr'><strong>aliquo</strong></span> <span class='ocrx_word' id='word_1_299' title='bbox 849 4019 1001 4090; x_wconf 86' lang='lat' dir='ltr'><strong>praeteriri.</strong></span> <span class='ocrx_word' id='word_1_300' title='bbox 1033 4018 1116 4088; x_wconf 81' lang='lat' dir='ltr'><strong>Quod</strong></span> <span class='ocrx_word' id='word_1_301' title='bbox 1133 4024 1214 4075; x_wconf 91' lang='lat' dir='ltr'><strong>tanto</strong></span> <span class='ocrx_word' id='word_1_302' title='bbox 1225 4020 1329 4075; x_wconf 85' lang='lat' dir='ltr'><strong>fortius</strong></span> <span class='ocrx_word' id='word_1_303' title='bbox 1347 4019 1466 4075; x_wconf 87' lang='lat' dir='ltr'><strong>brachio</strong></span> 
     </span>
    </p>
   </div>
   <div class='ocr_carea' id='block_1_4' title="bbox 244 3525 361 3626">
    <p class='ocr_par' dir='ltr' id='par_1_4' title="bbox 244 3525 361 3626">
     <span class='ocr_line' id='line_1_37' title="bbox 245 3525 361 3617; baseline 0.009 -50"><span class='ocrx_word' id='word_1_304' title='bbox 245 3525 293 3567; x_wconf 82' lang='lat' dir='ltr'><strong>&#39;Phe</strong></span> <span class='ocrx_word' id='word_1_305' title='bbox 302 3534 361 3617; x_wconf 49' lang='lat' dir='ltr'><strong>pone</strong></span> 
     </span>
     <span class='ocr_line' id='line_1_38' title="bbox 244 3579 361 3626; baseline -0.011 -9"><span class='ocrx_word' id='word_1_306' title='bbox 244 3586 361 3626; x_wconf 71' lang='lat' dir='ltr'><strong>urgeas</strong></span> <span class='ocrx_word' id='word_1_307' title='bbox 321 3579 331 3616; x_wconf 89' lang='lat' dir='ltr'><strong>t</strong></span> 
     </span>
    </p>
   </div>
   <div class='ocr_carea' id='block_1_5' title="bbox 415 4101 1467 4680">
    <p class='ocr_par' dir='ltr' id='par_1_5' title="bbox 415 4101 1467 4680">
     <span class='ocr_line' id='line_1_39' title="bbox 415 4101 1467 4177; baseline -0.003 -17"><span class='ocrx_word' id='word_1_308' title='bbox 415 4109 433 4133; x_wconf 91' lang='lat'>“</span> <span class='ocrx_word' id='word_1_309' title='bbox 453 4105 591 4177; x_wconf 78' lang='lat' dir='ltr'><strong>potentiae</strong></span> <span class='ocrx_word' id='word_1_310' title='bbox 603 4110 662 4158; x_wconf 83' lang='lat' dir='ltr'><strong>tuae</strong></span> <span class='ocrx_word' id='word_1_311' title='bbox 679 4101 824 4158; x_wconf 83' lang='lat' dir='ltr'><strong>oredimus</strong></span> <span class='ocrx_word' id='word_1_312' title='bbox 841 4103 957 4158; x_wconf 83' lang='lat' dir='ltr'><strong>effectui</strong></span> <span class='ocrx_word' id='word_1_313' title='bbox 975 4102 1208 4174; x_wconf 86' lang='lat' dir='ltr'><strong>mancipandum,</strong></span> <span class='ocrx_word' id='word_1_314' title='bbox 1222 4110 1330 4175; x_wconf 86' lang='lat' dir='ltr'><strong>quanto</strong></span> <span class='ocrx_word' id='word_1_315' title='bbox 1342 4102 1467 4172; x_wconf 86' lang='lat' dir='ltr'><strong>amplius</strong></span> 
     </span>
     <span class='ocr_line' id='line_1_40' title="bbox 415 4185 1466 4258; baseline -0.004 -14"><span class='ocrx_word' id='word_1_316' title='bbox 415 4193 433 4215; x_wconf 88' lang='lat'>“</span> <span class='ocrx_word' id='word_1_317' title='bbox 454 4190 485 4244; x_wconf 87' lang='lat' dir='ltr'><strong>iu</strong></span> <span class='ocrx_word' id='word_1_318' title='bbox 497 4188 556 4243; x_wconf 87' lang='lat' dir='ltr'><strong>tuis</strong></span> <span class='ocrx_word' id='word_1_319' title='bbox 574 4186 698 4258; x_wconf 81' lang='lat' dir='ltr'><strong>negotiis</strong></span> <span class='ocrx_word' id='word_1_320' title='bbox 715 4196 744 4241; x_wconf 92' lang='lat' dir='ltr'><strong>et</strong></span> <span class='ocrx_word' id='word_1_321' title='bbox 761 4193 878 4240; x_wconf 89' lang='lat' dir='ltr'><strong>tuorum</strong></span> <span class='ocrx_word' id='word_1_322' title='bbox 896 4204 915 4239; x_wconf 90' lang='lat' dir='ltr'><strong>a</strong></span> <span class='ocrx_word' id='word_1_323' title='bbox 928 4186 1011 4242; x_wconf 89' lang='lat' dir='ltr'><strong>nobis</strong></span> <span class='ocrx_word' id='word_1_324' title='bbox 1028 4185 1174 4241; x_wconf 87' lang='lat' dir='ltr'><strong>desideras</strong></span> <span class='ocrx_word' id='word_1_325' title='bbox 1192 4187 1281 4241; x_wconf 89' lang='lat' dir='ltr'><strong>etiarn</strong></span> <span class='ocrx_word' id='word_1_326' title='bbox 1299 4188 1331 4242; x_wconf 91' lang='lat' dir='ltr'><strong>in</strong></span> <span class='ocrx_word' id='word_1_327' title='bbox 1349 4186 1466 4257; x_wconf 89' lang='lat' dir='ltr'><strong>majori·</strong></span> 
     </span>
     <span class='ocr_line' id='line_1_41' title="bbox 416 4268 1466 4340; baseline -0.002 -14"><span class='ocrx_word' id='word_1_328' title='bbox 416 4274 433 4298; x_wconf 80' lang='lat'><strong>‘⁶</strong></span> <span class='ocrx_word' id='word_1_329' title='bbox 453 4271 507 4326; x_wconf 88' lang='lat' dir='ltr'><strong>bus</strong></span> <span class='ocrx_word' id='word_1_330' title='bbox 539 4269 679 4324; x_wconf 83' lang='lat' dir='ltr'><strong>exaudiri.</strong></span> <span class='ocrx_word' id='word_1_331' title='bbox 725 4268 827 4339; x_wconf 89' lang='lat' dir='ltr'><strong>Neque</strong></span> <span class='ocrx_word' id='word_1_332' title='bbox 857 4286 945 4340; x_wconf 90' lang='lat' dir='ltr'><strong>super</strong></span> <span class='ocrx_word' id='word_1_333' title='bbox 973 4270 1029 4324; x_wconf 90' lang='lat' dir='ltr'><strong>hoc</strong></span> <span class='ocrx_word' id='word_1_334' title='bbox 1058 4269 1344 4340; x_wconf 81' lang='lat' dir='ltr'><strong>circumspectionem</strong></span> <span class='ocrx_word' id='word_1_335' title='bbox 1383 4280 1466 4324; x_wconf 89' lang='lat' dir='ltr'><strong>tuam</strong></span> 
     </span>
     <span class='ocr_line' id='line_1_42' title="bbox 415 4350 1465 4422; baseline -0.003 -13"><span class='ocrx_word' id='word_1_336' title='bbox 415 4357 434 4381; x_wconf 76' lang='lat'><strong>‘⁶</strong></span> <span class='ocrx_word' id='word_1_337' title='bbox 454 4355 587 4409; x_wconf 87' lang='lat' dir='ltr'><strong>volumus</strong></span> <span class='ocrx_word' id='word_1_338' title='bbox 604 4351 745 4414; x_wconf 89' lang='lat' dir='ltr'><strong>dubitare,</strong></span> <span class='ocrx_word' id='word_1_339' title='bbox 764 4351 835 4422; x_wconf 87' lang='lat' dir='ltr'><strong>quin</strong></span> <span class='ocrx_word' id='word_1_340' title='bbox 853 4352 878 4406; x_wconf 89' lang='lat' dir='ltr'><strong>si</strong></span> <span class='ocrx_word' id='word_1_341' title='bbox 895 4351 1047 4422; x_wconf 77' lang='lat' dir='ltr'><strong>praemissa</strong></span> <span class='ocrx_word' id='word_1_342' title='bbox 1064 4350 1180 4406; x_wconf 89' lang='lat' dir='ltr'><strong>studeas</strong></span> <span class='ocrx_word' id='word_1_343' title='bbox 1198 4351 1356 4406; x_wconf 87' lang='lat' dir='ltr'><strong>liberaliter</strong></span> <span class='ocrx_word' id='word_1_344' title='bbox 1372 4351 1465 4406; x_wconf 87' lang='lat' dir='ltr'><strong>adim-</strong></span> 
     </span>
     <span class='ocr_line' id='line_1_43' title="bbox 416 4437 1466 4513; baseline -0.003 -16"><span class='ocrx_word' id='word_1_345' title='bbox 416 4445 436 4469; x_wconf 87' lang='lat'><em>“</em></span> <span class='ocrx_word' id='word_1_346' title='bbox 454 4443 542 4513; x_wconf 90' lang='lat' dir='ltr'><strong>plere,</strong></span> <span class='ocrx_word' id='word_1_347' title='bbox 562 4440 701 4511; x_wconf 88' lang='lat' dir='ltr'><strong>majorem</strong></span> <span class='ocrx_word' id='word_1_348' title='bbox 719 4457 754 4493; x_wconf 88' lang='lat' dir='ltr'><strong>ex</strong></span> <span class='ocrx_word' id='word_1_349' title='bbox 777 4439 831 4494; x_wconf 88' lang='lat' dir='ltr'><strong>hoe</strong></span> <span class='ocrx_word' id='word_1_350' title='bbox 847 4440 972 4510; x_wconf 79' lang='lat' dir='ltr'><strong>gratiam</strong></span> <span class='ocrx_word' id='word_1_351' title='bbox 993 4444 1023 4493; x_wconf 91' lang='lat' dir='ltr'><strong>et</strong></span> <span class='ocrx_word' id='word_1_352' title='bbox 1041 4440 1168 4494; x_wconf 82' lang='lat' dir='ltr'><strong>favorem</strong></span> <span class='ocrx_word' id='word_1_353' title='bbox 1186 4437 1264 4510; x_wconf 90' lang='lat' dir='ltr'><strong>apud</strong></span> <span class='ocrx_word' id='word_1_354' title='bbox 1282 4439 1378 4493; x_wconf 86' lang='lat' dir='ltr'><strong>sedem</strong></span> <span class='ocrx_word' id='word_1_355' title='bbox 1397 4457 1466 4510; x_wconf 85' lang='lat' dir='ltr'><strong>apo·</strong></span> 
     </span>
     <span class='ocr_line' id='line_1_44' title="bbox 415 4523 1464 4596; baseline -0.002 -14"><span class='ocrx_word' id='word_1_356' title='bbox 415 4530 434 4553; x_wconf 88' lang='lat'><strong>⁸‘</strong></span> <span class='ocrx_word' id='word_1_357' title='bbox 454 4527 586 4582; x_wconf 88' lang='lat' dir='ltr'><strong>stolieam</strong></span> <span class='ocrx_word' id='word_1_358' title='bbox 598 4524 695 4579; x_wconf 81' lang='lat' dir='ltr'><strong>valeas</strong></span> <span class='ocrx_word' id='word_1_359' title='bbox 712 4524 887 4594; x_wconf 74' lang='lat' dir='ltr'><strong>promereri,</strong></span> <span class='ocrx_word' id='word_1_360' title='bbox 901 4523 1028 4594; x_wconf 87' lang='lat' dir='ltr'><strong>alioquin</strong></span> <span class='ocrx_word' id='word_1_361' title='bbox 1041 4533 1296 4596; x_wconf 85' lang='lat' dir='ltr'><strong>quantumcunque</strong></span> <span class='ocrx_word' id='word_1_362' title='bbox 1312 4542 1464 4595; x_wconf 85' lang='lat' dir='ltr'><strong>personam</strong></span> 
     </span>
     <span class='ocr_line' id='line_1_45' title="bbox 415 4606 1464 4680; baseline 0 -15"><span class='ocrx_word' id='word_1_363' title='bbox 415 4613 434 4637; x_wconf 79' lang='lat'><strong>‘⁶</strong></span> <span class='ocrx_word' id='word_1_364' title='bbox 455 4618 535 4665; x_wconf 89' lang='lat' dir='ltr'><strong>tuam</strong></span> <span class='ocrx_word' id='word_1_365' title='bbox 553 4608 585 4664; x_wconf 90' lang='lat' dir='ltr'><strong>iu</strong></span> <span class='ocrx_word' id='word_1_366' title='bbox 603 4606 728 4662; x_wconf 85' lang='lat' dir='ltr'><strong>Domino</strong></span> <span class='ocrx_word' id='word_1_367' title='bbox 745 4606 903 4678; x_wconf 78' lang='lat' dir='ltr'><strong>diligamus</strong></span> <span class='ocrx_word' id='word_1_368' title='bbox 921 4614 951 4663; x_wconf 90' lang='lat' dir='ltr'><strong>et</strong></span> <span class='ocrx_word' id='word_1_369' title='bbox 976 4607 1080 4665; x_wconf 89' lang='lat' dir='ltr'><strong>honori</strong></span> <span class='ocrx_word' id='word_1_370' title='bbox 1106 4613 1156 4661; x_wconf 92' lang='lat' dir='ltr'><strong>tuo</strong></span> <span class='ocrx_word' id='word_1_371' title='bbox 1174 4609 1299 4664; x_wconf 85' lang='lat' dir='ltr'><strong>velimus</strong></span> <span class='ocrx_word' id='word_1_372' title='bbox 1323 4616 1464 4680; x_wconf 83' lang='lat' dir='ltr'><strong>quantum</strong></span> 
     </span>
    </p>
   </div>
   <div class='ocr_carea' id='block_1_6' title="bbox 1388 4739 1464 4748">
    <p class='ocr_par' dir='ltr' id='par_1_6' title="bbox 1388 4739 1464 4748">
     <span class='ocr_line' id='line_1_46' title="bbox 1388 4739 1464 4748; baseline 0.013 -1"><span class='ocrx_word' id='word_1_373' title='bbox 1388 4739 1464 4748; x_wconf 60' lang='grc' dir='ltr'>ιιι-ι...</span> 
     </span>
    </p>
   </div>
   <div class='ocr_carea' id='block_1_7' title="bbox 448 4827 1340 4897">
    <p class='ocr_par' dir='ltr' id='par_1_7' title="bbox 448 4827 1340 4897">
     <span class='ocr_line' id='line_1_47' title="bbox 448 4827 1340 4897; baseline 0.002 -18"><span class='ocrx_word' id='word_1_374' title='bbox 448 4829 549 4895; x_wconf 75' lang='lat' dir='ltr'><strong>¹reqia]</strong></span> <span class='ocrx_word' id='word_1_375' title='bbox 564 4829 644 4895; x_wconf 80' lang='lat' dir='ltr'><strong>regio,</strong></span> <span class='ocrx_word' id='word_1_376' title='bbox 657 4829 686 4881; x_wconf 86' lang='lat' dir='ltr'><strong>C.</strong></span> <span class='ocrx_word' id='word_1_377' title='bbox 935 4829 941 4894; x_wconf 88' lang='grc' dir='ltr'>Ι</span> <span class='ocrx_word' id='word_1_378' title='bbox 989 4831 999 4860; x_wconf 80' lang='lat'><em>²</em></span> <span class='ocrx_word' id='word_1_379' title='bbox 1007 4827 1150 4897; x_wconf 71' lang='lat' dir='ltr'><strong>pratea]</strong></span> <span class='ocrx_word' id='word_1_380' title='bbox 1166 4832 1298 4894; x_wconf 74' lang='lat' dir='ltr'><strong>prelatum,</strong></span> <span class='ocrx_word' id='word_1_381' title='bbox 1311 4832 1340 4883; x_wconf 86' lang='lat' dir='ltr'><strong>C.</strong></span> 
     </span>
    </p>
   </div>
   <div class='ocr_carea' id='block_1_8' title="bbox 0 0 1798 5740">
    <p class='ocr_par' dir='ltr' id='par_1_8' title="bbox 0 0 1798 5740">
     <span class='ocr_line' id='line_1_48' title="bbox 0 0 1798 5740; baseline 0 0"><span class='ocrx_word' id='word_1_382' title='bbox 0 0 1798 5740; x_wconf 95' lang='lat' dir='ltr'><strong> </strong></span> 
     </span>
    </p>
   </div>
  </div>
 </body>
</html>
