3572 5744
399 910 464 974 122
597 922 759 973 suavssn
782 923 943 973 nossem
964 924 1239 976 cirrusmmssis
1265 919 1270 930 ·

248 1124 302 1170 an.
311 1128 368 1169 1141.
398 1114 567 1171 monasterii
583 1113 749 1186 nuperrime
766 1112 949 1185 conflagrati,
962 1113 1033 1170 tulit
1050 1132 1085 1170 ex
1103 1116 1254 1172 combusta
1264 1134 1351 1173 cruce
1364 1118 1448 1191 quin·
1461 1122 1536 1175 cont.
1548 1123 1618 1175 lior.

229 1192 380 1288 fffhgffl‘g·
396 1201 500 1267 gentas
517 1197 633 1267 argenti
651 1195 738 1251 librae
747 1219 756 1263 ς
780 1195 845 1251 auri
862 1211 975 1268 quoque
992 1213 1106 1253 marcas
1133 1197 1266 1270 triginta,
1280 1198 1449 1257 diademata
1461 1190 1529 1257 Wig.

230 1293 341 1337 seruies
397 1281 456 1336 tria
489 1297 556 1336 cum
584 1278 706 1336 totidem
735 1278 867 1336 scabellis
903 1296 937 1335 ex
966 1297 1037 1336 auro
1067 1280 1192 1338 Arabico
1227 1282 1383 1354 purissimo
1418 1272 1485 1340 etp·
1498 1261 1556 1310 ⁶⁷⁸·

229 1345 339 1438 {323ss?
397 1364 541 1435 lapidibus
558 1362 777 1435 pretiosissimis
804 1361 934 1434 undique
960 1370 1071 1436 operta,
1094 1382 1179 1435 opere
1196 1366 1394 1436 pulcherrimo
1418 1373 1450 1425 et

228 1446 271 1490 ‘¹1⁰
280 1444 338 1487 Nes
396 1447 519 1502 mirifico
537 1447 623 1513 lacta,
643 1464 734 1517 eaque
752 1447 783 1501 in
801 1444 862 1501 suis
879 1446 1041 1502 recondidit
1060 1447 1215 1504 thesauris,

228 1497 334 1541 mum
444 1537 640 1594 Servabantur
669 1539 780 1595 interea
820 1528 898 1596 hine
931 1557 982 1596 rex
1006 1531 1084 1596 inde
1110 1556 1205 1596 comes
1231 1540 1286 1596 sub
1313 1542 1447 1600 custodia

396 1618 555 1705 diligenti.
623 1623 867 1697 verumptamen
911 1627 1015 1698 regina
1043 1633 1192 1700 augente
1227 1647 1282 1701 pro
1311 1648 1381 1702 rege
1416 1638 1447 1688 et

228 1718 352 1781 amianas
395 1716 542 1773 comitissa
559 1707 731 1774 admodum
749 1715 906 1771 desudante
930 1730 983 1786 pro
1000 1716 1118 1781 comite,
1137 1715 1239 1772 multis
1257 1717 1446 1774 internuntiis

226 1771 374 1874 iiiiiiiffl
394 1810 424 1860 οι
444 1803 546 1861 amice
572 1806 643 1861 ano
666 1803 735 1859 inis
760 1801 989 1859 dementibus
1012 1803 1082 1860 ais
1107 1794 1166 1859 vix
1200 1797 1336 1862 undem
1370 1819 1444 1884 pro-

393 1884 528 1949 videtur
549 1893 687 1957 conditio,
705 1895 740 1946 ut
756 1909 808 1946 rex
825 1907 878 1946 suo
895 1890 1048 1947 restitutus
1065 1909 1157 1964 regno
1176 1898 1206 1949 et
1223 1908 1320 1950 comes
1337 1894 1391 1950 sub
1409 1912 1444 1951 ec

393 1980 483 2038 totius
512 1981 629 2052 Anglioe
654 1975 871 2035 sublimaretur
897 1975 1037 2042 dominio,
1065 1977 1167 2036 flerent
1185 1980 1270 2035 ambo
1299 1980 1384 2052 regui
1414 1988 1444 2037 et

392 2068 495 2141 penis
508 2069 583 2142 justi
600 2066 794 2124 moderatores
819 2067 895 2124 sicut
911 2061 990 2121 anie
1015 2056 1141 2124 fuerant
1168 2060 1317 2124 omnium
1340 2060 1443 2126 malo·

392 2170 466 2212 rum
504 2157 673 2213 incentores.
718 2154 761 2211 At
785 2154 890 2211 comite
901 2152 939 2207 id
963 2170 1049 2224 agere
1073 2161 1214 2212 renuente
1239 2157 1348 2228 absque
1374 2175 1441 2213 con-

222 2264 477 2323 mmmmm
502 2242 705 2317 imperatricis,
738 2234 843 2300 relata
879 2237 959 2297 eunt
1002 2232 1074 2300 haec
1110 2235 1154 2299 ad
1192 2236 1440 2323 imperatricem

221 2321 447 2423 {3⁸50ssme
467 2345 546 2390 vero
563 2330 747 2398 contradixit,
776 2343 955 2408 omnemque
980 2348 1080 2403 pacem
1105 2337 1135 2387 et
1164 2333 1348 2390 concordiam
1371 2352 1443 2406 erga

389 2438 488 2494 regem
506 2411 714 2499 Stephanum
731 2420 895 2492 abnegavit.
934 2411 1028 2476 Inter
1049 2411 1171 2478 amicos
1186 2417 1300 2478 tamin
1319 2414 1442 2481 utrius·

389 2524 453 2588 que
483 2504 588 2590 partis
621 2501 692 2568 haec
723 2500 858 2566 tandem
889 2500 978 2568 facta
1010 2506 1062 2566 est
1082 2503 1284 2588 compositio,
1316 2504 1370 2570 vel
1402 2510 1442 2571 ut

220 2634 235 2677 s
276 2634 377 2680 hams
390 2606 500 2672 verius
538 2607 668 2672 dicatur
704 2602 848 2680 collusio,
886 2607 926 2669 ut
962 2602 1075 2690 regina
1112 2604 1265 2670 comitem
1300 2606 1439 2673 liberum

219 2683 356 2780 illisi-aff
388 2709 579 2787 dimitteret,
602 2713 637 2773 et
659 2706 825 2773 comitissa
846 2726 955 2792 regam
978 2726 1079 2793 regno
1109 2707 1307 2772 restitueret
1353 2708 1439 2775 Acta

387 2817 466 2876 sunt
487 2811 558 2878 haec
580 2810 666 2877 circa
687 2807 903 2874 festivitatem
928 2806 1085 2873 Omnium
1109 2806 1313 2874 Sanctorum.

235 2999 356 3044 solua
765 2978 1048 3045 Melini-111.

220 3121 363 3185 mersus.
428 3116 533 3173 Annus
569 3105 686 3192 gratiae
722 3102 837 3167 multis
873 3108 909 3168 et
945 3101 1090 3168 maxime
1140 3104 1339 3191 pauperibus
1384 3108 1437 3171 in-

216 3172 373 3266 itfflffifss
382 3214 497 3296 gram
530 3207 664 3273 effectus
686 3209 744 3282 est,
769 3204 848 3289 quia
869 3204 936 3269 fere
954 3216 1036 3268 totus
1055 3204 1092 3268 in
1115 3205 1334 3273 aedificatione
1364 3229 1434 3275 ces·

382 3310 544 3387 bellorum,
583 3305 806 3374 combustione
844 3305 1007 3383 villarum,
1046 3316 1207 3372 dolatione
1231 3316 1430 3386 ecclesiarum,

381 3418 416 3478 et
438 3411 581 3476 maxime
603 3407 783 3495 completus
806 3412 858 3472 est
886 3408 923 3471 in
953 3432 1113 3488 pauperum
1144 3408 1435 3494 depredationem

380 3514 468 3579 unde
495 3517 607 3579 coacto
629 3510 718 3597 apud
744 3509 931 3575 Londonias
953 3508 1098 3586 concilio,
1120 3511 1319 3596 praesideute
1340 3511 1432 3578 Hen-

379 3616 447 3681 1ico
477 3612 698 3680 Wintoniensi
728 3611 886 3698 episcopo,
917 3616 952 3676 et
981 3611 1168 3697 apostolicae
1199 3613 1285 3678 sedis
1315 3614 1432 3702 legato,

380 3739 455 3784 cum
481 3714 662 3783 venerabili
684 3713 895 3779 Theodbaldo
925 3712 1158 3779 (lantuariensi
1189 3715 1433 3803 archiepiscopo

380 3818 625 3886 considentibus
655 3814 814 3901 episeopis
844 3813 975 3900 Angliae
1005 3820 1040 3879 et
1069 3815 1246 3882 abbatibus
1272 3816 1431 3903 plurimis,

213 3922 417 3991 moenimsin
446 3920 565 3986 talium
594 3923 727 3994 actores,
752 3921 974 4002 praeceptores,
1002 3923 1201 3996 executores,
1227 3919 1284 3984 sed
1314 3915 1373 3985 et2
1395 3920 1431 3984 in

212 3997 370 4093 mm?
380 4022 586 4090 castellorum
601 4019 799 4096 firndatcres,
815 4018 1048 4083 monachorum
1072 4019 1125 4084 vel
1146 4019 1335 4087 clericorum
1357 4043 1432 4108 spo-

213 4098 287 4142 “oed'
378 4126 519 4202 lictores,
542 4127 740 4207 caeterosque
764 4118 996 4198 malefactores,
1019 4121 1185 4187 sententia
1207 4124 1430 4189 excommuni-

378 4227 516 4295 cationis
539 4223 669 4311 publice
693 4242 732 4287 ac
755 4220 966 4306 solempniter
989 4222 1118 4308 prolata
1148 4228 1206 4288 eet.
1253 4224 1319 4290 Sed
1344 4224 1430 4292 hanc

377 4326 652 4415 parvipendentes
675 4322 778 4408 impii3
798 4322 906 4388 acrius
932 4321 1030 4387 solito
1053 4324 1178 4409 rapinis
1202 4325 1427 4405 intendebant,

377 4432 535 4497 laetantur
558 4427 646 4492 enim
669 4446 743 4491 cum
767 4423 852 4490 male
877 4422 1020 4502 fecerint,
1037 4431 1072 4490 et
1097 4424 1251 4491 exultant
1273 4427 1308 4490 in
1330 4428 1428 4494 rebus

378 4532 534 4620 pessimis.
592 4528 665 4593 Rex
689 4527 789 4591 etiem
816 4531 850 4590 et
876 4547 990 4603 comes,
1014 4547 1035 4590 a
1061 4526 1202 4591 vinculis
1227 4527 1365 4606 liberati,
1393 4534 1427 4595 et

411 4744 419 4776 ¹
432 4744 500 4794 Here
510 4739 702 4804 umonumtely
713 4752 752 4788 ere
770 4738 824 4788 lose
835 4736 877 4786 the
926 4751 1003 4788 cover
1010 4735 1069 4787 bor
1080 4738 1157 4788 much
1168 4738 1263 4789 nain
1273 4738 1306 4791 be
1312 4740 1428 4808 supplied

376 4817 875 4888 belpcitbecoutinuatorolllorence3
924 4814 1426 4884 theinformatiouabridgedbchrme.

376 4896 876 4956 thenecihinorkbrccksoffsui-
958 4893 1013 4961 ἐι]
1028 4896 1137 4957 onaB.;
1154 4893 1291 4952 imao.

376 4982 461 5047 deuly,
480 4979 532 5032 aud
549 4992 587 5029 we
606 4991 649 5029 are
666 4977 758 5029 unable
777 4983 804 5029 tc
824 4976 874 5027 dis-
