3628 5728
724 871 836 920 crass
859 872 1049 923 surculos.
1351 859 1416 921 423

357 1058 555 1134 calamitate,
579 1080 693 1124 omnes
724 1059 1009 1146 archiepiscopum
1040 1059 1120 1125 licet
1142 1060 1315 1125 absentem
1337 1058 1412 1123 hor·
1439 1071 1566 1172 suppilas.

357 1160 468 1224 randis
497 1161 789 1246 imprecationibus
816 1162 1030 1247 impetebant,
1059 1183 1096 1229 eo
1109 1161 1208 1246 ,quod
1241 1161 1413 1225 audissent
1424 1172 1542 1265 tlpppppp

356 1259 546 1346 hujusmodi
578 1262 722 1327 decimas
752 1284 795 1327 ex
829 1264 934 1348 ipsius
967 1263 1163 1349 processisse
1202 1262 1346 1338 oonsilio,
1378 1266 1569 1369 elgffi'ffi

358 1364 446 1447 quod
470 1362 638 1429 ecclesiam
662 1362 935 1430 Cantuariensem
952 1370 1021 1429 tam
1044 1364 1146 1430 atroci
1164 1369 1414 1449 persequeretur
1425 1371 1517 1466 32:3110
1526 1372 1546 1414 ἰ·

358 1464 494 1531 malitia
542 1464 608 1530 Sed
642 1465 678 1528 in
709 1465 802 1529 brevi
835 1486 949 1530 rumor
983 1465 1130 1551 undique
1162 1465 1330 1550 dispersus
1352 1471 1411 1542 est,
1485 1454 1491 1465 ⁹

358 1566 447 1652 quod
469 1565 732 1651 archiepiscopus
759 1572 870 1632 mente
892 1567 1058 1632 alienatus
1081 1567 1117 1631 in
1141 1566 1317 1651 reprobum
1339 1590 1414 1633 sen-

359 1689 433 1734 sum
459 1667 558 1733 datus
581 1667 706 1744 fuisset,
731 1668 784 1733 vel
811 1668 899 1752 quod
923 1669 1128 1754 exspirasset.
1176 1668 1414 1753 ignorantibus

358 1771 471 1856 itaque
494 1770 603 1851 etiam,
627 1770 696 1833 suis
729 1770 810 1855 quid
833 1771 874 1835 de
897 1770 1141 1856 archiepiscopo
1164 1771 1288 1836 factum
1320 1779 1414 1850 esset,
1427 1794 1568 1839 mamonis

353 1873 425 1959 jam
448 1873 594 1938 instante
618 1870 723 1937 Coena
739 1871 884 1947 Domini,
907 1872 1070 1938 miserunt
1092 1874 1243 1939 monachi
1268 1845 1570 1947 (lentus-1uuiliiho

376 1973 384 1988 .
601 1972 608 1987 .
784 1972 791 1987 .
1258 1976 1265 1989 .
1428 1944 1555 1989 Rocbsater

357 1995 481 2038 nenses
512 1981 648 2038 nuntros
684 1973 727 2037 ad
751 1972 959 2037 Grlebertum
994 1973 1181 2039 Roffensem
1214 1997 1412 2061 episcopum,
1427 1995 1562 2088 mappa

358 2080 475 2162 utpote
499 2074 749 2142 Gantuariensis
783 2073 928 2140 ecclesiae
955 2075 1172 2160 capellanum,
1193 2084 1347 2163 rogantes
1375 2082 1446 2141 uer
1462 2095 1529 2138 uus

358 2177 488 2243 matrici
512 2175 654 2252 ecclesiae
677 2175 802 2241 scilicet
826 2164 1058 2242 Cantuariensi
1088 2177 1197 2243 oleum
1229 2183 1264 2244 et
1295 2145 1562 2247 crismami'lii?

359 2279 608 2355 transmitteret,
631 2277 822 2363 presbiteris
856 2277 985 2343 (lantiae
1017 2300 1075 2364 per
1106 2301 1242 2344 manum
1266 2245 1514 2347 Cantus-⁵⁹¹³&

359 2382 475 2447 riensis
501 2380 647 2446 sacristae
682 2400 772 2444 more
804 2379 902 2444 solito
926 2379 1151 2445 dividendum.
1198 2382 1324 2446 Renuit
1347 2383 1414 2469 epi·

359 2505 475 2569 scopus
498 2482 588 2568 quod
610 2481 752 2567 petitum
777 2485 835 2557 est,
852 2481 963 2547 dicens
979 2503 1013 2546 se
1029 2481 1155 2545 domini
1178 2482 1413 2569 archiepiscopi

359 2607 457 2672 super
488 2585 551 2650 hoc
585 2605 652 2649 non
684 2583 847 2668 accepisse
879 2584 1083 2649 mandatum.
1141 2584 1237 2664 Quod
1275 2587 1413 2651 audiens

359 2687 498 2753 nuntius
520 2684 700 2751 solenniter
722 2684 914 2770 appellavit,
939 2708 981 2750 ne
1003 2685 1099 2750 alteri
1122 2707 1221 2771 quam
1245 2687 1414 2752 monachis

359 2789 552 2856 cantuariae
585 2788 704 2854 crisma
734 2784 929 2865 traderetur,
964 2794 998 2853 et
1031 2810 1073 2853 ne
1101 2788 1175 2873 quis
1206 2789 1413 2855 secerdotum

361 2891 609 2958 Cautuariensis
632 2890 770 2959 diocesis
796 2889 839 2955 ab
862 2890 927 2955 alio
953 2912 1053 2975 quam
1075 2913 1096 2955 a
1125 2891 1294 2957 monachis
1325 2892 1412 2960 Can-

360 2995 478 3060 tuariae
501 2999 616 3060 contra
642 3014 767 3057 morem
792 2991 970 3077 antiquum
993 2991 1055 3057 olei
1079 2992 1133 3058 vel
1156 2994 1318 3059 crismatis
1341 3016 1412 3060 sus·

360 3097 484 3182 ciperet
513 3099 763 3161 sacramentum.
823 3092 956 3160 Detulit
987 3094 1157 3180 episcopus
1179 3095 1413 3161 monachorum
1427 3137 1584 3182 mmm

359 3196 583 3285 appellationi,
608 3201 643 3260 et
665 3216 778 3259 omnes
803 3194 946 3260 ecclesiae
969 3195 1010 3259 de
1032 3196 1148 3261 sinodo
1178 3197 1413 3284 archiepiscopi
1426 3188 1569 3283 fiffiffl‘

361 3319 499 3363 numero
530 3296 636 3363 oculu.
664 3296 817 3361 crismate
851 3296 951 3359 simul
985 3303 1020 3361 et
1051 3297 1123 3362 oleo
1146 3299 1288 3383 privatur
1324 3305 1412 3365 sunt.

361 3398 559 3465 Contristati
585 3403 664 3462 sunt
687 3397 791 3483 igitur
815 3418 927 3462 omnes
949 3397 1008 3482 qui
1030 3398 1230 3464 audierunt¹
1253 3400 1294 3464 de
1317 3406 1415 3466 tanta

361 3498 609 3566 Cantuariensis
640 3497 784 3563 ecclesiae
818 3497 1036 3583 oppressione,
1060 3503 1095 3562 et
1129 3500 1217 3584 quod
1249 3500 1285 3562 in
1317 3506 1414 3567 tanta
1427 3469 1582 3564 ioiiniiiimm

360 3601 557 3667 solennitate
589 3599 772 3664 Dominicae
795 3598 1056 3665 Resurrectionis
1086 3606 1193 3665 mater
1214 3601 1327 3686 lugere
1358 3603 1413 3667 de·
1427 3570 1544 3662 mr

359 3704 453 3770 beret
483 3725 558 3769 cum
588 3701 666 3766 filiae
698 3700 840 3765 minores
860 3700 1053 3786 jubilarent.
1101 3701 1206 3766 Sexta
1228 3723 1307 3768 vero
1330 3704 1413 3769 feria
1427 3670 1582 3779 &lilla

360 3826 435 3871 cum
458 3802 610 3869 monaehi
632 3802 834 3867 miserabiles
856 3806 934 3867 ante
961 3823 1088 3868 crucem
1112 3801 1247 3868 Domini
1269 3804 1413 3870 devotis-
1426 3769 1581 3864 malm

360 3906 452 3971 simis
490 3904 721 3971 incumberent
757 3903 919 3989 precibus,
942 3925 1014 3970 ecoe
1052 3905 1192 3969 nuntius
1225 3906 1342 3990 prioris
1376 3907 1413 3972 in

359 4009 467 4073 tribus
489 4006 684 4095 septimanis
708 4011 743 4071 et
769 4005 828 4091 iiij.
852 4005 970 4070 diebus
992 4027 1013 4071 a
1037 4005 1143 4071 Roma
1169 4008 1314 4083 veniens,
1337 4028 1412 4073 cum

359 4110 499 4176 canendi
522 4108 679 4174 mandato
701 4105 893 4192 hujusmodi
915 4107 1043 4173 litteras
1065 4107 1203 4174 attulit:

396 4209 587 4275 “,Olemens²
617 4209 780 4281 episcopus,
811 4226 913 4264 servus
940 4226 1089 4265 servorum
1115 4211 1179 4276 Dei,
1210 4210 1325 4267 dilectis
1343 4212 1413 4268 filiis

360 4297 379 4322 a
398 4294 490 4366 priori
520 4293 556 4349 de
586 4293 763 4349 Favresham
793 4297 825 4347 et
861 4291 1002 4362 magistro
1027 4292 1204 4359 Foramino,¹
1232 4294 1357 4350 salntem
1382 4302 1413 4352 et

393 4504 561 4570 leudicam]
576 4502 710 4563 audierint,
721 4502 753 4551 B.
884 4510 888 4529 ⁴
941 4501 1112 4553 ³Feraminus
1132 4518 1183 4554 was
1202 4515 1296 4554 muter
1318 4506 1412 4558 ottho

391 4585 401 4618 ²
418 4584 542 4651 OEwoeas]
566 4584 614 4634 See
624 4582 718 4646 ltpistt.
730 4582 864 4641 cantuar„
884 4592 888 4639 t
910 4580 1064 4645 Hospitalot
1070 4582 1194 4633 §.lanes
1206 4590 1233 4632 at
1243 4585 1410 4650 customary.

361 4665 411 4718 uo.
438 4662 530 4726 ccxiii,
559 4677 584 4727 p.
615 4666 679 4721 1983
705 4662 757 4710 und
773 4661 864 4722 abore,
885 4648 888 4687 ³
910 4660 1012 4710 Hebad
1023 4659 1276 4713 beeuamemberot
1293 4663 1411 4716 Beckct’s

362 4760 406 4812 pp,
419 4749 501 4809 ⁶¹2⁶&
885 4768 888 4807 ,
909 4739 1058 4790 housahold.
