3666 5724
387 853 453 917 318
587 866 749 916 ιιιιιιιιιι
772 864 933 916 nonnum
955 830 1229 918 cluwsnmrsrs

235 1048 356 1162 wit
385 1056 420 1118 θι
441 1059 583 1140 eccepto,
606 1053 739 1141 rogavit
760 1053 929 1141 episcopos
950 1075 1020 1133 rex
1034 1059 1083 1135 ut,
1106 1055 1136 1121 si
1157 1076 1225 1121 non
1246 1055 1345 1121 aliter
1368 1054 1438 1121 vel-

216 1178 266 1224 ιιο
278 1179 373 1232 buton·
383 1152 463 1233 lent,
489 1154 569 1221 huic
592 1155 710 1221 saltem
740 1155 853 1221 formae
883 1155 973 1243 peois
1002 1156 1232 1223 consentirent
1278 1156 1438 1274 Dispute·

217 1191 373 1334 witi?
384 1261 458 1321 tum
473 1262 525 1323 est
545 1279 644 1345 super
664 1257 727 1325 hoc
748 1256 884 1336 diutius,
898 1263 934 1327 et
955 1259 1091 1324 tundem
1113 1279 1174 1327 nec
1195 1264 1331 1346 propter
1351 1260 1438 1347 regis

384 1363 510 1424 metum
547 1359 721 1427 manifeste
757 1359 938 1426 voluerunt
975 1360 1206 1440 contradicere,
1242 1383 1304 1429 neo
1339 1361 1438 1449 plone

384 1460 509 1547 ubsque
542 1482 702 1528 consensu
733 1460 998 1548 coepiscoporum
1029 1483 1163 1528 suorum
1196 1462 1256 1549 qui
1288 1461 1338 1528 ibi
1370 1482 1438 1528 non

384 1562 524 1629 ederunt
548 1563 741 1631 consentire
787 1562 938 1650 Cumque
961 1563 1091 1631 videret
1114 1585 1174 1631 rex
1199 1585 1313 1631 eorum
1336 1564 1439 1651 perti·

217 1660 360 1756 Ξξξω
383 1665 523 1743 nscism,
546 1665 699 1752 diemque
722 1664 961 1752 protractum
950 1686 988 1730 ιιι
1011 1686 1192 1753 vesperum,
1217 1665 1350 1733 distulit
1376 1665 1439 1732 hoc

217 1765 554 1908 mffnefflum
580 1790 685 1855 usque
706 1768 750 1833 sd
779 1767 903 1833 festum
934 1766 1051 1834 Sonoti
1072 1768 1224 1847 Andreae,
1244 1768 1438 1856 praecipiens

217 1860 546 1949 momnibus,
570 1870 645 1935 ut
635 1891 673 1935 ιιι
697 1868 858 1956 pmdicts
882 1868 1068 1944 festivitate
1095 1890 1207 1937 omnes
1231 1871 1322 1957 opud
1351 1870 1439 1937 Lon·

385 1971 519 2038 doniam
541 1969 764 2048 convenirent,
786 1969 848 2035 sub
870 1969 1054 2037 certissimo
1067 1992 1126 2057 spe
1149 1970 1439 2058 archiepiscopum,

385 2073 507 2158 dequo
529 2092 634 2138 sermo
656 2071 792 2138 habitus
814 2074 873 2148 est,
896 2070 1104 2158 suscipiendi
1149 2072 1287 2140 Jurcvit
1308 2094 1438 2158 quoque

384 2173 486 2259 priori
508 2178 543 2239 et
564 2170 733 2238 monachis
755 2191 824 2249 rex,
846 2171 937 2257 quod
958 2193 1130 2259 nunquam
1151 2172 1195 2239 sb
1219 2173 1268 2240 eis
1293 2173 1438 2241 discede·

217 2270 352 2375 ffigff
384 2279 444 2353 ret,
467 2296 529 2341 neo
553 2270 729 2360 quicquum
755 2272 984 2340 conventionis
1009 2273 1104 2340 inite
1130 2274 1339 2361 aliquetenus
1365 2296 1438 2341 mu·

384 2381 479 2455 toret,
506 2381 541 2442 θι
565 2375 655 2462 quod
680 2374 848 2462 episcopos
873 2374 918 2440 od
947 2374 1219 2442 consentiendum
1248 2376 1440 2459 induceret3

384 2485 420 2545 et
445 2475 624 2566 ιιιιοιιιιιιιι1
648 2476 751 2564 priori
774 2482 810 2542 et
835 2475 911 2542 uliis
941 2475 1141 2562 quibusdem
1166 2477 1270 2545 verbo
1295 2479 1380 2545 dure
1404 2483 1441 2545 θι

385 2580 621 2648 contumeliose
647 2578 788 2656 dixerut,
815 2597 892 2645 cum
917 2578 1028 2645 osculo
1053 2579 1144 2666 psois
1169 2580 1302 2647 venium
1332 2581 1440 2667 petiit,

385 2686 555 2748 etcmnes
580 2680 618 2746 in
643 2700 723 2768 pcce
753 2678 889 2746 dimisit.
935 2678 1045 2767 Igitur
1076 2679 1200 2767 singmli
1230 2681 1275 2748 sd
1305 2681 1440 2769 propris

385 2782 564 2849 redierunt.
609 2781 655 2847 Et
680 2781 789 2847 denuo
815 2780 859 2847 cd
889 2780 1013 2847 festum
1045 2781 1160 2848 Sancti
1182 2782 1326 2850 Andreoe
1348 2782 1439 2870 opud

217 2883 324 2984 {nd
245 2883 358 2938 ΝΜ
386 2883 592 2950 Londoniem
608 2886 842 2949 convenerunt
888 2880 1034 2948 Orcdens
1054 2882 1169 2968 itaque
1190 2883 1281 2969 prior
1301 2884 1440 2972 promis-

222 2985 276 3031 Μ’
277 2988 324 3031 ⁸⁰
386 2984 533 3051 sionibus
554 2983 662 3072 regiis,
682 2987 718 3049 et
739 3003 874 3069 sperans
896 3003 931 3047 se
948 2983 1022 3069 J'sm
1039 2982 1176 3070 jamque
1205 3006 1303 3050 suum
1333 2984 1439 3052 archi-

386 3086 575 3174 episcopum
608 3088 847 3204 suscepturum,
869 3082 1022 3151 ιιιιιιιθι
1052 3085 1196 3162 occessit
1229 3086 1319 3152 sed
1309 3107 1346 3152 ιιι
1368 3086 1441 3174 ipsc

385 3188 482 3255 editu
505 3186 618 3254 omniu
639 3187 677 3252 in
700 3185 901 3253 contrarium
924 3191 1056 3252 mutate
1080 3187 1260 3302 conspexit
1307 3187 1396 3255 Nem
1419 3211 1440 3256 a

385 3290 493 3376 primo
518 3288 635 3354 diem
660 3287 851 3365 crastinum,
876 3285 919 3352 de
945 3287 1128 3355 erastino
1117 3308 1155 3352 m
1184 3287 1272 3355 diem
1301 3290 1439 3356 tertium

218 3385 341 3495 mm
386 3395 528 3462 dilutum
558 3397 609 3459 est
637 3393 816 3481 negotium.
862 3392 927 3458 Die
958 3414 1035 3459 ιθιο
1065 3392 1175 3472 tertie,
1205 3393 1285 3481 iiijto
1315 3395 1440 3463 scilicet

218 3447 334 3594 {effigit
384 3518 489 3564 nonos
511 3495 708 3575 Decembris,
724 3516 800 3564 cum
822 3493 975 3562 monachi
997 3493 1252 3562 cantuarienses
1273 3518 1342 3564 une
1364 3520 1440 3564 cum

218 3598 352 3694 m
384 3599 492 3686 priore
506 3620 566 3666 suo
583 3598 765 3664 residerent
781 3596 1002 3682 colloquentes
1024 3602 1059 3662 et
1080 3596 1239 3663 mirantes
1260 3596 1440 3663 admodum

217 3699 375 3796 Jffiosslg
385 3722 542 3788 quorsum
563 3701 630 3767 istu
651 3699 769 3766 dilutio
790 3698 991 3776 tenderetur,
1005 3697 1099 3763 misit
1120 3697 1165 3764 sd
1188 3719 1242 3765 eos
1267 3720 1326 3764 rex
1350 3698 1439 3765 Run-

217 3798 293 3852 mu
386 3802 516 3871 dulfum
544 3802 738 3889 praeieotum
767 3799 907 3887 Angliae,
937 3799 1084 3886 aliosque
1113 3800 1308 3887 spectabiles
1341 3801 1439 3880 viros,

386 3906 445 3992 qui
467 3909 594 3970 mentes
616 3901 851 3971 monachorum
876 3906 946 3967 tum
971 3920 994 3966 e
1018 3921 1075 3988 spe
1101 3902 1192 3987 apud
1217 3900 1440 3969 windlesores

386 4014 551 4096 concepte,
585 4028 685 4094 quem
718 4027 740 4072 θ
771 4010 845 4072 tots
876 4004 1062 4071 intentione
1098 4026 1160 4073 sue
1190 4010 1442 4093 temptaverunt

387 4110 528 4178 devicte.
573 4109 720 4176 Maxime
746 4113 859 4175 tomen
884 4107 1121 4174 laboraverunt
1146 4106 1290 4187 efficeres
1304 4116 1346 4175 ιιι
1371 4130 1440 4177 mo·

385 4213 493 4293 noohi,
516 4234 576 4280 suo
601 4212 735 4299 penitus
758 4211 878 4277 omisso
903 4209 1079 4298 proposito,
1104 4231 1179 4277 cum
1209 4210 1369 4298 episcopis
1399 4213 1440 4278 dc

386 4315 536 4383 faciendo
558 4318 741 4381 ιιιιιιιιθιιι
762 4311 905 4400 negotio,
929 4333 968 4378 co
992 4311 1022 4376 si
1044 4310 1148 4377 nichil
1173 4317 1251 4379 onte
1277 4318 1364 4379 esset
1388 4315 1440 4379 in·

386 4417 549 4487 chostum.
596 4415 726 4497 Quibus
759 4415 849 4503 prior
881 4414 919 4479 in
951 4412 1042 4481 hunc
1078 4414 1213 4481 modum
1249 4418 1439 4504 respondit:

386 4527 405 4556 “
425 4520 587 4595 Miremur
619 4517 798 4585 admodum
831 4537 930 4603 super
962 4513 1029 4582 hiis
1062 4538 1136 4603 quae
1173 4517 1268 4584 nobis
1305 4518 1438 4584 effertis.

736 4750 886 4820 ιςιιιιιιίιιιιι]
900 4766 983 4817 quem,
997 4750 1027 4804 C.
