3588 5740
417 847 481 917 578
615 862 776 912 aasvssu
799 863 960 912 nossem
983 862 1260 915 crawemerse

267 1059 390 1102 culros.
419 1048 438 1075 ‘⁸
458 1047 723 1117 Rethomagensem
759 1047 1004 1120 archiepiscopum
1034 1054 1064 1104 et
1093 1049 1231 1120 quosdam
1261 1049 1412 1121 episcopos
1442 1056 1476 1106 et

251 1109 375 1212 ffiffff‘w'
419 1131 576 1187 “abbates
602 1132 738 1188 dicebant
766 1135 882 1203 penitus
909 1133 1089 1204 derogatum.
1127 1132 1203 1188 Cum
1229 1133 1309 1188 euim
1339 1140 1470 1206 tempore

251 1222 365 1263 senum
419 1216 437 1241 “
457 1216 571 1284 praefati
590 1215 752 1270 Baldewini
771 1216 991 1272 Cantuariensis
1010 1215 1222 1288 archiepiscopi
1247 1216 1391 1287 praemissi
1409 1235 1469 1282 rex,

420 1301 440 1324 ‘⁴
459 1298 701 1370 archiepiscopus,
714 1299 852 1371 episcopi,
864 1300 910 1355 et¹
929 1299 1048 1354 abbates
1061 1299 1247 1355 Gantuariam
1266 1301 1474 1365 estecessissent,2

420 1383 440 1407 “
460 1380 604 1436 intereos
624 1383 759 1437 fuittam
777 1383 813 1437 da
832 1383 1047 1438 comtructicue
1065 1383 1185 1454 capellae
1212 1401 1299 1454 quam
1327 1383 1363 1439 de
1389 1383 1474 1440 insti·

421 1467 439 1492 ‘⁶
459 1465 570 1520 tutione
604 1466 710 1538 prioris
737 1472 767 1522 et
803 1466 977 1538 quibusdam
1005 1467 1070 1522 aliis
1104 1467 1312 1539 quaestionibus
1343 1468 1474 1540 apertis³

422 1549 706 1620 “compromissum
745 1551 808 1622 Ipsi
826 1555 925 1606 autem
943 1550 1080 1621 diligenti
1097 1550 1305 1606 deliberatione
1322 1552 1475 1623 praemisaa

423 1632 442 1657 “
461 1632 571 1703 pariter
585 1633 798 1703 judicaverunt,
818 1634 895 1706 quod
912 1633 976 1706 ipse
1000 1633 1235 1705 archiepiscopus
1259 1635 1475 1690 rationabiliter

424 1716 441 1740 “
463 1715 657 1771 aedificaverat
688 1717 840 1773 ecclesiam
870 1723 1076 1773 memoratam:
1103 1718 1166 1789 ipse
1191 1723 1291 1772 tamen
1316 1736 1369 1789 pro
1395 1718 1474 1774 bono

423 1800 542 1870 “pacis
567 1801 710 1856 concessit
733 1802 771 1856 ad
795 1801 929 1873 predicti
952 1802 1032 1874 regis
1060 1802 1228 1857 instantiam
1253 1809 1283 1856 et
1307 1803 1397 1857 etiam
1420 1802 1475 1857 ali·

423 1885 443 1909 “
463 1900 555 1949 orum,
570 1884 646 1954 quod
664 1885 868 1939 canonicorum
886 1884 1045 1955 collegium
1063 1884 1101 1939 ad
1118 1884 1214 1940 locum
1227 1885 1318 1939 alium
1336 1885 1476 1940 transfer·

424 1969 443 1995 “
462 1972 509 2021 ret
525 1984 613 2038 quem
632 1967 756 2038 eligeret
772 1971 994 2039 competentem.
1040 1968 1098 2022 Per
1123 1968 1200 2023 hauc
1227 1968 1315 2038 ergo⁴
1333 1968 1476 2040 composi·

426 2053 444 2076 “
464 2048 574 2105 tionem
611 2049 682 2105 dicti
713 2050 811 2104 nuntii
840 2050 885 2105 tui
915 2050 1098 2106 renuntiasse
1128 2050 1265 2105 dicebant
1299 2050 1476 2106 monachos⁵

258 2153 413 2200 ssgmiof
427 2136 445 2159 “
465 2134 616 2204 rescriptis
637 2133 867 2204 precedentibus
894 2151 911 2189 a
938 2134 1005 2188 sede
1032 2134 1189 2206 apostolica
1215 2135 1389 2205 impetratis,
1409 2153 1477 2190 cum

256 2206 371 2301 {iffi}
427 2220 444 2244 “
466 2217 569 2272 exinde
587 2217 682 2272 dictus
700 2218 939 2290 archiepiscopus,
958 2218 1023 2272 loeo
1044 2218 1142 2288 priore
1160 2217 1289 2283 dimisso,
1310 2219 1360 2272 ubi
1386 2218 1477 2273 oedifi-

257 2268 396 2359 siredones.
426 2304 446 2329 “
466 2318 532 2356 care
550 2318 609 2355 uon
627 2298 779 2372 potuerat⁶
798 2300 860 2355 sine
879 2300 1016 2355 scandalo
1033 2302 1250 2366 monachorum,
1269 2302 1306 2357 ad
1323 2302 1421 2356 locum
1440 2301 1477 2356 de

428 2387 445 2411 “
467 2384 595 2440 Lamhee
622 2402 675 2456 per
701 2400 725 2438 a.
745 2384 874 2439 miliaria
900 2384 1056 2440 distantem
1082 2402 1100 2439 a
1129 2384 1247 2440 civitate
1274 2384 1479 2441 Oantuariensi

427 2471 446 2496 “
467 2487 552 2523 suum
571 2468 751 2541 propositum
769 2467 962 2535 transtulerit,
981 2467 1032 2522 ubi
1058 2471 1089 2523 et
1114 2468 1269 2523 ecclesiam
1296 2469 1373 2523 sicut
1397 2468 1481 2540 prius

427 2556 446 2580 “
467 2553 575 2608 feceret
593 2552 736 2607 aedificare
755 2553 844 2624 coepit
862 2552 899 2607 ad
916 2552 1055 2607 honorem
1073 2558 1236 2623 martyrum
1260 2552 1478 2623 praedictorum,

428 2639 446 2664 “
466 2643 500 2692 ut
518 2637 560 2692 sic
578 2642 696 2708 propter
719 2636 840 2690 nimiam
858 2636 988 2691 locorum
1016 2635 1184 2691 distantiam
1211 2636 1294 2691 nulla
1317 2642 1482 2691 remaneret

427 2723 447 2748 ⁴¹
466 2720 615 2775 monachis
644 2719 767 2774 materia
803 2718 1005 2790 conquerendi
1044 2717 1098 2774 Oui
1130 2726 1232 2791 postea
1261 2725 1294 2774 tu
1324 2719 1481 2775 succedens

429 2805 449 2829 ‘⁶
468 2803 546 2874 quod
564 2803 600 2858 ab
618 2804 681 2874 ipso
699 2803 796 2858 minus
815 2804 923 2858 facturn
941 2803 1038 2858 fuerat
1055 2802 1194 2873 perficere
1207 2803 1335 2868 voluisti,
1354 2810 1385 2859 et
1402 2804 1481 2875 quod

430 2889 448 2914 “
468 2889 565 2959 ipsum
592 2886 647 2940 tibi
676 2886 778 2941 liceret
808 2905 842 2940 ex
867 2886 1009 2958 rescripto
1034 2885 1198 2940 litterarum
1223 2887 1306 2941 bonae
1331 2887 1482 2942 memoriae

430 2973 448 2998 “
468 2971 606 3027 Gelastini
636 2987 719 3041 papae
749 2969 968 3042 predecessoris
999 2969 1090 3025 nostri
1117 2970 1270 3025 ostendere
1300 2969 1479 3036 nitebantur,

430 3058 449 3082 ‘⁴
470 3056 519 3127 qui
538 3072 613 3109 auno
637 3053 821 3125 pontificatus
849 3053 967 3109 sui'rii⁰
994 3059 1024 3109 et
1048 3057 1177 3108 extremo
1204 3053 1242 3108 ad
1267 3070 1380 3108 omnem
1404 3053 1482 3109 inter

431 3143 449 3166 “
470 3138 606 3193 ecclesias
619 3136 857 3191 cantuariensem
877 3135 954 3191 etde
967 3136 1095 3191 Lamhee
1109 3135 1283 3191 discordiam
1301 3136 1480 3208 sopiendam,

431 3224 450 3248 “
470 3226 500 3276 et
517 3239 554 3275 ne
572 3219 705 3275 canonici
723 3219 759 3274 de
777 3218 906 3274 Lamhee
922 3220 1092 3275 facultatem
1108 3218 1250 3274 haberent
1267 3226 1369 3275 contra
1385 3220 1484 3276 cathe-

432 3307 450 3333 “
470 3304 582 3360 dralem
601 3302 753 3357 ecclesiam
772 3300 951 3373 insurgendi,
971 3302 1143 3374 disponendi
1160 3302 1197 3357 de
1215 3303 1280 3373 ipsa
1304 3303 1428 3359 ecclesia
1445 3302 1483 3357 de

432 3391 450 3415 “
470 3386 598 3443 Lamhae
628 3386 754 3441 interius
784 3391 814 3441 et
844 3385 978 3451 exterius,
1009 3402 1069 3439 non
1099 3384 1282 3440 obstantibus
1311 3384 1417 3440 litteris
1445 3386 1484 3441 ad

433 3468 666 3527 “venerabilem
697 3470 818 3523 fratrem
848 3472 979 3521 nostrum
1010 3466 1222 3523 cicestrensem
1249 3467 1417 3540 episcopum
1454 3474 1485 3524 et

433 3554 591 3609 “dilectos
609 3552 684 3607 filios
702 3556 817 3616 nostros
842 3549 879 3604 de
907 3549 1055 3621 Radinges
1081 3553 1112 3605 et
1135 3549 1172 3604 de
1189 3550 1339 3605 Waltham
1365 3550 1486 3606 abbates

433 3641 451 3665 “
471 3636 608 3701 obtentis,
634 3635 776 3691 concessit
806 3633 861 3689 tibi
889 3633 1012 3688 liberam
1037 3633 1214 3689 facultatem.
1252 3634 1309 3688 Per
1334 3634 1387 3689 has
1414 3651 1486 3705 ergo

433 3723 452 3748 “
470 3721 585 3776 litteras
603 3717 799 3792 praecedentia
817 3716 926 3789 scripta
944 3734 995 3772 sua
1013 3734 1078 3788 quae
1096 3717 1143 3772 his
1161 3717 1336 3773 videbantur
1363 3716 1486 3773 adversa

434 3807 452 3831 ‘⁴
472 3803 608 3859 dicebant
624 3802 741 3875 penitus
759 3806 901 3855 revocata.
939 3799 1137 3856 Intentionem
1161 3818 1230 3871 argo
1256 3818 1337 3854 suam
1362 3801 1486 3871 probare

435 3891 453 3913 “
474 3888 545 3942 dieti
561 3885 659 3941 nuntii
676 3885 722 3939 tui
741 3883 911 3955 satagebant
928 3900 981 3956 per
1003 3883 1148 3939 laudabile
1174 3883 1354 3955 propositum
1372 3882 1487 3937 Theod-

265 3992 392 4040 Summsry.
434 3975 452 3999 ⁴⁸
473 3971 552 4026 baldi
576 3975 606 4025 et
624 3967 743 4039 gloriosi
761 3967 880 4021 Thomae
905 3967 1043 4038 martyris
1070 3966 1240 4037 pontificum
1258 3965 1485 4038 premissorum,

435 4056 454 4083 ‘⁴
474 4059 504 4109 et
520 4070 574 4125 per
590 4051 712 4116 Urbani,
733 4049 870 4121 Gregorii
889 4053 919 4105 et
937 4048 1077 4104 Celestini
1095 4047 1296 4103 Romanorum
1316 4047 1487 4119 pontificum

435 4135 672 4207 “indulgentias
697 4139 728 4188 et
753 4134 906 4204 rescripta,
927 4138 957 4187 et
973 4149 1026 4203 per
1050 4130 1232 4202 praemissam
1249 4130 1488 4202 compositionem

436 4223 454 4247 “
473 4220 580 4275 factem
608 4217 644 4272 de
661 4216 788 4288 partium
815 4215 971 4270 voluntate.
1009 4214 1120 4271 Verum
1143 4212 1302 4285 praemissis
1325 4213 1488 4268 rationibus

436 4306 454 4333 ‘⁴
474 4320 508 4357 ex
526 4305 608 4374 parte
625 4300 833 4356 monachorum
847 4297 903 4353 fuit
920 4315 954 4353 ax
973 4297 1075 4353 ordine
1092 4297 1193 4352 taliter
1210 4296 1366 4352 obviatum.
1404 4296 1489 4366 Quod

469 4625 477 4656 ¹
491 4622 528 4689 et]
543 4639 593 4672 cnr.
606 4622 640 4671 A.
654 4620 684 4671 0.
1023 4615 1115 4682 ⁴erpo]
1130 4631 1198 4676 vero,
1211 4616 1239 4666 C.

470 4701 666 4767 Moesiacam]
681 4707 714 4762 et,
725 4699 773 4749 ins.
787 4701 817 4750 C.
1023 4694 1184 4761 bmorrcchoa]
1199 4710 1248 4744 om.
1262 4696 1291 4745 C.

469 4781 597 4847 8αρενῑιέ]
611 4796 627 4830 a
643 4779 765 4844 partibus,
778 4780 809 4828 B.
1024 4774 1171 4841 8ροτιιενιιί]
1187 4780 1293 4839 poterat,
1306 4773 1334 4824 C.
