3588 5740
726 931 838 981 orsas
861 933 1053 984 msrcoicn.
1340 922 1403 992 579

352 1112 371 1135 “
390 1111 427 1166 de
451 1114 571 1168 occultis
598 1115 749 1171 hominnm
775 1117 985 1187 voluntatibus,
1007 1124 1153 1195 quaesibi
1179 1129 1297 1182 tantum
1323 1129 1403 1187 Deus
1433 1133 1555 1182 ΑΠΗΝ-

351 1195 370 1219 “
389 1197 559 1261 reservavit,
585 1197 641 1267 Qui
665 1217 749 1255 renea
773 1206 803 1256 et
829 1203 916 1257 corda
940 1211 1094 1272 scrutatur,
1123 1225 1141 1262 a
1167 1210 1250 1267 nobie
1274 1212 1402 1281 judicari
1415 1200 1482 1244 Μ

180 1297 322 1341 Jcr.xvii.1e
352 1278 370 1302 ‘⁶

388 1295 447 1332 non
474 1284 588 1350 poterat
613 1299 666 1337 nec
692 1283 835 1348 debebat,¹
863 1303 917 1342 neo
941 1287 998 1359 ipsi
1022 1291 1157 1347 valebant
1182 1295 1220 1348 ad
1246 1296 1319 1351 talia
1343 1316 1401 1354 res·
1414 1255 1527 1297 ”nwnoe‘

351 1361 370 1385 “
388 1362 525 1431 pondere,
547 1381 612 1433 quae
636 1383 797 1436 proponere
816 1367 848 1421 in
871 1368 982 1438 judicio
1000 1371 1044 1424 nil
1063 1372 1143 1428 aliud
1161 1380 1224 1430 erat
1250 1395 1336 1449 quem
1364 1380 1400 1436 de

349 1444 368 1468 ‘⁴
388 1444 506 1500 secretis
534 1447 667 1502 cordium
691 1448 831 1505 divinare.
870 1450 946 1506 Sane
971 1470 1024 1523 per
1041 1454 1256 1528 indulgentiam
1286 1461 1399 1518 Urbani
1413 1466 1522 1512 ccunmr·

349 1525 367 1550 ‘⁸
385 1543 468 1598 papae
503 1531 723 1600 praedecessoris
747 1535 850 1599 nostri,
875 1534 912 1589 de
947 1552 1005 1606 qua
1031 1540 1236 1608 praemisimus,
1259 1544 1321 1615 juri
1346 1563 1398 1602 auo
1411 1568 1435 1610 or
1453 1522 1546 1613 hpsms

347 1610 367 1635 “
384 1609 417 1664 in
434 1613 515 1667 nullo
536 1613 672 1670 dicebant
698 1618 815 1687 penitus
844 1618 1024 1690 derogatum,
1054 1623 1123 1694 qnia
1148 1628 1285 1685 canonica
1310 1632 1396 1686 benc·
1410 1618 1499 1662 Μ’·

347 1694 365 1718 “
385 1694 517 1750 liciorum
534 1698 693 1769 assignatio
717 1717 769 1771 per
795 1719 860 1756 eam
879 1698 1081 1760 Oantuariensi
1099 1709 1316 1785 archiepiscopo
1334 1733 1393 1771 ser·

348 1777 366 1801 “
384 1777 515 1844 rebatur,
539 1781 590 1852 qui
610 1783 696 1854 juxta
718 1784 955 1840 constitutionem
983 1789 1151 1845 canonicam
1180 1795 1242 1851 sine
1268 1802 1395 1855 tractatu

347 1861 365 1884 “
384 1865 414 1916 et
432 1879 552 1919 assensu
569 1867 778 1923 monachorum
804 1868 961 1939 procedere
978 1889 1037 1926 non
1054 1874 1178 1941 valebat,
1212 1880 1263 1949 qui
1287 1883 1396 1938 nedum

346 1946 365 1969 “
384 1946 481 2015 qu0d²
505 1947 596 2020 ipsine
623 1950 699 2005 tacto
716 1950 748 2004 in
773 1952 827 2006 hac
853 1958 936 2023 parte
963 1957 1183 2025 consenserint,8
1199 1965 1393 2021 verumetiam

346 2028 365 2052 ⁴‘
384 2030 637 2087 contradixerunt⁴
663 2050 805 2105 expresse,
831 2035 907 2091 sicut
932 2040 1081 2108 sequentia
1105 2042 1274 2111 docuerunt,
1292 2055 1323 2104 et
1346 2046 1395 2105 ed·

345 2112 364 2137 “
384 2112 441 2167 huc
471 2114 502 2168 in
528 2116 627 2170 eodem
655 2118 802 2188 proposito
829 2127 1025 2189 perseverant.
1072 2123 1123 2180 Eis
1150 2126 1220 2198 ergo
1250 2133 1394 2188 contradi-

346 2195 516 2253 “centibus
546 2204 576 2254 et
600 2200 758 2271 superioris
778 2201 923 2273 judicium
949 2204 1030 2260 erat⁵
1056 2211 1273 2279 expectandum,
1310 2216 1395 2271 Idem

344 2280 364 2305 “
383 2280 472 2335 etiam
502 2300 537 2337 ea
568 2284 680 2339 ratione
709 2284 878 2340 nitebantur
909 2288 1068 2356 ostendere,
1100 2293 1169 2363 quia
1199 2296 1285 2368 juxta
1314 2318 1395 2357 seno·

344 2362 479 2419 “tiones
507 2367 657 2437 legitimas
682 2368 707 2422 si
737 2368 853 2440 qnando
886 2369 993 2425 alicui⁶
1023 2375 1192 2431 conceditur
1220 2380 1394 2438 beneficium
1435 2412 1445 2445 ι

342 2447 362 2472 “
380 2448 550 2520 principale,
570 2457 642 2522 puta
658 2452 752 2507 libera
769 2452 857 2507 factio
875 2457 1049 2521 testamenti,
1069 2458 1160 2514 nichil
1178 2462 1259 2518 aliud
1277 2465 1395 2523 videtur

265 2565 272 2578 .
343 2531 362 2557 “
381 2532 528 2603 indulgeri
547 2553 633 2607 quam
655 2538 690 2590 ut
707 2536 793 2591 modo
811 2542 933 2592 testetur
951 2539 1084 2610 legitimo
1102 2544 1232 2600 etetiam
1244 2558 1388 2607 consueto.

342 2617 361 2640 ‘⁶
380 2615 436 2672 Ille
456 2635 569 2689 quoque
587 2618 637 2689 qui
655 2619 737 2674 utin
755 2620 953 2691 locopublicc
974 2629 1072 2693 poscet
1097 2625 1240 2683 aedificare
1267 2648 1285 2685 a
1311 2634 1390 2704 prin·

381 2702 445 2775 cipe
464 2702 637 2776 simpliciter
663 2703 842 2775 impetravit,
863 2704 1008 2762 edificare
1035 2726 1101 2763 cum
1131 2711 1252 2768 alterius
1280 2716 1389 2774 incom-

242 2778 248 2790 ”
340 2786 360 2810 “
379 2786 465 2840 modo
482 2804 541 2840 non
558 2786 678 2850 valebit,
697 2785 755 2840 nisi
772 2791 803 2841 et
819 2787 874 2842 hoc
892 2787 989 2859 ipsum
1007 2807 1024 2845 a
1041 2789 1178 2864 {principe
1209 2800 1388 2867 postulatum

339 2869 358 2894 ‘¹
378 2869 486 2924 fuerit⁷
517 2874 546 2923 et
576 2886 754 2924 concessum.
792 2869 849 2924 Per
874 2877 1024 2942 sequentes
1049 2873 1138 2929 etiam
1164 2878 1254 2948 ipsine
1278 2881 1389 2939 Urbani

339 2954 357 2978 “
377 2952 489 3008 litteras
511 2952 699 3018 executorias,
720 2953 826 3023 quibus
853 2970 925 3024 opus
952 2955 1048 3026 ipsum
1074 2958 1262 3017 maledictum
1286 2965 1389 3023 haberi

339 3038 359 3061 “
377 3036 471 3092 voluit
495 3044 525 3092 et
549 3037 712 3108 profanum,
732 3038 900 3092 asserebant
924 3039 1103 3111 praescriptae
1128 3042 1321 3117 indulgentiae
1339 3050 1388 3106 de·

340 3122 358 3146 “
378 3128 520 3192 rogatum.
571 3121 640 3189 Quae
669 3122 730 3177 sive
757 3139 862 3194 coram,
886 3123 987 3178 eodem
1015 3123 1132 3181 Urbano
1158 3127 1248 3185 fuerit
1275 3140 1389 3193 ostensa

339 3204 357 3227 “
376 3205 573 3276 proponebant
591 3222 656 3259 earn
674 3205 809 3276 penitue⁸
820 3204 998 3276 abrogatam,
1011 3224 1078 3262 cum
1091 3210 1143 3265 ea⁹
1153 3229 1212 3266 non
1230 3215 1389 3276 obstante¹⁰

338 3286 356 3309 “
376 3285 523 3341 demolitio
549 3288 641 3358 ipsius
660 3287 789 3342 ecclesia
808 3287 898 3343 fuerit
915 3288 1099 3357 demandata,
1119 3293 1181 3349 sive
1200 3297 1289 3354 tuerit
1315 3320 1387 3373 pree·

338 3370 356 3393 ‘⁶
375 3370 520 3435 termissa,
540 3372 596 3426 sibi
615 3372 715 3427 debuit
733 3372 882 3443 imputari,
902 3390 970 3427 cum
984 3374 1054 3445 jure
1081 3376 1163 3431 civili
1181 3380 1269 3435 etiam
1287 3401 1386 3442 cavea·

338 3454 356 3474 “
377 3458 426 3506 tur
444 3453 521 3524 quod
539 3454 593 3508 sub
611 3458 753 3524 praetextu
774 3454 1036 3509 instrumentorum
1045 3455 1063 3486 ¹¹
1082 3464 1184 3528 postea
1204 3471 1386 3533 repertorum

337 3533 440 3589 “lites
470 3554 529 3590 non
558 3537 682 3591 debeant
711 3536 878 3591 restaurari.
926 3537 963 3592 Id
989 3538 1086 3610 ipsum
1111 3559 1163 3612 per
1188 3545 1302 3604 litteras
1329 3551 1386 3624 pioe

336 3620 354 3643 “
374 3619 581 3674 recordationis
606 3620 765 3675 Clementis
792 3638 875 3691 papae
901 3621 1121 3692 praedecessoris
1145 3630 1236 3683 noctu
1262 3635 1386 3704 probare

335 3705 354 3727 ‘⁶
374 3703 519 3767 volebant,
533 3704 564 3757 in
582 3704 666 3775 cujus
678 3704 832 3777 prasentia
851 3703 961 3759 nuntiis
979 3707 1107 3776 partium
1126 3713 1301 3781 constitutis,
1317 3735 1384 3775 cum

336 3790 353 3812 “
374 3786 469 3841 dictus
487 3787 671 3843 Baldewinus
688 3786 883 3860 predecessor
900 3793 968 3843 tuus
982 3806 1054 3860 opus
1070 3793 1259 3851 maledictum
1272 3805 1302 3855 et
1318 3820 1384 3873 pro.

334 3872 351 3894 ‘⁴
371 3871 500 3942 phanum
519 3871 661 3925 voluisset
678 3870 889 3926 contumaciter
906 3876 937 3925 ct
963 3873 1150 3942 pertinaciter
1173 3895 1381 3951 consummare,

334 3956 353 3979 “
373 3954 410 4009 ad
428 3956 593 4027 exemplum
611 3953 724 4009 Urbani
742 3971 824 4025 papa
843 3952 1063 4024 praedecessoris
1081 3959 1126 4011 sui
1143 3963 1265 4031 praefato
1288 3968 1380 4023 archi·

332 4039 351 4064 “
372 4041 505 4112 episcopo
523 4038 559 4094 de
577 4038 696 4093 consilio
714 4038 838 4092 fratrum
856 4036 987 4093 dictricte
1013 4041 1163 4112 praecepit,
1182 4050 1217 4099 ut
1243 4049 1380 4122 quicquid

332 4126 350 4149 “
371 4126 479 4181 fecerat
496 4124 527 4177 in
545 4122 667 4177 ecclesia
689 4122 840 4176 nominata
857 4129 972 4178 curaret
997 4123 1058 4177 sine
1085 4124 1225 4183 diletione
1250 4134 1381 4202 qualibet

363 4392 370 4424 ¹
383 4389 498 4456 debebat]
513 4392 611 4451 debeat,
622 4388 651 4440 C.
907 4386 1019 4453 ⁷fucrr't]
1034 4387 1091 4451 fuit,
1103 4392 1138 4442 A.
1150 4394 1181 4444 Β.

361 4471 372 4505 ²
383 4470 460 4536 quod]
475 4470 510 4529 iu,
520 4468 566 4518 ins.
580 4468 609 4519 C.
907 4468 981 4516 'eom
990 4469 1101 4535 paritur]
1116 4488 1165 4521 cm.
1178 4473 1213 4523 A.
1224 4476 1254 4525 B.

360 4549 562 4613 ³ccnsensen'nt]
578 4553 769 4607 consenserunt,
782 4546 812 4597 C.
907 4546 973 4611 ἀι]
988 4561 1038 4595 orn.
1049 4547 1081 4597 B.

361 4627 597 4692 ⁴cmttrudirenmt]
607 4624 828 4685 contradicenti).
911 4627 931 4660 ¹⁰
943 4645 990 4678 non
1005 4628 1129 4699 obeunte]
1145 4634 1195 4685 fide
1212 4653 1263 4687 nou
1280 4640 1375 4701 babitu,

360 4709 450 4774 ⁵erut]
465 4706 519 4764 erit,
532 4708 565 4755 A.
577 4707 608 4755 B.
876 4708 906 4759 C.

359 4788 475 4854 ‘olicui]
490 4803 539 4837 orn.
552 4788 586 4835 Α.
599 4785 630 4837 U.
851 4822 875 4863 ¹.
911 4785 929 4819 ¹¹
942 4788 1168 4858 instrumentorum]
1183 4793 1267 4845 Blanlr
1278 4796 1304 4848 in
1317 4801 1346 4850 Β,

1135 4878 1239 4939 002
