3588 5740
439 875 505 940 560
639 889 800 940 anavasn
822 890 982 939 nonnoni
1005 889 1277 941 circumrosis

286 1093 409 1140 annua
437 1072 587 1139 eeclesias
620 1073 663 1139 ad
697 1075 907 1140 elemosinam
940 1074 1144 1160 pertinentes
1177 1076 1310 1153 invasit,
1341 1075 1391 1142 ita
1423 1076 1485 1141 iste

269 1144 398 1254 affl}
437 1175 553 1240 villam
590 1174 631 1240 de
668 1174 889 1253 (lherteham,¹
922 1197 1021 1262 quam
1045 1175 1188 1243 Sanctus
1226 1177 1410 1243 Edwardus
1443 1178 1487 1243 ad

267 1259 419 1356 ‘eliam
436 1279 647 1345 elemosinam
670 1279 793 1345 dieitur
815 1278 999 1357 contulisse,
1016 1280 1172 1365 primitus
1194 1282 1376 1368 occupavit.
1422 1280 1486 1346 Re-

436 1386 629 1446 manserunt
662 1385 774 1446 tamen
808 1381 951 1469 episcopi
983 1382 1118 1466 quidam
1151 1390 1187 1448 et
1216 1383 1361 1462 abbates,
1385 1390 1425 1447 ut
1457 1382 1487 1448 ei

435 1504 502 1569 quo
523 1483 620 1548 modo
643 1488 776 1569 possent
797 1481 907 1548 adhue
928 1482 1058 1549 flectere
1081 1484 1257 1551 monachos
1283 1483 1346 1551 ιιῐ2
1368 1484 1485 1551 saltem

434 1584 606 1672 palliatam
636 1583 877 1671 archiepiscopo
913 1584 1142 1671 reportarent³
1177 1586 1358 1653 victoriam
1420 1585 1487 1653 Sed

430 1687 503 1773 jam
533 1687 668 1773 jamque
704 1685 941 1773 insuperabiles
971 1686 1089 1764 effecti,
1120 1687 1199 1773 quia
1229 1688 1487 1774 inseparabiles)

266 1815 405 1862 nasama
434 1790 612 1877 apostolico
634 1789 774 1854 fidenter
796 1788 1003 1854 inhaerebant
1032 1789 1196 1855 mandato.
1244 1790 1485 1857 Recedentibus

264 1867 601 1980 llffl'tlaepiseopia
625 1891 717 1956 missi
739 1891 884 1957 suntad
905 1897 1106 1957 conventum
1128 1892 1265 1958 abbates
1295 1892 1370 1971 duo,
1393 1893 1484 1959 vide-

264 1967 420 2065 irssdssffi„
433 1995 511 2062 licet
534 1995 575 2060 de
602 1993 759 2060 Boxeleia
773 1997 808 2058 et
823 1992 863 2058 de
878 1992 984 2058 Ponte
1006 1993 1151 2072 Roberti,
1168 2000 1258 2060 utet
1278 1994 1343 2081 ipsi
1357 1994 1484 2081 aliquid

433 2102 637 2184 temptarent
661 2095 795 2173 efficere,
817 2117 934 2161 verum
966 2102 1148 2161 conventus
1170 2097 1347 2163 adamante
1371 2097 1484 2163 durior

433 2206 468 2267 et
481 2200 570 2266 ferro
584 2199 701 2264 fortior
714 2220 782 2264 non
796 2199 969 2284 adquievit
984 2198 1054 2263 eie.l
1090 2199 1323 2286 Praeccpersmt
1338 2200 1483 2278 tandem,

433 2326 475 2369 ne
490 2303 538 2369 nil
561 2307 714 2389 ageretur
735 2301 932 2367 auctoritate
954 2300 1197 2389 archiepiscopi,
1213 2308 1253 2367 ut
1274 2302 1341 2368 duo
1363 2301 1483 2368 fratres

262 2428 359 2473 amem
367 2408 476 2475 moad
498 2428 574 2472 eum
597 2404 801 2471 Londoniam
833 2404 994 2481 venirent,
1017 2410 1057 2468 ut
1087 2405 1308 2492 interipsum
1341 2411 1377 2471 et
1406 2427 1482 2471 con-

262 2480 395 2575 ικῗιιιιῗῗζῖιιιι011
432 2514 571 2573 ventum
614 2506 707 2591 quasi
750 2505 905 2571 secretius
950 2505 1051 2570 verba
1092 2505 1227 2590 pacifica
1269 2511 1481 2592 reportarent

261 2582 370 2675 tellit
434 2611 581 2691 Quorum
613 2630 707 2686 unus,
731 2608 887 2673 mandato
922 2606 982 2672 teli
1019 2606 1132 2671 dolum
1166 2608 1272 2673 inesse
1302 2609 1480 2694 suspicans,

261 2681 410 2737 ⁸¹⁰¹¹b¹⁸¹¹⁰²
431 2733 519 2799 aeger
540 2709 705 2787 remansit
728 2709 813 2774 alter
836 2729 922 2786 vero,
944 2708 988 2773 ad
1009 2707 1289 2794 archiepiscopum
1318 2711 1482 2790 accedens,

430 2814 537 2881 multa
559 2812 698 2891 audivit,
721 2818 756 2878 et
778 2812 821 2877 ad
835 2810 966 2898 singula
988 2811 1165 2898 respondit
1204 2811 1360 2897 Injunxit
1374 2813 1482 2879 eidem

430 2915 691 3002 archiepiscopus
715 2920 753 2978 ut
775 2913 812 2978 in
843 2912 935 2978 curia
957 2911 1108 2978 Romana
1139 2912 1179 2978 de
1211 2913 1375 3000 impositis
1405 2936 1481 2980 eum

430 3023 619 3097 excusaret3
648 3023 685 3082 at
714 3016 770 3081 ille
800 3015 882 3080 satis
915 3020 1156 3101 competentem
1186 3016 1395 3102 praetendens
1424 3039 1481 3083 ex·

428 3119 631 3186 cusationem
670 3116 885 3184 (lantuariam
928 3117 1075 3203 gaudens
1117 3138 1267 3183 reversus
1305 3121 1363 3183 est
1426 3118 1482 3185 Sic

429 3222 562 3288 delusus
603 3221 749 3307 undique
796 3219 967 3284 Hubertue
1011 3219 1272 3306 archiepiscopus
1317 3221 1482 3287 aestuabat

428 3324 548 3401 anime,
563 3323 756 3388 multotiens
778 3321 822 3388 ab
843 3320 895 3386 his
917 3328 953 3387 et
974 3320 1041 3386 illis
1056 3342 1204 3408 quaerens
1227 3321 1401 3388 eonsilium
1415 3344 1480 3408 quo

429 3426 534 3504 modo,
550 3426 605 3491 vel
627 3446 694 3511 qua
715 3428 795 3501 arte,
817 3421 876 3488 ri⁰
891 3423 946 3488 vel
967 3422 1092 3501 fraude,
1114 3423 1349 3490 monachorum
1371 3432 1481 3511 posset

260 3550 417 3596 emeret·
429 3550 585 3595 enervare
608 3526 836 3594 constantiam.
893 3524 1061 3590 Utebatur
1090 3525 1193 3612 igitur
1215 3530 1357 3612 utreque
1378 3548 1480 3592 manu

258 3601 405 3706 ffinma-
429 3652 489 3718 pro
512 3630 658 3709 dextera,
681 3629 768 3695 sicut
796 3627 853 3693 ait.
900 3626 991 3693 Hinc
1020 3627 1109 3693 enim
1138 3627 1181 3693 ad
1203 3649 1314 3714 regem
1343 3629 1480 3695 nuntios

428 3734 552 3800 direxit
566 3737 601 3799 et
615 3732 752 3809 litterae,
774 3735 814 3795 ut
828 3729 900 3816 ipso
914 3729 1081 3795 mediante
1096 3728 1150 3795 vel
1172 3729 1387 3816 compellente
1402 3752 1479 3816 pars

427 3840 567 3921 utraque
582 3832 864 3919 compromitteret
884 3831 921 3895 in
942 3830 1093 3907 arbitros,
1116 3830 1283 3917 episcopos
1297 3830 1423 3897 scilieet
1444 3837 1479 3898 et

426 3936 571 4015 abbates,
594 3943 629 4002 et
651 3941 692 4000 ut
720 3933 824 4020 ipsius
857 3932 944 4019 regis
974 3932 1123 3998 animum
1153 3938 1188 3998 et
1218 3933 1478 4002 benivolentiam

427 4043 594 4107 averteret
615 4060 636 4105 a
658 4041 833 4105 conventu.
889 4035 974 4100 Inde
995 4056 1075 4101 vero
1096 4035 1141 4101 ad
1164 4035 1336 4102 dominum
1357 4059 1478 4125 papam

426 4142 562 4208 nuntios
585 4139 773 4228 dirigendos
795 4137 928 4225 paravit
959 4143 993 4203 et
1015 4137 1152 4215 litteras,
1168 4159 1244 4203 cum
1265 4158 1334 4204 non
1350 4140 1479 4207 modico

426 4245 570 4333 pondere
592 4242 806 4329 reliquiarum
821 4238 962 4326 Angliae,
985 4237 1110 4304 Ruffini
1132 4238 1258 4307 scilicet
1279 4237 1334 4307 et⁷
1355 4241 1480 4308 Albini

459 4498 468 4532 ¹
483 4494 644 4563 mmmm]
658 4493 834 4554 chertesbarn.
847 4492 879 4547 0.
1008 4491 1020 4524 ⁸
1032 4497 1178 4557 caeptam
1198 4526 1205 4542 .
1223 4528 1231 4542 .
1249 4529 1256 4543 .
1273 4492 1323 4561 eis]
1356 4492 1480 4558 imment,

459 4576 521 4643 ἀ]
537 4573 613 4637 etc·
976 4569 1421 4637 minensdqcievernnteMB.

459 4651 651 4720 ⁸rspmarm]
666 4657 804 4717 reportare,
815 4649 845 4704 0.
1008 4649 1070 4717 lm]
1084 4649 1224 4703 ambli

459 4728 929 4802 1ςθὶοεί...ιἰιιιιιανιιόιῖιε]οιιιΔ.
1007 4728 1224 4797 ⁷et]om.A.B.
