3646 5720
724 900 836 949 ornus
859 898 1049 949 mucules
1350 883 1414 945 285

368 1084 620 1142 “catholicorum
646 1089 745 1140 tomen
770 1083 938 1156 principum
965 1078 1224 1138 constitutionibus
1250 1077 1416 1151 adjuvatur,
1446 1086 1570 1180 affin.

366 1171 386 1197 ‘³
405 1174 439 1224 ιιι
456 1185 534 1239 saepe
553 1172 687 1239 querunt
703 1167 836 1223 homines
853 1165 981 1221 salutare
998 1161 1160 1219 remedium
1179 1161 1249 1217 dum
1268 1160 1418 1257 corporale
1430 1167 1572 1255 mm

368 1254 387 1279 ‘¹
406 1268 494 1323 super
519 1268 551 1306 se
575 1249 753 1323 supplicium
779 1253 917 1305 metuunt
941 1248 1068 1304 evenire.
1105 1245 1269 1318 Espropter
1294 1245 1364 1317 quis
1387 1261 1416 1299 ιιι
1430 1253 1524 1347 imm
1539 1302 1566 1345 ln

368 1337 387 1363 ‘⁴
408 1333 561 1400 Gssconia,
579 1331 758 1405 Albegesio,¹
771 1338 802 1388 et
813 1332 946 1402 partibus
964 1329 1123 1398 Tolosanis,
1142 1333 1173 1386 et
1190 1330 1256 1385 eliis
1272 1329 1355 1394 locis,
1375 1327 1419 1383 ita
1431 1303 1544 1402 ὥω,

368 1420 388 1447 “
405 1417 620 1482 hereticorum,
639 1434 713 1489 quos
732 1415 785 1471 alii
802 1414 931 1480 (loturos,
950 1413 1002 1469 ulii
1026 1413 1212 1478 Publicanos,
1231 1412 1283 1467 ulii
1308 1411 1418 1468 Pateri·
1431 1402 1546 1496 ssdbffi·

368 1503 386 1529 ‘⁶
406 1518 471 1564 nos,
498 1500 550 1555 ulii
576 1499 643 1556 aliis
669 1499 839 1555 nominibus
863 1503 979 1563 vocant,
997 1496 1124 1552 invaluit
1150 1493 1336 1568 dampnando
1354 1512 1418 1565 per·
1431 1503 1502 1546 losse

368 1587 387 1613 “
407 1584 540 1650 versitas,
560 1589 594 1639 ut
608 1584 671 1655 jam
693 1599 753 1637 uon
770 1582 802 1637 in
820 1582 945 1646 occulto,
964 1579 1042 1637 sicut
1059 1578 1141 1644 alibi,
1161 1579 1323 1649 nequitiam
1336 1595 1419 1634 suem

368 1669 388 1695 “
406 1672 568 1732 exeroesnt,
587 1666 639 1722 sed
656 1682 785 1722 errorem
803 1682 891 1721 suum
902 1662 1017 1736 publius
1035 1662 1230 1728 manifestent,
1249 1661 1335 1718 etad
1352 1679 1420 1717 con·

367 1752 387 1778 “
407 1767 524 1807 sensum
543 1767 628 1805 suum
646 1748 793 1820 simplices
812 1748 961 1804 attrahunt
988 1752 1018 1802 et
1035 1745 1182 1810 infirmos;
1201 1762 1250 1801 eos
1268 1750 1298 1801 et
1321 1745 1421 1801 defeu-

367 1834 388 1860 “
407 1850 486 1889 sores
504 1849 615 1897 eorum,
628 1837 658 1888 et
668 1836 841 1903 receptores,
861 1830 1041 1886 anathemati
1059 1828 1242 1884 decernimus
1259 1828 1418 1899 subjacere,

368 1918 388 1944 ‘⁴
406 1921 437 1972 et
454 1916 509 1971 sub
520 1916 707 1972 anathemate
724 1914 922 1985 prohibemus,
934 1931 972 1969 ne
991 1912 1057 1983 quis
1073 1912 1154 1984 ipsos
1171 1912 1203 1967 in
1221 1912 1317 1977 domo,
1330 1911 1377 1968 rel
1389 1912 1420 1966 in

370 2002 388 2028 “
406 2003 487 2055 terra
516 2016 570 2055 sua
598 2003 708 2065 tenere,
738 1997 786 2052 rel
814 1997 921 2063 sorore,
950 1997 997 2052 rel
1021 1995 1251 2067 negotiationem
1281 2013 1348 2051 cum
1375 1996 1419 2050 eis

301 2078 305 2083 ’
368 2085 388 2111 “
407 2099 540 2138 exercere
564 2084 733 2154 presumat.
771 2079 805 2137 si
831 2084 929 2135 autem
947 2081 979 2134 in
1003 2080 1059 2135 hoc
1085 2084 1204 2151 peccato
1231 2077 1418 2144 decesserint,

369 2169 389 2195 ‘⁶
407 2183 462 2222 neo
480 2165 534 2221 sub
557 2163 782 2236 privilegiorum
807 2167 977 2218 nostrorum
996 2162 1220 2234 quibuscunque
1237 2160 1419 2218 indultorum

370 2251 388 2278 ‘⁴
409 2250 539 2314 obtentu,
559 2264 612 2303 nec
638 2246 769 2303 subolis
794 2263 966 2317 quacunque
991 2246 1152 2312 occasione,
1169 2250 1222 2302 aut
1239 2244 1348 2301 oblatio
1366 2262 1419 2316 pm

369 2333 451 2388 “eis
480 2331 541 2396 flat,
569 2336 621 2387 aut
649 2329 728 2385 iuter
752 2329 936 2386 Christianos
967 2328 1112 2401 accipient
1135 2329 1326 2403 sepulturam.
1373 2329 1420 2385 De

368 2419 388 2445 ‘⁴
407 2414 653 2472 Brabentionibus
681 2421 713 2470 et
741 2414 1005 2485 Arregoneusibus,
1032 2413 1180 2480 Nevariis,
1212 2413 1358 2480 Besculis,
1388 2414 1577 2509 efflue

368 2501 388 2528 “
407 2498 569 2565 Octerellis,
590 2498 641 2569 qui
657 2500 772 2553 tantam
789 2497 823 2552 in
840 2495 1022 2554 Christianos
1039 2497 1253 2555 immanitatem
1270 2503 1416 2562 exercent,
1431 2516 1590 2560 mmm

369 2584 386 2611 ‘⁸
407 2587 442 2638 ut
470 2598 524 2637 nec
552 2580 694 2646 ecclesiis,
719 2597 772 2637 nec
800 2580 986 2636 monesteriis
1012 2580 1152 2646 delerant.
1184 2598 1244 2636 non
1260 2580 1358 2637 viduis
1389 2586 1420 2636 ot

368 2667 389 2694 ‘¹
407 2662 552 2737 pupillis,²
568 2680 626 2719 uon
643 2663 742 2735 pneris
760 2668 813 2719 sut
831 2663 958 2729 senibus,
976 2680 1031 2719 nec
1054 2662 1176 2719 cuilibet
1193 2663 1274 2719 retati
1297 2670 1418 2735 parcent

369 2749 389 2776 “
408 2754 459 2804 aut
482 2746 573 2813 sexui,
604 2746 655 2803 sed
672 2764 753 2802 more
771 2763 952 2818 paganorum
971 2746 1070 2803 omnis
1085 2751 1203 2803 restent
1220 2754 1251 2804 et
1274 2748 1417 2821 perdent3
1442 2810 1446 2820 Δ

369 2833 388 2860 “
407 2831 543 2887 similiter
560 2830 774 2896 constituimus,
800 2835 835 2886 ut
859 2829 918 2903 ipsi
942 2834 972 2886 et
996 2830 1047 2902 qui
1070 2847 1119 2886 eos
1144 2831 1345 2897 conduxerint,
1372 2832 1420 2888 rel

367 2914 557 2972 “tenuerint
582 2914 630 2970 rel
660 2913 797 2979 foverint,
824 2930 876 2985 per
899 2913 1044 2985 regiones,
1072 2913 1228 2985 inquibus
1254 2915 1353 2972 taliter
1369 2916 1418 2971 de·

368 2999 387 3051 ‘5
406 2998 578 3063 bachantur,
606 2998 638 3053 in
662 2996 835 3062 Dominicis,
861 3002 892 3053 et
922 2996 988 3053 aliis
1012 2997 1114 3054 diebus
1137 3000 1344 3072 solempnibus,
1368 3019 1421 3074 per

368 3083 387 3109 “
406 3081 545 3137 ecclesias
555 3079 799 3136 excommunicuti
816 3079 932 3151 publice
949 3079 1133 3148 nuntientur,
1146 3087 1177 3138 et
1187 3083 1290 3140 eadem
1301 3085 1421 3140 omnino

369 3167 389 3193 '⁸
408 3164 553 3220 sententia
563 3170 594 3219 et
609 3179 698 3234 poena
715 3180 783 3218 cum
800 3162 949 3235 predictis
966 3164 1113 3222 hereticis
1124 3165 1288 3223 habesntur
1298 3168 1420 3233 astricti,

370 3249 389 3277 ‘⁴
407 3265 462 3303 neo
478 3246 517 3303 sd
534 3245 769 3302 communionem
787 3244 969 3318 recipiantur
985 3247 1195 3315 scolasteris
1213 3250 1350 3307 societate
1368 3251 1422 3307 illa

369 3332 389 3358 ‘¹
408 3330 547 3403 pestifere
564 3333 595 3384 et
619 3328 724 3385 heresi
749 3328 900 3401 abjuratis.
936 3329 1094 3386 Relsxatos
1119 3338 1218 3388 autem
1236 3350 1268 3389 se
1285 3333 1421 3390 noverint

369 3414 387 3523 Γ
406 3428 429 3550 ἒ
435 3410 534 3506 debito
551 3409 707 3548 fimum
720 3410 920 3549 ettzalaeminii,
934 3428 968 3468 eo
986 3413 1079 3550 totissrs
1097 3415 1228 3486 obsequii
1240 3416 1417 3554 IllOllr'ristlioni,

381 3497 388 3522 ‘
428 3510 499 3549 onec
517 3511 549 3548 m
667 3511 762 3564 lmqm
840 3496 1133 3568 permanserin,qui
1154 3498 1248 3553 cum‘
1277 3498 1284 3511 ‘
1320 3500 1361 3555 ei
1381 3516 1420 3554 uo

369 3579 389 3607 '⁸
408 3582 495 3650 pecto
512 3581 649 3633 tenentur
666 3577 780 3633 annexi.
815 3576 1003 3649 Principibus
1021 3583 1121 3634 autem
1138 3580 1310 3653 cunctisque
1327 3516 1421 3637 fiddli·

369 3663 389 3690 “
409 3661 464 3716 bus
498 3659 532 3714 in
567 3658 771 3715 remissionem
804 3659 990 3733 injungimus
1025 3666 1223 3732 peccatorum,
1260 3668 1294 3718 ut
1328 3665 1420 3720 tantis

368 3745 388 3772 “
402 3741 539 3799 'cledibus
564 3741 693 3797 viriliter
717 3757 749 3796 se
766 3742 924 3813 obponent,
943 3738 992 3798 et⁸
1009 3745 1111 3798 contra
1135 3760 1185 3799 sos
1210 3744 1300 3800 armis
1318 3751 1419 3800 tuson-

196 3824 293 3875 Bened.
369 3828 389 3854 '⁴
408 3831 458 3881 tur
475 3825 616 3897 populum
633 3824 843 3881 Christianum.
874 3825 1074 3882 confiscentur
1090 3844 1204 3900 quoque
1221 3828 1297 3884 bona
1308 3846 1418 3895 eorum,

194 3890 285 3942 2²⁹⁹·
370 3912 389 3940 ⁸⁶
408 3916 440 3967 os
464 3911 593 3966 liberum
617 3909 658 3964 sir
682 3909 868 3982 principibus
895 3909 1062 3981 hujusmodi
1085 3912 1256 3983 pestilentes
1285 3913 1419 3970 homines

369 3994 542 4051 “subicere
571 3993 718 4049 servituti.
755 3993 812 4063 Qui
836 3998 934 4049 sutem
959 3992 991 4048 in
1015 4010 1086 4050 vera
1111 3996 1287 4067 poenitentia
1311 3996 1353 4053 ibi
1371 3996 1420 4052 de·

368 4079 388 4106 ‘⁸
407 4077 558 4143 cesserint,
577 4081 609 4132 et
626 4080 812 4149 peccatorum
830 4076 1057 4147 indulgentiam,
1076 4084 1107 4134 et
1124 4079 1252 4135 fructum
1274 4080 1420 4137 mercedis

367 4164 387 4191 ⁴⁸
407 4167 525 4217 soterum
543 4177 575 4217 se
592 4177 652 4215 uon
677 4159 816 4216 dubitent
831 4159 991 4216 babituros.
1028 4160 1091 4217 Nos
1115 4178 1185 4218 vero
1203 4163 1241 4220 de
1258 4163 1314 4220 Dei
1332 4164 1421 4220 mise·

368 4246 388 4273 “
406 4244 544 4310 ricerdis,
563 4248 596 4299 et
611 4243 763 4299 beatorum
774 4243 985 4315 Apostolorum
1001 4242 1086 4300 Petri
1097 4250 1128 4301 et
1144 4244 1230 4301 Psnli
1247 4246 1420 4304 auctoritate

367 4329 386 4356 ‘⁴
404 4326 516 4392 confisi,
543 4325 679 4382 fidelibus
704 4324 890 4392 Ohrbtisuis,
919 4326 971 4398 qui
997 4333 1099 4385 oontm
1122 4344 1172 4385 eos
1189 4345 1271 4385 ormo
1286 4346 1420 4403 mesepo-

367 4412 387 4438 “
406 4409 478 4476 rint,
497 4416 528 4465 et
545 4407 582 4465 sd
599 4408 811 4480 episcoporum,
830 4409 892 4465 sive
909 4409 1034 4467 aliorum
1059 4411 1248 4482 prelatorum
1265 4412 1420 4469 consilium

368 4494 387 4520 “
406 4492 462 4548 od⁴
485 4509 535 4548 eos
562 4491 778 4548 decertaverint
803 4493 1025 4565 expugnandos,
1049 4494 1202 4550 biennium
1226 4495 1262 4551 de
1287 4495 1421 4569 injuncta

400 4725 565 4794 ¹A1t29oeio]
581 4724 734 4790 Abbegesio,
746 4726 780 4775 A.
791 4725 823 4775 B.
837 4724 866 4778 O.
952 4723 1011 4793 3ιιι]
1026 4744 1077 4777 om.
1091 4728 1122 4780 C.

399 4804 541 4870 ²pupi11is]
555 4802 656 4868 puellis,
669 4803 699 4854 C.
950 4804 960 4835 ⁴
972 4804 1020 4870 cd]
1035 4820 1084 4855 cm.
1097 4808 1130 4856 A.
1143 4807 1173 4856 B.
