3588 5740
433 870 499 944 570
631 887 795 939 onavssn
816 885 979 939 nossem
1000 884 1277 941 oaurnsarnrsrs

279 1092 402 1144 annua
433 1078 452 1105 “
470 1076 627 1149 aliqnando
644 1075 797 1142 collidunt,
816 1080 951 1132 materna
967 1075 1113 1148 gravitate
1131 1080 1220 1149 atque
1231 1074 1389 1148 prudentia
1399 1074 1485 1131 litem

261 1163 419 1226 muneras
432 1163 452 1189 “
470 1161 563 1217 hano¹
586 1161 724 1217 dirimere
747 1158 851 1226 novit,²
868 1160 947 1215 etin
965 1159 998 1215 id
1017 1160 1113 1233 ipsum
1135 1159 1274 1216 rcduoere
1298 1159 1483 1226 dissidentes,

261 1216 389 1311 ,mm
431 1246 452 1273 ‘⁴
469 1263 507 1301 ne
525 1252 555 1302 et
571 1245 630 1316 ipsi
654 1244 816 1300 abinvicem
839 1248 1059 1310 consumantur,
1082 1248 1113 1300 et
1135 1245 1200 1316 ipsa
1222 1252 1347 1317 utroquo
1364 1240 1631 1339 orbeturgmml.

260 1317 401 1412 gffffltlm
431 1331 451 1358 “
470 1329 531 1386 filio
548 1347 606 1385 nne
623 1329 680 1384 die.
715 1328 795 1384 Hinc
812 1334 859 1384 est
876 1327 954 1401 quod
971 1345 1024 1401 pro
1041 1328 1121 1384 beati
1138 1329 1258 1385 Thomae
1281 1328 1421 1401 martyria
1438 1345 1485 1384 ω.

261 1418 341 1461 ⁸¹¹<¹¹¹¹
360 1400 367 1420 '
430 1416 449 1443 ‘⁴
470 1415 568 1481 closis,
587 1414 638 1487 qui
656 1432 691 1470 ao
708 1415 736 1470 si
751 1431 852 1470 recens
875 1431 1006 1486 purpura
1022 1418 1117 1470 totsm
1134 1414 1223 1471 vestit
1241 1420 1272 1471 et
1289 1419 1375 1470 ornat
1392 1412 1485 1469 eccls-

260 1470 371 1564 iiffli‘ass‘
430 1501 450 1528 “
467 1499 542 1555 siam
559 1498 625 1564 Dei,
637 1502 748 1570 quanta
763 1514 916 1569 possumus
938 1497 1104 1570 gemituum
1122 1515 1157 1554 eo
1173 1515 1294 1570 precum
1317 1497 1484 1569 profusione

260 1571 354 1616 ⁰¹¹¹¹¹⁰¹L
430 1584 451 1610 “
469 1590 591 1656 paterna
613 1582 727 1637 viscera
756 1582 916 1653 pulsamus,
940 1588 976 1637 ut
1004 1582 1216 1638 convertamini
1244 1583 1430 1655 aliquatenus
1452 1587 1484 1637 et
1607 1634 1648 1645 ,,,,

431 1666 642 1723 “clementius
666 1664 779 1738 aliquid
796 1664 934 1736 cogitetis
952 1682 1040 1737 super
1057 1682 1131 1722 eam.
1170 1666 1288 1723 Securis
1312 1667 1393 1722 enim
1415 1683 1482 1739 apo·
1494 1632 1636 1731 {amm

429 1752 449 1778 “
469 1751 572 1805 stolica
585 1750 649 1823 jum
667 1748 704 1803 ad
721 1747 850 1804 redicem
873 1747 1062 1819 plantationis
1084 1748 1171 1820 hujus
1187 1749 1319 1816 novellae,
1338 1749 1417 1822 quod
1432 1766 1601 1844 3⁰'s1nks

429 1836 449 1861 ‘⁴
467 1838 580 1889 mentes
603 1832 738 1897 dicimus,
762 1829 857 1902 posita
879 1835 944 1886 est:
965 1830 1017 1886 sed
1040 1831 1066 1887 si
1089 1837 1199 1888 terram
1221 1851 1282 1888 non
1305 1839 1438 1907 occupat,
1458 1833 1573 1892 sirint.

429 1920 450 1947 “
468 1920 597 1973 fructum
608 1917 688 1982 facit,
702 1916 728 1973 si
746 1915 873 1987 deniqne
883 1915 1016 1972 fructum
1033 1916 1203 1989 plurimum,
1217 1918 1343 1974 securim
1354 1924 1484 1974 vestram

430 2005 449 2030 ‘⁴
469 2003 517 2059 vel
534 2002 573 2059 ad
588 2001 737 2057 modicum
755 2000 894 2072 suspendi
911 1999 1065 2077 humiliter
1087 2001 1294 2075 supplicamus.
1331 2001 1407 2058 Sane
1424 2018 1485 2057 non

430 2089 449 2114 “
469 2086 531 2142 sine
548 2090 624 2140 nutu
646 2084 755 2143 divinas
773 2082 997 2156 dispensationis
1021 2083 1125 2140 beatus
1149 2090 1263 2158 martyr
1280 2085 1313 2140 in
1329 2084 1393 2141 loco
1410 2086 1486 2141 nati·

430 2172 450 2198 '⁴
468 2169 570 2225 vitatis
587 2186 647 2224 sues
670 2167 843 2223 memoriam
867 2166 925 2223 sibi
948 2165 1071 2238 elegisse
1088 2166 1215 2234 videtur,
1233 2169 1397 2240 prasertim
1416 2186 1484 2225 cum

429 2256 448 2282 “
468 2253 640 2309 diffinitione
657 2268 763 2324 regum
786 2268 821 2307 ac
843 2249 1018 2323 principum,
1044 2268 1112 2306 cum
1136 2250 1259 2307 oonsilio
1282 2252 1485 2324 episcoporum

429 2339 448 2365 ‘⁸
468 2353 503 2391 ac
520 2335 612 2391 totins
630 2334 713 2399 cleri,
725 2350 793 2389 cum
810 2332 936 2406 deniqne
952 2332 1133 2390 exultatione
1150 2334 1294 2390 universae
1312 2340 1401 2390 terras
1419 2335 1484 2391 lun·

429 2423 449 2449 “
468 2418 556 2484 datu,³
574 2419 703 2491 ipsorum
720 2406 810 2473 etiam
827 2417 1035 2472 monachorum
1054 2416 1318 2483 Cantauriensinm,
1338 2436 1485 2489 quascum-

427 2507 447 2534 “
466 2523 524 2577 qne
540 2504 597 2577 ipsi
614 2507 718 2560 vestra
735 2501 880 2575 majestati
897 2501 1104 2574 suggesserint,
1123 2500 1271 2557 solennem
1288 2502 1321 2557 in
1338 2501 1487 2560 audientia

427 2590 448 2618 “
466 2589 584 2662 publica
600 2587 727 2660 gratim
744 2592 775 2642 et
791 2603 938 2642 assensum
956 2583 1103 2641 meruerit.
1139 2585 1279 2658 Denique,
1293 2587 1319 2642 si
1335 2587 1486 2644 monachis

427 2676 447 2702 ⁴‘
466 2673 527 2729 illis
544 2678 646 2728 contra
666 2671 820 2743 praelatum
838 2687 933 2734 suum,
952 2669 1041 2725 talam
1067 2674 1240 2742 tantumque
1264 2670 1429 2742 praelutum,
1448 2671 1485 2727 ad

427 2760 447 2786 “
465 2756 628 2828 tempium
646 2772 719 2826 opus
744 2751 959 2809 demoliendum
976 2770 1022 2808 res
1048 2752 1087 2809 ad
1103 2758 1172 2809 vote
1196 2754 1323 2821 cesserit,
1341 2754 1486 2826 numquid

426 2845 446 2871 “
465 2860 526 2897 non
550 2841 686 2911 deinceps
709 2844 772 2894 tam
798 2835 953 2909 perniciosi
978 2836 1059 2892 virus
1084 2838 1210 2909 exempli
1234 2855 1351 2893 omnem
1375 2844 1485 2894 ooetum

427 2929 446 2953 “
465 2926 669 2997 religiosorum
687 2922 806 2988 inficiet,
825 2926 855 2977 et
881 2938 990 2976 cornua
1007 2921 1169 2977 increscent
1195 2921 1330 2978 omnibns
1355 2922 1485 2978 inobedi-

426 3012 445 3037 “
465 3010 552 3066 entim
570 3008 647 3073 filiis,
666 3013 701 3063 ut
718 3006 777 3061 levi
803 3006 953 3061 occasione
969 3005 1124 3076 insurgant
1147 3010 1178 3062 et
1194 3005 1361 3078 impingant
1384 3006 1417 3062 in
1434 3025 1485 3079 pa·

426 3097 561 3150 “rentes
578 3091 667 3148 suos?
704 3089 807 3146 Omnis
828 3090 891 3161 jam
909 3089 1013 3144 domus
1038 3094 1126 3161 rupto
1152 3091 1232 3162 pacis
1257 3096 1289 3146 et
1312 3089 1484 3147 obedientia

256 3181 367 3235 moyen.
427 3182 447 3209 “
465 3178 583 3237 vinculo
601 3174 788 3249 desolabitur,
807 3179 838 3228 et
854 3172 906 3227 ubi
932 3173 1009 3228 tanti
1028 3173 1186 3229 auctoritas
1203 3174 1276 3229 mali
1292 3175 1483 3241 convaluerit,

255 3245 414 3329 effigias
426 3267 446 3293 “
465 3261 662 3339 unusquisqne
687 3256 803 3314 vorabit
819 3273 936 3312 carnem
961 3256 1073 3312 brachii
1090 3257 1144 3313 sui.
1190 3257 1342 3331 Quidque*
1359 3258 1398 3315 ad
1427 3259 1485 3317 loci
1496 3268 1616 3314 lumea

256 3334 412 3379 mundi*
426 3351 445 3377 “
464 3347 552 3419 hujus
568 3341 783 3402 venerationem
807 3358 874 3396 cum
900 3340 979 3396 beati
1004 3342 1143 3414 martyris
1160 3342 1268 3397 illustri
1292 3343 1388 3414 gloria
1411 3362 1484 3417 prae-

424 3435 444 3461 “
464 3433 543 3488 clara
560 3430 606 3485 sni
623 3426 729 3484 merita
745 3424 908 3481 fundatoris
925 3425 1075 3491 accedunt,
1095 3426 1146 3497 qui
1163 3426 1200 3481 de
1215 3432 1316 3483 nostro
1339 3445 1430 3499 grege
1447 3429 1485 3485 ad

425 3521 445 3545 ‘⁴
463 3516 541 3572 tanti
558 3513 646 3570 officii
662 3511 779 3567 culmen
796 3514 961 3582 assumptus
978 3510 1080 3581 magni
1090 3509 1171 3566 illius
1187 3529 1354 3567 mensuram
1365 3512 1482 3584 gradus,

425 3603 445 3629 “
463 3606 499 3657 ut
515 3597 642 3654 mundus
659 3594 742 3650 testis
759 3598 812 3659 est,
832 3594 958 3664 gloriose
975 3593 1157 3666 adimplevit,
1176 3600 1206 3651 et
1223 3597 1256 3651 in
1272 3597 1364 3668 priori
1390 3597 1483 3653 nichi-

425 3688 444 3714 “
464 3683 591 3739 lominus
611 3679 787 3744 humilitate,
807 3677 840 3732 in
864 3678 958 3734 multe
981 3678 1112 3734 omnium
1137 3679 1329 3736 admiratione
1352 3700 1483 3754 perseve-

425 3772 444 3798 “
463 3768 559 3824 ravit?
577 3770 608 3820 et
625 3764 672 3819 vir
689 3760 807 3835 quidem
818 3761 869 3816 ille
885 3768 916 3817 et
932 3762 975 3817 itu
986 3762 1159 3818 venerabilis
1176 3770 1207 3820 et
1223 3764 1357 3820 doctrina
1373 3765 1483 3822 incom-

424 3854 443 3881 “
463 3849 602 3925 parabilis
619 3853 650 3903 et
660 3845 753 3917 signis
770 3844 902 3910 illustris,
914 3845 1050 3901 omnibns
1061 3846 1139 3901 inter
1155 3864 1186 3902 se
1203 3853 1234 3902 et
1250 3850 1405 3905 monachos
1416 3868 1484 3905 suos

426 3940 445 3966 “
465 3934 551 3994 illos‘
570 3930 727 3989 solenniter
744 3928 910 4000 consopitis,
928 3946 1049 4001 peregre
1066 3937 1284 3987 consummatus
1301 3932 1368 3998 eet,⁶
1385 3932 1483 3989 Ohris·

425 4024 444 4050 “
463 4021 552 4078 tianae
570 4016 639 4071 fidei
655 4013 759 4087 pietati
776 4018 838 4068 tam
855 4013 985 4084 preciosa
1002 4019 1095 4069 morte
1112 4032 1200 4086 quam
1223 4015 1286 4072 vita
1301 4017 1409 4073 eximia
1424 4022 1482 4074 tes·

425 4102 620 4160 “timonium
637 4097 767 4154 reddens.
803 4096 873 4152 Non
896 4103 1012 4154 moveat
1028 4116 1192 4170 quaesumus
1218 4101 1403 4158 sanctitatem
1420 4120 1482 4159 ves·
1495 4109 1570 4172 Ovid,

425 4191 445 4217 “
463 4195 541 4244 tram
559 4186 635 4240 livor
651 4183 774 4237 istorum
791 4196 846 4235 nec
862 4185 929 4251 post
945 4178 1024 4236 sats⁷
1042 4182 1200 4253 quiescens,
1228 4185 1332 4257 quibus
1349 4186 1483 4258 ignoscat
1494 4175 1604 4228 Amasi

425 4272 444 4300 ‘⁶
463 4274 552 4335 Deus,
583 4266 660 4341 quod
689 4282 775 4337 quem
804 4263 905 4320 vivum
934 4264 1150 4322 inexorabiliter
1178 4273 1247 4323 sunt
1280 4271 1424 4341 parsecuti
1453 4278 1484 4327 et
1494 4260 1538 4297 ¹⁷·
1548 4249 1588 4296 ³⁹·

426 4359 445 4386 “
464 4361 575 4413 veteres
593 4356 659 4424 post
676 4353 800 4404 mortem
817 4347 987 4405 inimicitias
1003 4348 1036 4404 in
1060 4366 1182 4421 operum
1199 4350 1261 4423 ejus
1277 4352 1408 4425 reliquiis
1434 4355 1484 4411 da·

461 4590 559 4657 masc]
573 4589 658 4649 habet,
670 4585 701 4638 0.
1009 4586 1102 4656 ‘2⁸11ch
1116 4587 1218 4653 illiso.

458 4672 470 4705 ³
481 4669 563 4736 uouit]
578 4682 681 4729 novam,
692 4665 723 4719 C·
1010 4666 1021 4699 ⁶
1032 4667 1082 4735 cst]
1097 4675 1132 4731 et,
1142 4668 1174 4720 B.

454 4750 600 4818 ⁸servideus]
614 4748 754 4814 anisam,
766 4746 799 4800 B.
1011 4746 1103 4818 lsato]
1118 4748 1237 4813 ΜΒ.

455 4836 467 4870 ⁴
483 4833 613 4901 Quidque]
629 4831 773 4899 Quicquid,
786 4830 816 4886 C.
