3572 5744
414 925 479 988 118
612 940 776 990 ouavrsn
799 941 961 992 uoracur
983 944 1258 996 cauroruruusrs

261 1125 578 1221 ssstfflffvmemoriae
599 1130 833 1195 commendare
870 1138 962 1211 capto
986 1138 1097 1198 autern
1123 1159 1202 1212 rege,
1227 1144 1323 1200 adhuc
1348 1161 1459 1216 pugna
1472 1162 1507 1211 fl,
1520 1162 1602 1213 flunt
1636 1188 1639 1197 ,

411 1225 462 1282 bat
478 1226 554 1282 acies
570 1227 685 1298 regalis,
705 1221 852 1286 nesciens
869 1219 1009 1286 forsitan
1031 1224 1119 1308 quod
1141 1243 1201 1288 sno
1219 1224 1290 1310 jam
1312 1225 1458 1310 pflvam.
1472 1227 1514 1277 lit.
1526 1227 1577 1280 vui

411 1312 467 1370 tur
496 1311 606 1371 tutore
618 1331 626 1386 ;
652 1334 706 1371 nec
736 1316 815 1372 enim
844 1316 1030 1391 circumsepti
1059 1320 1161 1391 fugere
1192 1325 1335 1393 poterant,
1366 1292 1506 1378 donecf0·
1519 1300 1575 1346 ²²⁴·

243 1403 378 1506 fflffilgod·
411 1420 509 1460 omnes
533 1394 603 1460 fere
626 1405 703 1477 capti
725 1409 794 1460 sunt
810 1405 857 1461 vel
875 1396 979 1462 occisi.
1024 1405 1133 1464 Civitas
1158 1408 1251 1478 igitur
1275 1409 1376 1465 hostili
1393 1411 1460 1481 lege

410 1481 523 1555 direpta
540 1490 592 1550 est,
612 1490 642 1540 et
658 1501 710 1540 rex
727 1485 759 1539 in
776 1501 840 1540 eam
857 1485 1062 1541 miserabiliter
1078 1486 1262 1543 introductus
1279 1493 1331 1544 eat.

454 1566 589 1637 Videres
611 1569 724 1655 itaque
754 1589 822 1633 rem
854 1569 1118 1635 inaestimabilem
1152 1572 1325 1653 accidisse3
1348 1574 1458 1638 omnia

408 1670 496 1737 cuim
533 1672 570 1735 in
606 1672 807 1738 contrarium
844 1678 1046 1738 commutata
1083 1678 1170 1751 sunt,
1203 1695 1281 1739 nam
1318 1677 1458 1742 audaces

406 1771 517 1837 timidi
555 1772 662 1839 effecti
700 1777 787 1849 sunt,
817 1777 852 1837 et
884 1793 966 1858 quos
995 1780 1073 1839 ante
1110 1775 1324 1861 pudibundus
1358 1778 1458 1843 timor

406 1874 582 1953 invaserat,
600 1876 672 1962 jam
695 1896 790 1940 versa
811 1875 884 1940 vice
907 1875 1071 1941 leoninam
1097 1878 1269 1944 audaciam
1303 1878 1456 1965 praefere-

406 1977 496 2055 bant,
520 1983 555 2043 et
576 1979 634 2064 qui
655 1977 722 2043 huc
743 1998 846 2062 usque
868 1977 954 2064 regis
976 1984 1072 2044 erant
1093 1979 1238 2046 fautores
1255 1981 1327 2067 jam
1350 1981 1455 2067 ipsius

405 2080 616 2145 insectatores
639 2080 746 2146 effecti
769 2084 854 2144 sunt.
900 2076 1028 2166 Captus
1050 2087 1101 2146 est
1122 2083 1235 2168 itaque
1257 2107 1309 2145 rex
1335 2089 1455 2163 stepha
1469 2103 1542 2155 Ceut.
1554 2106 1623 2157 utor.

403 2198 460 2236 nua
489 2180 539 2236 die
561 2180 775 2239 Purificatiouia
799 2180 913 2236 &nctus
937 2179 1048 2248 Mar-im,
1074 2182 1227 2239 Dominica
1252 2182 1453 2254 Sexageeimae,
1468 2170 1537 2238 wig.

404 2265 699 2331 decennovennalis
739 2265 812 2331 cicli
849 2284 937 2330 anno
974 2267 1124 2346 secundo,
1154 2269 1248 2354 regui
1287 2288 1364 2332 vero
1401 2267 1453 2333 sui
1467 2252 1491 2300 p·
1504 2243 1561 2290 ⁶⁷⁶‘

402 2386 491 2435 anno
523 2372 624 2432 sexto.
671 2374 756 2447 Capti
780 2379 850 2430 sunt
879 2390 946 2428 cum
973 2388 1007 2429 cc
1032 2376 1219 2447 quamplures
1243 2390 1286 2433 ex
1310 2368 1454 2435 fidelibus

233 2466 377 2563 &stifft
402 2462 479 2538 suis,
502 2471 532 2524 et
548 2465 673 2521 vinculis
690 2463 856 2536 mancipati.
892 2453 1073 2540 sicigitur
1096 2457 1264 2523 obsidione
1279 2459 1395 2536 soluta,
1419 2465 1454 2525 et

234 2530 375 2628 edimur.
401 2553 538 2619 civitate
561 2547 705 2624 subacta,
728 2567 788 2610 rex
814 2544 966 2630 captivus
988 2552 1082 2623 primo
1099 2554 1138 2609 ad
1156 2553 1374 2623 Glceeestriam,
1394 2549 1452 2614 ubi

231 2619 362 2719 stitit,
399 2638 595 2730 imperatrix
617 2643 697 2703 tunc
742 2634 899 2720 temporis
945 2637 1025 2708 erat,
1063 2639 1167 2697 deinde
1202 2642 1240 2696 ad
1276 2643 1451 2701 Bristoviam

398 2734 568 2807 abducitur,
587 2743 617 2793 et
643 2733 782 2791 custodiar
800 2724 862 2788 sub
884 2722 1027 2787 vinculis
1044 2729 1236 2801 mancipatur.
1282 2731 1451 2789 Merebatur

397 2830 509 2888 interea
537 2823 705 2898 imperatrix
732 2820 764 2876 in
794 2813 930 2880 civitate
954 2817 1259 2891 clamarentque
1286 2820 1322 2875 ob
1349 2820 1450 2893 hujus·

398 2918 477 2976 modi
504 2921 640 2973 eventum
657 2910 853 2978 vehementer,
872 2922 933 2967 noc
957 2899 1087 2974 mirum,
1120 2902 1171 2962 est
1182 2907 1349 2964 exhilarata.
1387 2908 1447 2963 Ha·

396 3008 458 3068 bito
493 2997 598 3084 igitur
634 3016 702 3055 cum
737 2998 798 3055 suis
827 2998 958 3062 consilio,
990 2996 1063 3051 feria
1091 2993 1194 3065 quinta
1223 2999 1289 3066 post
1317 3000 1448 3067 acceptos

396 3095 506 3151 cinerea
523 3107 544 3150 a
567 3078 768 3147 Gloeoestlia
794 3078 928 3155 secessit,
951 3081 986 3141 ct
1007 3080 1161 3155 episcopis,
1187 3082 1351 3148 baronibus,
1371 3084 1447 3138 mili-

227 3180 384 3276 ffignffw
396 3181 475 3238 tibus
485 3190 516 3239 et
532 3169 719 3237 fautoribus
737 3175 840 3232 multis
858 3174 999 3243 comitata
1017 3169 1242 3228 Oirestreusem¹
1255 3168 1328 3225 adiit
1345 3170 1447 3226 cirita·

228 3245 365 3327 erearm'
396 3280 464 3329 am.
501 3274 576 3330 rnre
605 3272 741 3330 sanans
771 3286 837 3325 oum
864 3267 901 3325 aa
932 3264 1082 3321 cineam
1107 3260 1264 3318 winetre
1292 3261 1445 3333 appropin-

305 3342 308 3351 ’
395 3363 506 3429 queret,
542 3360 731 3415 occurrerunt
760 3352 788 3408 ei
810 3350 950 3426 praesules
980 3344 1099 3416 Angue
1125 3349 1155 3399 et
1184 3344 1302 3401 abbates
1326 3344 1446 3416 plurimi

394 3463 467 3509 cum
487 3440 651 3506 baronibus
666 3443 701 3503 et
717 3438 869 3502 militibus
883 3432 1010 3511 multis;
1033 3435 1244 3495 occurrerunt
1258 3431 1289 3494 ei
1303 3427 1449 3517 quoque²

395 3557 430 3595 ex
461 3531 533 3616 ipsa
559 3538 677 3594 civitate
702 3535 760 3590 duo
786 3539 947 3589 conventus
971 3525 1191 3619 monachpmm,
1208 3526 1315 3582 tertius
1342 3525 1446 3583 saucti-

393 3628 564 3684 monialium
588 3644 655 3683 cum
679 3624 758 3681 clero
781 3628 812 3677 et
835 3611 946 3694 populo
977 3607 1132 3681 civiate
1166 3606 1203 3669 in
1245 3613 1379 3670 laudibus
1415 3620 1446 3669 et

394 3715 526 3772 melodiis
543 3710 809 3787 processionalibus.
845 3708 998 3765 traditum
1017 3700 1069 3760 est
1094 3702 1122 3758 ei
1142 3692 1325 3760 dominium
1343 3702 1445 3759 civitas

395 3805 442 3870 tis,
462 3801 497 3861 et
519 3793 621 3859 turris
643 3813 718 3858 cum
741 3814 846 3853 corona
862 3795 955 3867 regni.
1002 3785 1078 3871 Ipse
1110 3803 1239 3870 quoque
1274 3784 1444 3870 episcopus

395 3884 633 3950 Wintoniensis
655 3887 691 3947 et
712 3877 799 3964 regis
821 3876 924 3942 frater
945 3882 1037 3941 stans
1067 3873 1104 3936 in
1129 3873 1262 3951 sullimi,
1285 3872 1445 3937 maledixit

395 3974 547 4040 omnibus
579 3970 630 4054 qui
660 3979 687 4035 ei
717 3967 873 4033 videlicet
909 3961 1110 4053 imperatrici
1144 3966 1359 4027 maledicerent
1390 3962 1444 4026 vel

394 4077 663 4151 contradicerent,
701 4076 735 4135 et
772 4068 931 4132 benedixit
968 4064 1120 4132 omnibus
1157 4071 1208 4143 qui
1238 4071 1266 4126 ei
1294 4071 1444 4127 medice·

394 4185 469 4245 rent
511 4184 546 4244 et
582 4172 812 4244 consentirent
871 4168 944 4250 Qua
981 4170 1114 4255 peracta
1151 4164 1391 4251 solempnitate,
1426 4191 1445 4228 a

273 4307 324 4347 goes
394 4281 543 4337 Wintonia
568 4294 691 4351 egressa,
717 4270 889 4331 Wiltcniam
913 4269 998 4337 adiit,
1027 4268 1077 4324 ubi
1105 4266 1143 4323 ad
1169 4265 1353 4323 salutandum
1379 4281 1444 4321 earn

326 4428 331 4438 ,
394 4372 479 4429 affuit
505 4369 708 4428 Theodbaldua
739 4363 954 4420 Oantuariensis
984 4352 1236 4438 archiepiscopus
1259 4353 1294 4413 et
1312 4348 1444 4434 Angliae

394 4454 524 4540 primun.
562 4456 685 4514 Affluxit
713 4445 812 4510 etiam
839 4457 901 4508 tam
928 4453 1042 4526 copiosa
1066 4450 1240 4527 populorum
1269 4445 1441 4517 frequentia,

394 4547 429 4597 ut
446 4558 507 4613 praa
524 4535 712 4595 multitudine
730 4531 940 4588 introeuntium
951 4532 1001 4588 vix
1013 4532 1153 4589 sufficeret
1170 4527 1266 4583 aditus
1283 4530 1440 4596 portarum.

396 4624 478 4691 Inde,
489 4625 551 4695 jam
569 4621 692 4694 peractis
710 4617 791 4675 lesus
809 4616 1007 4685 Paschalibua,
1020 4617 1058 4674 ad
1069 4615 1237 4684 Radiugum
1253 4609 1330 4664 inira
1347 4607 1442 4679 Roga·

395 4718 488 4773 tiones
505 4716 634 4780 veniens,
652 4730 719 4769 cum
742 4701 872 4788 magnis
904 4709 1061 4765 honoribus
1085 4701 1223 4779 susceptu
1254 4698 1312 4758 est
1359 4692 1442 4757 Inde

425 4910 434 4944 ¹
450 4902 638 4970 Circsvcaeem]
655 4892 916 4961 Cnmtauacm,A.li.
932 4898 937 4965 Ι
983 4894 1111 4962 loroque]
1125 4911 1173 4947 om.
1186 4895 1217 4947 C.
