3628 5728
737 870 849 923 orsus
871 870 1060 921 mammes.
1361 850 1428 922 47⁷

376 1036 557 1146 piivilegia.
603 1059 693 1124 Dum
719 1059 832 1143 itaque
863 1058 1069 1143 aliquamdiu
1103 1058 1190 1123 inter
1219 1058 1351 1124 clericos
1375 1077 1427 1123 ar·
1456 1054 1579 1162 ῗξγᾞ·

376 1161 573 1248 chiapiacopi
605 1167 640 1227 et
669 1160 727 1225 in¹
760 1161 830 1247 ejus
846 1160 1024 1246 praesentia
1050 1160 1091 1224 de
1121 1160 1271 1225 articulis
1302 1160 1426 1247 regulae
1439 1168 1552 1262 apparas

376 1254 493 1329 fuisset
507 1264 721 1350 disputatum,
737 1267 926 1349 suggestum
950 1268 1001 1326 est
1022 1262 1092 1348 regi
1113 1283 1135 1326 a
1156 1262 1352 1347 quibusdam
1369 1262 1427 1347 qui
1439 1231 1547 1315 lheffi

1439 1321 1595 1375 monksbeing
1729 1343 1733 1353 ·

303 1363 305 1369 ’
376 1370 487 1450 partes
521 1364 682 1430 fovebant
719 1363 965 1450 archiepiscopi,
1000 1369 1040 1427 ut
1081 1363 1148 1428 alia
1177 1364 1331 1429 incedens
1370 1364 1427 1427 via
1439 1371 1560 1465 mpla

377 1472 577 1552 praecaveret
603 1465 856 1552 archiepiscopo,
886 1469 1018 1530 caverat
1054 1471 1090 1528 et
1125 1464 1303 1543 monachis,
1329 1487 1372 1530 ne
1398 1466 1427 1530 si
1438 1471 1572 1574 liffssfflssf

372 1568 499 1653 judicio
540 1573 636 1635 tanta
680 1567 840 1634 dissensio
877 1567 1056 1633 terminata
1093 1565 1217 1644 fuisset,
1255 1588 1323 1632 non
1360 1589 1427 1653 pax
1439 1572 1485 1662 apd
1494 1572 1534 1665 &¹¹¹3
1542 1584 1594 1617 1¹0w

376 1671 530 1765 perennis
558 1670 617 1737 sed
646 1675 807 1757 perpetua
836 1670 1003 1754 utrimque
1030 1669 1124 1735 fieret
1145 1670 1295 1735 irritatio.
1342 1669 1427 1756 Sug·
1439 1633 1583 1768 ffiffigplr

375 1773 479 1859 gessit
500 1774 612 1858 itaque
635 1795 694 1839 rex
716 1771 884 1839 monachis
900 1777 948 1845 ,ut
969 1772 1095 1858 capella
1117 1778 1152 1855 et
1171 1772 1279 1858 priore
1293 1773 1427 1859 penitus
1439 1773 1522 1877 {mn
1577 1798 1586 1808 ·

377 1875 543 1961 depositis,
565 1876 607 1943 de
630 1874 782 1943 omnibus
808 1875 883 1941 aliia
921 1875 1074 1960 dmpnis
1097 1874 1200 1941 illatis
1225 1880 1260 1941 et
1282 1875 1426 1961 angariis
1523 1855 1529 1869 ’

375 1978 611 2065 archiepiscopi
649 2001 683 2047 se
721 1978 908 2045 subicerent
952 1976 1099 2055 arbitrio,
1137 1983 1173 2044 et
1210 1978 1246 2042 in
1283 1978 1427 2063 periculo

375 2082 495 2149 animae
525 2102 594 2147 suae
616 2086 652 2147 et
682 2079 957 2167 peregrinationis
987 2079 1091 2164 ipsius
1113 2080 1329 2165 implorarent
1365 2081 1426 2143 mi-

376 2184 610 2265 sericordiam
638 2183 702 2251 hoo
731 2188 803 2249 erat
831 2182 919 2268 regis
949 2182 1130 2247 consilium.
1192 2182 1429 2249 Convenerunt

375 2287 480 2373 igitur
503 2284 656 2353 monachi
681 2283 933 2371 specialissimos
948 2283 1092 2350 ecclesiae
1116 2282 1202 2349 filios
1232 2290 1267 2349 et
1296 2285 1426 2362 amicos,

376 2390 565 2476 episcopum
603 2388 729 2455 scilicet
766 2387 1031 2464 Bathonienaem,
1071 2387 1226 2453 abbatem
1260 2388 1301 2454 ds
1337 2388 1425 2453 Wal-

375 2491 478 2571 tham,
504 2492 679 2578 magistros
702 2487 916 2576 Hospitalis²
953 2494 988 2554 et
1017 2486 1184 2575 Templi,³
1214 2491 1255 2555 ds
1285 2512 1426 2575 quorum

374 2593 440 2659 fide
470 2600 506 2659 et
528 2592 782 2680 diligentissima
802 2591 977 2657 devotione
1000 2612 1068 2656 non
1089 2596 1161 2658 erat
1183 2592 1423 2666 dubitandum3

375 2695 579 2762 concitantes
603 2694 684 2780 quid
709 2694 757 2760 eis
781 2693 821 2759 de
848 2692 985 2758 consilio
1006 2693 1093 2779 regis
1116 2699 1203 2759 esset
1227 2693 1423 2760 iaciendum.

374 2796 550 2863 Timebant
579 2796 676 2873 enim,
706 2800 747 2860 ut
782 2794 980 2871 asserebant,
1008 2815 1053 2859 ne
1086 2794 1172 2880 regis
1201 2794 1585 2890 benivolentiaffpphgrgpp

373 2903 558 2965 verteretur
580 2899 617 2962 in
639 2897 838 2965 contrarium
860 2896 888 2961 si
912 2901 1200 2981 contempneretur
1221 2897 1325 2982 ipsius
1351 2919 1426 2963 con·
1439 2900 1557 2989 {ggguggr

373 3000 506 3080 silium3
526 3000 682 3066 timidum
696 3002 808 3065 autem
824 3003 896 3064 erat
910 3019 944 3063 se
967 3003 1002 3063 et
1016 3018 1077 3063 sua
1091 2996 1326 3084 archiepiscopi
1349 3000 1425 3065 sub·
1438 2998 1568 3101 ffffim

373 3103 507 3169 mittere
536 3101 711 3178 voluntati,
738 3100 796 3193 qui
827 3120 954 3186 semper
987 3100 1034 3166 eis
1061 3100 1144 3165 dura
1172 3105 1207 3166 et
1233 3121 1349 3187 aspera
1375 3102 1425 3166 in-

372 3205 506 3272 ferebat.
552 3204 651 3270 Unde
679 3212 764 3290 “per
787 3202 923 3281 Deum,’'
946 3203 1113 3288 inquiunt,
1139 3209 1201 3268 “et
1222 3209 1353 3271 sanctos
1375 3227 1425 3279 ec·

372 3317 390 3344 “
406 3308 512 3375 alasiae
538 3305 873 3392 hujus-conjuramus
911 3324 978 3382 vos,
1006 3305 1107 3369 utin
1135 3306 1281 3391 periculo
1305 3307 1426 3372 animae

373 3416 524 3476 “vestrae
555 3408 734 3475 secundum
758 3407 871 3473 datam
892 3406 987 3472 vobis
1013 3428 1034 3472 a
1064 3406 1135 3471 Deo
1165 3408 1361 3493 sapientiam
1393 3415 1427 3475 et

248 3580 251 3585 4
373 3521 390 3547 “
406 3512 617 3578 devotionem
647 3510 733 3576 detis
774 3509 949 3574 consilium
980 3508 1060 3593 quid
1099 3529 1195 3595 agere
1223 3509 1425 3576 debeamus.”

373 3613 496 3679 Omnes
526 3613 629 3697 igitur
666 3610 761 3696 quasi
792 3631 859 3676 uno
895 3631 951 3675 ore
981 3609 1137 3675 dicebant
1172 3631 1247 3675 cum
1284 3612 1425 3677 terribili

371 3714 613 3801 imprecatione,
640 3710 911 3779 consentiendum
946 3732 1015 3776 ease
1041 3711 1152 3797 ,regiae
1182 3711 1357 3790 voluntati,
1391 3721 1426 3779 et

371 3817 433 3883 hoc
459 3837 528 3881 esse
554 3814 781 3901 potissimum
816 3812 965 3897 alioquin
1000 3812 1185 3878 decaetero
1215 3818 1284 3878 tarn
1314 3836 1424 3902 regem

371 3943 470 4009 quam
494 3942 633 4008 regnum
659 3940 719 4005 pro
744 3939 804 3983 suo
828 3922 1020 4004 contemptu
1050 3918 1241 3984 manifestos
1264 3919 1425 3986 haberent

369 4024 581 4090 adversarios.
606 4021 672 4087 Sed
688 4029 705 4055 “
716 4019 962 4096 convocentur,’'
974 4019 1077 4095 aiunt,
1095 4024 1154 4085 “et
1168 4020 1226 4084 alii
1238 4021 1381 4109 episcopi
1391 4030 1426 4088 et

369 4136 387 4163 “
401 4126 547 4204 abbates,
562 4130 602 4190 ut
623 4124 705 4209 quid
718 4144 817 4209 super
831 4122 893 4188 hoc
908 4121 1014 4187 dicere
1037 4121 1203 4203 voluerint
1225 4124 1425 4191 audiamus.’'

371 4228 551 4296 Convoeati
575 4231 655 4292 sunt
677 4224 753 4290 ilico
777 4223 1058 4309 Rothomagsnsis,
1083 4222 1323 4302 Dunelmensis,
1339 4226 1424 4292 Nor-

368 4332 527 4408 wioensis,
560 4326 818 4403 salesberiensis,
850 4325 1024 4402 Roffensis,
1055 4324 1239 4393 Castrensis
1270 4328 1424 4415 episcopi,

402 4596 463 4663 ¹521]
477 4612 527 4648 om.
539 4596 571 4645 B.
951 4586 1095 4655 'Geoffrey
1117 4588 1160 4638 fitz
1184 4588 1306 4653 Stephon,
1328 4599 1425 4644 master

401 4675 458 4729 ¹G.
469 4674 539 4740 prior
560 4672 591 4724 ol
604 4672 648 4725 the
670 4670 805 4737 Hospital;
827 4684 871 4721 aas
919 4667 949 4719 of
958 4668 1001 4719 the
1012 4667 1116 4733 Temple
1126 4666 1154 4718 in
1164 4668 1278 4720 Ioudon.

366 4756 432 4822 Epp.
445 4753 531 4817 Onna,
542 4768 568 4818 p.
580 4756 604 4803 8.
