3588 5740
427 885 491 951 546
627 898 790 951 enavasn
811 899 973 950 nossem
995 900 1269 953 clrwssmasn

275 1093 399 1140 aanor.
463 1083 482 1109 “
496 1081 570 1138 lissa
591 1090 660 1141 sunt
678 1101 744 1158 que
762 1084 898 1141 dominus
917 1084 1071 1142 Hubertus
1092 1084 1312 1143 cantuariensis
1336 1083 1481 1157 arehiepi-

257 1143 388 1252 ,ἔξω
428 1167 571 1240 “scopus
598 1169 701 1225 statuit
729 1169 767 1225 ad
794 1169 1022 1308 hoffiffl,
1042 1174 1072 1225 et
1092 1169 1312 1227 cantuariensis
1336 1168 1477 1235 eoelesiae,

256 1258 358 1311 mitt
428 1251 448 1277 “
467 1255 498 1306 et
518 1269 620 1323 paoem
639 1257 811 1326 perpetuam
1025 1253 1104 1309 inter
1122 1256 1250 1325 priorem
1262 1259 1294 1309 et
1304 1258 1480 1310 conventum

256 1307 382 1402 imi?
428 1333 448 1360 “
468 1333 688 1392 cantuarienses
706 1342 737 1392 et
755 1336 927 1392 canonicos¹
946 1335 983 1391 de
1002 1335 1153 1392 Lembes.²
1189 1336 1310 1394 Scilicet
1328 1335 1407 1409 quod
1418 1334 1479 1391 oui·

256 1407 415 1512 {Quian
428 1420 448 1446 ‘⁶
467 1436 593 1491 eumque
610 1419 746 1476 dominus
763 1421 997 1493 archiepiscopus
1014 1419 1130 1476 dederit
1147 1421 1337 1493 prebendam
1349 1421 1397 1477 vel
1415 1420 1480 1491 ‹iig-

256 1509 349 1560 mtnst
428 1504 446 1531 ‘⁸
464 1503 589 1559 nitatem
613 1504 646 1559 in
670 1504 791 1560 eeclesia
815 1503 853 1560 de
870 1504 1010 1570 Lamhee,
1025 1504 1138 1575 jurabit
1155 1524 1243 1579 super
1265 1506 1362 1576 majus
1386 1505 1480 1560 altare

256 1560 414 1672 fflmight
427 1587 447 1615 “
464 1586 682 1644 cantuariensis
699 1586 837 1651 ecelesia,
849 1587 928 1661 quod
945 1605 1000 1644 nec
1018 1606 1072 1660 per
1089 1606 1132 1656 se,
1143 1607 1199 1646 neo
1215 1608 1269 1663 per
1286 1589 1389 1655 aliam,
1408 1605 1479 1643 ren·

255 1661 383 1756 33⁰QO
427 1671 447 1697 ‘¹
465 1670 576 1728 dicabit
592 1670 649 1727 sibi
666 1671 714 1727 vel
731 1670 862 1745 ecelesiae
880 1671 916 1727 de
935 1671 1062 1728 Iremhee
1076 1672 1127 1743 jus
1143 1673 1176 1728 in
1194 1674 1336 1730 electione
1354 1671 1481 1729 Cantus·

256 1761 380 1807 merebat
425 1755 447 1782 “
464 1754 572 1810 riensis
588 1753 807 1827 archiepiscopi,
827 1771 882 1810 nec
900 1754 987 1810 alicui
1011 1755 1043 1810 in
1067 1754 1122 1812 hoe
1140 1757 1310 1823 consentiet,
1329 1761 1382 1811 eut
1399 1756 1480 1810 auxi·

426 1836 538 1892 “lium
555 1839 603 1893 vel
621 1836 777 1892 eonsilium
796 1835 955 1910 prestabit,
974 1842 1026 1892 ant
1044 1854 1111 1893 eum
1129 1838 1226 1910 aliquo
1244 1838 1336 1894 stabit
1347 1837 1379 1893 in
1390 1854 1479 1893 eausa

426 1920 445 1947 “
463 1920 497 1975 in
514 1919 717 1992 prejudicium
735 1918 955 1975 cantuariensis
972 1920 1112 1975 ecelesiae.
1149 1920 1269 1976 Jnrabit
1292 1921 1382 1977 etiam
1400 1920 1479 1992 quod

424 2004 651 2061 “translationi
675 2003 752 2060 sedis
776 2003 826 2060 rel
849 2003 928 2060 beati
953 2004 1094 2076 martyris
1118 2004 1239 2061 'Phomae
1270 2010 1323 2061 aut
1351 2005 1477 2061 aliarum

426 2087 445 2115 “
464 2087 654 2160 reliquiarum
671 2087 753 2143 illius
771 2086 901 2144 eoelesiae
925 2087 957 2142 in
974 2086 1180 2160 prejudicium
1198 2088 1262 2162 ejus
1279 2106 1340 2144 non
1358 2105 1478 2145 eonsen-

424 2173 445 2199 “
464 2171 540 2237 tiet3
559 2172 659 2237 immo,
672 2170 698 2226 si
716 2170 816 2243 alique
832 2187 957 2242 persona
974 2171 1171 2228 ecclesiastiea
1188 2172 1238 2227 vel
1255 2172 1396 2228 secularis
1413 2171 1477 2228 hae

426 2258 445 2285 “
463 2255 622 2312 transserre
640 2252 850 2324 attemptaret,³
866 2254 929 2325 ipse
952 2253 1074 2310 oonsilio
1091 2260 1123 2311 et
1139 2255 1247 2311 suxilio
1265 2256 1426 2319 resisteret,
1446 2260 1478 2311 et

425 2342 444 2368 “
463 2346 565 2397 eontra
589 2357 690 2395 omnes
714 2355 782 2394 eum
808 2338 958 2394 monachis
982 2337 1239 2395 cantuariensibus
1258 2344 1359 2396 staret¹
1396 2338 1477 2394 Illud

424 2425 578 2564 1123&
602 2419 1280 2563 fflblffilitlllmlllhimeii
1295 2440 1327 2562 t
1344 2422 1477 2570 {llll

755 2547 763 2572 ,
1146 2568 1149 2573 ,
1280 2524 1302 2560 n
1327 2524 1343 2561 e

424 2593 443 2619 ‘⁶
462 2592 570 2648 crisma
582 2524 720 2647 1slanetum
737 2589 910 2645 conficiatur
936 2588 973 2644 ab
991 2523 1208 2661 llichiepiseopo
1232 2589 1265 2644 in
1290 2523 1417 2645 ecolesill
1438 2587 1476 2643 de

423 2676 442 2703 “
462 2675 600 2741 Lamhee,
618 2674 667 2731 vel
684 2672 761 2746 quod
781 2674 872 2746 justae
899 2673 1077 2746 etantiqua
1095 2672 1259 2745 dignitates
1276 2677 1306 2728 et
1324 2672 1475 2728 libertates

422 2760 442 2787 “
462 2756 681 2814 cantuariensis
698 2756 828 2813 ecelesiae
854 2756 887 2812 in
911 2756 1009 2828 aliquo
1033 2757 1212 2812 minuantur.
1249 2755 1316 2810 Erit
1333 2760 1477 2827 praeterea

422 2842 443 2870 ‘¹
461 2842 494 2897 in
508 2841 678 2912 juramento
696 2839 774 2915 quod
798 2839 886 2912 hujus
912 2840 1100 2912 obligationis
1120 2838 1332 2896 absolutionem
1348 2855 1404 2895 neo
1422 2855 1476 2910 per

422 2926 442 2954 ‘¹
461 2943 493 2982 se
509 2943 564 2982 neo
580 2942 634 2997 per
650 2924 741 2980 alium
759 2930 879 2996 queret,
898 2930 938 2991 et,
959 2923 984 2979 si
1006 2924 1081 2980 forte
1105 2925 1229 2996 quesita
1251 2923 1343 2978 luerit
1366 2923 1404 2977 ab
1421 2921 1474 2978 ali·

422 3010 441 3037 “
462 3026 529 3081 quo,
543 3026 604 3064 non
620 3013 722 3063 utetur
738 3025 783 3074 ea,
796 3008 896 3075 immo,
916 3008 942 3063 si
959 3006 1064 3080 aliquis
1082 3025 1117 3063 ea
1128 3008 1218 3064 vellet
1229 3007 1284 3074 nti,
1298 3008 1361 3079 ipse
1379 3005 1475 3062 utenti

421 3093 441 3121 ‘⁶
461 3111 493 3149 se
512 3092 639 3149 fideliter
656 3096 792 3164 opponet.
828 3091 868 3147 Et
885 3091 1037 3149 sciendum
1056 3091 1133 3164 quod
1150 3092 1249 3147 nullus
1267 3091 1316 3147 eui
1334 3089 1474 3161 arehiepi-

421 3177 441 3204 “
461 3194 564 3249 scopus
591 3175 705 3231 dederit
729 3175 915 3246 praebendem
940 3176 988 3232 vel
1017 3175 1193 3248 dignitatem
1223 3175 1256 3230 in
1286 3175 1408 3230 eeclesia
1436 3172 1474 3228 de

422 3260 441 3287 “
461 3258 624 3314 lambethe
642 3258 752 3330 poterit
769 3257 916 3314 installari
932 3257 993 3315 nisi
1010 3257 1043 3313 in
1060 3258 1179 3331 propria
1196 3275 1331 3331 persona,
1348 3274 1403 3312 uec
1420 3256 1474 3311 ali·

315 3363 325 3379 ·
420 3345 441 3371 ‘⁴
461 3342 540 3415 quod
564 3341 738 3398 beneficium
762 3340 905 3415 percipiet
929 3342 966 3398 de
989 3342 1167 3415 praebende⁴
1184 3342 1238 3397 illa
1255 3346 1324 3396 ante
1341 3340 1472 3396 installe-

419 3425 572 3483 “tionem
597 3425 701 3483 snam!
736 3425 777 3481 Bt
802 3430 956 3498 postquam
983 3425 1151 3481 installatus
1177 3424 1289 3492 fuerit,⁶
1306 3424 1370 3480 sine
1390 3423 1472 3480 omni

420 3513 438 3539 ‘¹
459 3511 600 3568 dilatione
611 3512 669 3567 iter
679 3510 802 3583 arripiet
814 3508 1002 3566 Oantuariam
1020 3510 1058 3566 ed
1075 3510 1174 3566 omnia
1191 3509 1332 3583 predicta
1345 3509 1473 3583 juranda

420 3596 440 3623 ‘¹
460 3613 548 3667 super
564 3595 661 3668 msjus
684 3596 778 3650 altare
802 3592 1022 3650 cnutuariensis
1045 3593 1184 3649 ecelesiis.
1220 3591 1304 3663 Quod
1327 3592 1353 3649 si
1376 3593 1472 3649 fecere

420 3679 440 3706 “
459 3679 677 3751 contempserit,
696 3678 760 3733 sine
772 3677 977 3750 appellationis
995 3677 1143 3733 obstaculo
1160 3676 1317 3751 praebenda
1342 3676 1396 3731 illa
1412 3677 1471 3748 pri-

418 3764 439 3791 “
459 3768 545 3818 vetur
569 3769 599 3819 et
626 3762 713 3818 alteri
730 3761 822 3817 libere
839 3762 1014 3818 conferatur.
1052 3761 1092 3816 Et
1108 3766 1143 3816 ut
1163 3779 1220 3833 pax
1237 3765 1268 3816 et
1285 3760 1404 3816 dileetio
1421 3761 1470 3815 lir-

418 3847 440 3875 “
457 3846 534 3902 mior
550 3846 591 3903 sit
614 3845 694 3901 inter
716 3863 775 3912 eos,
796 3844 946 3917 provisum
963 3849 1018 3912 est,
1039 3842 1134 3916 quod²
1151 3843 1232 3917 prior
1251 3843 1471 3900 (lantuariensis

419 3932 438 3958 “
457 3929 565 3987 hebeat
587 3929 774 4003 praebendam
791 3945 881 3984 unam
899 3928 931 3983 in
949 3928 1071 3984 ecelesia
1088 3927 1124 3984 de
1142 3927 1270 3984 Iamhee
1287 3932 1319 3984 et
1339 3927 1470 3998 primum

416 4015 437 4042 “
457 4015 577 4070 stallum
595 4031 630 4069 ex
647 4014 740 4070 altera
756 4018 840 4085 parte
857 4011 940 4068 ebori
957 4017 988 4067 et
1005 4012 1137 4084 capituli,
1156 4017 1187 4067 et
1204 4011 1322 4067 intersit
1339 4010 1470 4066 consiliis

416 4099 437 4126 “
456 4103 488 4154 et
505 4098 624 4154 seeretis
641 4096 772 4170 capituli,
790 4101 822 4152 et
838 4100 939 4151 utatur
954 4095 1059 4151 hebitn
1076 4095 1204 4160 clericali
1221 4094 1362 4167 quamdiu
1379 4094 1471 4150 fuerit

417 4182 435 4209 “
456 4181 489 4236 in
507 4182 635 4238 lamhee
652 4180 784 4247 eeclesia,
802 4178 880 4235 sicut
903 4179 937 4235 fit
959 4178 992 4235 in
1009 4178 1076 4235 aliis
1093 4179 1222 4235 ecelesiis
1240 4179 1272 4233 in
1289 4178 1395 4251 quibus
1419 4179 1469 4234 ab·

417 4266 437 4294 “
454 4266 536 4322 batos
555 4271 624 4321 eunt
641 4263 783 4321 canonici.
820 4261 894 4320 Hae
912 4263 1012 4319 omnia
1029 4279 1161 4320 summus
1179 4262 1311 4334 pontifex
1328 4267 1359 4318 et
1376 4261 1470 4317 domi·

417 4350 437 4378 “
456 4367 513 4406 nus
530 4348 765 4421 archiepiscopus
789 4347 843 4405 sub
867 4346 1063 4404 anathematis
1079 4346 1226 4403 sententia
1243 4345 1467 4415 confirmabunt,

449 4589 613 4659 ¹oanoaieos]
629 4604 749 4653 canones,
759 4589 795 4641 A.
806 4589 839 4641 B.
996 4586 1103 4654 lma]
1117 4585 1365 4648 statuainahB.

449 4668 592 4735 Ἰαὼ]
607 4669 817 4731 Iambbethe,c.
987 4666 1110 4741 'lfiieric
1124 4665 1215 4729 fumet,
1226 4665 1255 4719 c.

447 4746 641 4816 'armparsq
655 4748 841 4815 temperate.
996 4745 1097 4814 ⁷qsod]
1111 4746 1237 4810 ΜΒ.

446 4825 557 4880 ⁴001..
575 4826 905 4896 ‚praemunite
