3568 5730
416 855 481 920 450
626 867 789 919 usnvssn
811 869 971 920 mousom
994 869 1269 919 campanianus

265 1071 386 1116 altnae.
452 1060 472 1085 ‘⁴
485 1059 650 1116 Henrieus¹
676 1059 732 1115 Dei
757 1059 854 1132 gratia
879 1077 930 1114 rex
955 1059 1072 1131 Angliae
1099 1067 1129 1116 et
1152 1060 1211 1116 dux
1228 1057 1418 1116 Normanniae
1442 1063 1475 1114 et

248 1121 403 1229 wffl'ffl
416 1144 436 1170 ‘¹
456 1142 623 1214 Aquitania
650 1149 680 1199 et
705 1160 801 1199 comes
825 1143 1007 1215 Andegavioe
1028 1145 1184 1200 conventui
1202 1143 1334 1199 eeclesia
1358 1141 1474 1198 Christi

248 1235 385 1287 kingaoste
416 1229 436 1254 ¹¹
457 1225 621 1282 Oantuariae
650 1228 783 1283 salutem.
830 1227 925 1299 Super
954 1228 1100 1298 angustiis
1130 1233 1161 1283 et
1190 1227 1334 1282 molestiis
1364 1226 1472 1297 quibus

246 1289 351 1380 ᾒῗῗᾷἶῗξ
417 1311 435 1336 “
455 1311 605 1382 hueusque
623 1329 761 1384 oppressa
781 1318 827 1368 est
850 1312 973 1368 ecclesia
991 1312 1102 1368 christi
1121 1312 1287 1369 uantum-ia
1305 1329 1394 1382 snpra
1409 1329 1472 1365 mo·

247 1389 312 1430 ²¹¹⁰¹¹¹
321 1349 382 1480 igi*
418 1397 438 1422 ⁴‘
457 1395 527 1450 dnm
552 1413 709 1467 mavemur
735 1403 764 1451 et
789 1413 948 1450 movemur.
994 1395 1108 1452 Verum
1133 1396 1210 1450 sieut
1234 1395 1280 1450 rei
1305 1395 1416 1448 veritas
1440 1411 1472 1448 se
1495 1439 1498 1444 .

246 1439 392 1540 minam
417 1481 437 1508 ‘⁴
457 1479 545 1534 habet
568 1479 643 1536 bena
667 1479 770 1545 nostis,
788 1485 818 1535 et
842 1497 895 1550 pro
920 1485 1001 1535 certo
1026 1479 1138 1535 debetis
1162 1478 1279 1544 habere,
1298 1479 1353 1533 hoc
1376 1495 1472 1549 neque

247 1549 370 1632 fflffiffi
418 1564 437 1590 ‘⁸
457 1579 504 1616 me
534 1563 649 1618 volente
679 1581 773 1635 neque
803 1562 980 1634 approbante
1010 1579 1104 1634 neque
1134 1563 1332 1618 consentiente
1360 1561 1472 1616 iactum

248 1643 336 1682 mmm·
418 1649 435 1672 ‘⁴
457 1645 555 1712 fuisse,
575 1646 626 1700 aed
644 1645 681 1702 ad
701 1647 842 1701 honorem
862 1646 917 1702 Dei
943 1653 974 1701 et
1000 1646 1132 1702 ecclesiae
1156 1651 1273 1711 vestra,
1300 1646 1400 1718 siper
1423 1661 1472 1699 me

416 1732 434 1758 “
455 1731 592 1795 stetisset,
608 1731 669 1802 jam
689 1731 740 1786 diu
758 1730 909 1802 pacificata
928 1730 1051 1785 fuisset²
1073 1730 1225 1795 dissensio,
1246 1748 1318 1802 quae¹
1336 1737 1395 1785 tam
1420 1727 1473 1784 diu

417 1813 435 1839 ‘¹
457 1813 575 1868 inimico
593 1813 733 1868 suadente
760 1814 836 1868 inter
861 1812 1011 1870 dominum
1031 1813 1284 1886 archiepiscopum
1302 1818 1333 1868 et
1349 1831 1402 1868 vos
1425 1819 1473 1867 est

417 1898 437 1923 “
456 1902 611 1967 prouecta.
648 1897 736 1952 Nunc
761 1903 859 1952 autem
887 1897 964 1952 sicut
988 1897 1110 1954 audistis
1136 1897 1288 1952 deseendit
1312 1897 1349 1951 ad
1372 1903 1471 1968 partes

416 1981 435 2008 ‘¹
455 1979 589 2036 nostras³
607 1981 754 2036 Johannes
776 1981 876 2036 Sancti
894 1981 988 2036 Marci
1007 1983 1152 2053 presbiter
1171 1981 1336 2047 cardinalis,
1357 1987 1470 2052 aposto-

416 2065 435 2090 “
456 2065 521 2118 licre
540 2063 618 2118 sedis
637 2065 763 2134 legatus,
778 2065 815 2120 ad
832 2064 1045 2136 pacificandum
1063 2071 1151 2121 tantae
1170 2064 1359 2121 dissensionis
1376 2065 1470 2120 turbi-

416 2151 436 2175 “
456 2166 531 2212 uem,
561 2148 610 2203 cui
634 2155 743 2220 quanta
767 2149 927 2220 poterimus
955 2149 1110 2220 diligentia
1133 2149 1172 2205 ad
1196 2149 1335 2204 honorem
1359 2149 1416 2204 Dei
1440 2155 1472 2203 et

416 2235 434 2259 “
456 2231 565 2286 domini
591 2231 803 2304 archiepiscopi
829 2239 858 2287 et
883 2237 1013 2286 vestrum
1039 2233 1216 2288 assistemus.
1263 2231 1322 2287 Sed
1345 2231 1415 2302 quia
1439 2233 1471 2286 in

415 2318 434 2344 ‘¹
455 2315 587 2370 absentia
603 2317 723 2370 nostra⁴
742 2321 772 2370 et
788 2314 901 2370 domini
919 2315 1128 2387 archiepiscopi
1147 2317 1178 2370 in
1195 2322 1257 2370 tam
1275 2314 1365 2370 arduo
1382 2332 1472 2386 nego-

415 2401 434 2426 “
454 2401 496 2455 tio
514 2397 612 2455 debito
630 2397 730 2454 ordine
754 2399 912 2470 procedere
930 2417 989 2454 non
1006 2407 1115 2472 posset,
1135 2399 1219 2456 vobis
1243 2399 1416 2455 mandamus
1439 2405 1471 2454 et

416 2485 434 2510 “
455 2483 642 2548 consulimus,
661 2483 799 2554 quatinus
822 2499 917 2538 causa
940 2487 1046 2538 vestrae
1069 2483 1209 2539 meritum
1228 2483 1353 2540 sollicite
1374 2483 1469 2538 vobis·

416 2569 435 2594 “
455 2585 522 2622 cum
547 2565 704 2622 revolvatis
730 2583 821 2637 nsque
847 2566 878 2620 in
904 2565 1062 2622 adventum
1080 2573 1272 2634 nostramet
1295 2566 1415 2622 interim
1438 2566 1469 2622 in

416 2655 434 2678 “
454 2668 545 2706 unum
563 2651 775 2714 convenientes,
792 2649 904 2704 animos
922 2655 1045 2717 sesnes,
1058 2651 1139 2708 salvo
1157 2651 1188 2705 in
1206 2651 1340 2706 omnibus
1354 2651 1423 2722 jure
1441 2658 1471 2706 et

414 2737 433 2764 ‘⁶
453 2735 562 2790 honora
579 2733 719 2798 ecelesia,
737 2731 775 2788 ad
802 2750 837 2788 ea
864 2749 928 2806 quse
946 2735 1027 2805 pacis
1045 2742 1113 2790 sunt
1130 2733 1286 2800 inclinetis,
1304 2741 1340 2789 ut
1365 2735 1396 2792 in
1420 2734 1471 2790 ad·

408 2821 434 2845 '⁶‘
455 2824 545 2874 ventu
569 2823 668 2874 nostro
693 2817 772 2872 viam
799 2817 836 2872 ad
862 2817 938 2873 tanti
965 2818 1078 2889 negotii
1104 2817 1281 2874 decisionem
1307 2817 1469 2874 faciliorem

415 2906 433 2930 '¹
456 2903 646 2958 inveniamus.
685 2901 771 2957 'Peste
783 2899 933 2958 Willelmo
950 2901 988 2958 de
1001 2901 1115 2958 Sancta
1127 2893 1232 2958 Mariae
1249 2901 1381 2958 Ecclesia
1392 2903 1469 2975 apud

416 2989 434 3015 “
454 2986 559 3042 Asai.’'
746 3041 750 3048 ,

244 3113 401 3208 When-,d
459 3083 554 3149 Obiit
577 3085 689 3148 autem
711 3103 771 3147 rex
794 3081 957 3148 Henrieus
983 3102 1071 3148 anno
1094 3083 1187 3168 regni
1210 3083 1263 3148 sui
1285 3095 1405 3161 xxxv0,
1428 3084 1468 3148 ii⁰

297 3177 326 3208 0ss

245 3215 340 3260 emus.
413 3205 517 3250 nonas
540 3183 633 3264 Julii,
657 3189 692 3250 et
713 3184 803 3271 apud
834 3183 994 3250 Sanctum
1017 3183 1208 3250 Ebraudum
1231 3185 1380 3272 sepultus
1410 3191 1467 3252 est

415 3289 488 3366 Quo
509 3286 633 3364 audito,
657 3309 716 3352 rex
738 3286 887 3354 Francius
917 3293 952 3352 et
981 3307 1089 3352 comes
1118 3287 1279 3354 Ricardus
1309 3309 1470 3354 convene·

413 3396 493 3455 runt
524 3389 561 3454 in
595 3410 697 3454 unum
728 3390 817 3482 apud
853 3389 1044 3468 Gisortium,
1067 3394 1102 3454 et
1135 3411 1248 3476 pacem
1271 3389 1372 3468 illam,
1395 3411 1469 3475 quae

246 3517 346 3578 asanaa
354 3519 401 3561 ana
413 3494 548 3559 vivente
571 3491 716 3558 Henrieo
749 3513 825 3578 rege
857 3492 946 3558 inter
976 3492 1106 3557 eosdem
1133 3492 1274 3558 formate
1296 3497 1331 3558 et
1352 3493 1469 3558 confir-

246 3567 384 3663 pppsphgon-
414 3600 504 3687 mata
527 3599 585 3672 est,
608 3593 903 3680 compromiserunt
936 3592 1123 3660 adinvicem
1156 3594 1349 3674 observere;
1377 3595 1469 3658 vide-

245 3673 322 3772 m
413 3696 490 3762 lieet
525 3702 563 3761 ut
594 3717 653 3760 rex
685 3695 847 3762 Francia.
867 3696 1067 3761 munitiones
1100 3695 1174 3761 illas
1204 3701 1239 3762 et
1261 3697 1372 3762 omnia
1394 3719 1468 3782 quae

413 3798 622 3884 adquisierat
647 3798 781 3884 insuper
803 3797 919 3864 addita
940 3803 1013 3864 totu
1035 3797 1191 3876 Biturica,
1207 3798 1244 3862 in
1259 3820 1319 3864 sua
1341 3804 1469 3864 teneret

320 3971 322 3974 ,
414 3902 563 3968 custodia
585 3910 620 3966 et
641 3900 747 3965 libera
768 3901 980 3987 possessione,
996 3904 1031 3965 et
1053 3905 1093 3964 ut
1115 3900 1303 3986 insequenti
1319 3900 1468 3980 Quadra·

413 4006 537 4091 gesima
558 4005 623 4070 iter
645 4003 828 4090 arriperent
857 4003 958 4069 eundi
984 4004 1021 4067 in
1044 4002 1236 4070 Jemsalem.
1282 4003 1384 4070 Facto
1406 4005 1468 4091 igi·

413 4112 469 4172 tur
490 4106 644 4192 homagio
666 4106 736 4193 regi
751 4105 900 4172 haneiae
922 4105 963 4171 de
978 4106 1131 4171 omnibus
1151 4107 1247 4172 terris
1269 4108 1337 4173 suis
1361 4113 1467 4172 trans-

413 4209 557 4286 marinis,
581 4205 728 4295 suscepit
748 4211 783 4273 et
804 4207 875 4294 ipse
896 4206 1051 4293 homagia
1072 4209 1337 4274 concurrentium
1368 4209 1410 4274 ad
1433 4231 1468 4273 se

413 4313 574 4378 baronum
611 4316 647 4376 et
683 4310 866 4390 comitum3
902 4309 1102 4397 fratremque
1147 4333 1243 4376 suum
1280 4312 1467 4378 Johannem

448 4562 608 4630 warena]
635 4562 683 4616 See
705 4562 825 4628 Epistola
848 4563 915 4614 Can·
998 4561 1133 4628 ’amend
1149 4563 1295 4624 vestreae.

414 4645 563 4704 tuarieuaea,
574 4641 625 4694 No.
636 4641 737 4704 cccxii,
749 4657 773 4706 p.
785 4645 842 4692 ast.
998 4641 1116 4708 4ιωιινα]
1131 4649 1222 4704 restra,
1235 4643 1266 4693 B.

447 4721 571 4788 'suisseq
585 4719 643 4783 fuit,
654 4721 684 4772 C.
