3666 5724
407 893 471 961 848
607 904 768 955 oaavssn
792 904 951 959 uoaicru
975 904 1247 957 clarummane

237 1092 375 1202 ,w
407 1104 594 1163 “meorum
619 1101 689 1164 tam
711 1096 804 1163 intus
826 1116 926 1182 quem
951 1101 1048 1163 extra
1077 1117 1207 1163 omnem
1237 1095 1375 1167 haberet
1403 1096 1460 1161 ad-

235 1171 395 1308 teuts.
408 1205 425 1233 “
447 1198 750 1265 minuemuonemx’
805 1197 850 1263 ss
887 1199 1049 1265 naus:
1087 1207 1105 1233 e
1120 1198 1263 1265 Videtur
1300 1198 1390 1284 quoe
1420 1197 1461 1262 αθ

237 1305 355 1403 gigigggssd
409 1309 426 1335 ⁴⁴
447 1300 659 1371 Theodbsldo
695 1300 938 1386 arehiepisoopo
983 1300 1049 1367 iata
1093 1287 1239 1367 dieatia.’'
1300 1300 1345 1365 lit
1381 1299 1461 1365 ille:

356 1391 361 1403 ¹
408 1411 426 1437 ‘⁴
449 1402 568 1481 Etiam,
590 1404 632 1469 de
658 1403 716 1472 illo
740 1402 840 1469 dieo.”
888 1403 1038 1470 Nuntius
1063 1403 1108 1470 ad
1133 1403 1212 1481 heo,
1236 1402 1389 1471 “Verum
1411 1407 1463 1467 ast

408 1513 425 1539 ⁴⁴
448 1505 591 1590 quidem,
614 1526 745 1570 omnem
775 1503 955 1590 aliquando
984 1503 1105 1571 habuit
1132 1504 1462 1580 administrationem,

408 1616 425 1643 ‘⁴
448 1607 506 1673 sed
528 1629 587 1695 per
613 1608 755 1695 priorem
775 1612 810 1672 et
831 1612 1043 1684 conventum,
1065 1628 1226 1673 somenae
1248 1608 1405 1685 emnium,
1428 1611 1464 1671 et

408 1711 686 1797 “supplicatione
708 1711 946 1777 universorum
991 1708 1065 1775 Hoo
1083 1709 1222 1776 ouilibet
1242 1710 1363 1777 liceret.
1407 1710 1464 1779 sle

409 1824 425 1851 ‘⁴
448 1814 607 1899 quislibet
627 1815 771 1881 ruatioas
792 1814 894 1880 etiam
917 1818 1046 1881 vestras
1067 1813 1207 1880 haberet
1236 1815 1462 1902 possessiones.

408 1924 426 1951 ⁴⁴
449 1915 569 1982 Soletis
600 1922 713 1982 autem
743 1916 833 2001 quod
861 1915 1061 1982 aemulando
1094 1917 1176 1994 dieo,
1199 1937 1267 1982 non
1297 1938 1340 1982 ex
1369 1938 1463 1983 men·

409 2027 426 2055 ⁴⁴
449 2019 536 2096 dato,
559 2018 656 2104 quod,
678 2018 707 2083 si
738 2018 800 2084 hoe
825 2017 979 2096 feceritis,
1002 2018 1038 2082 in
1063 2018 1236 2085 infamiam
1259 2019 1314 2085 vel
1347 2020 1463 2107 damp-

410 2130 427 2159 ‘⁴
448 2142 529 2186 num
568 2142 700 2207 prorsus
737 2120 897 2186 incidetis.
948 2120 986 2186 si
1020 2121 1110 2190 enim
1147 2143 1309 2207 expensas
1347 2122 1463 2191 domus

336 2283 353 2325 h
411 2233 428 2263 ⁴⁴
450 2229 571 2289 nostrae
593 2229 629 2289 et
655 2222 917 2309 hospitalitatem
939 2223 1114 2289 volueritis
1136 2223 1328 2303 minnere,
1350 2247 1463 2295 rumor

255 2297 307 2379 1⁸⁰0
353 2304 385 2427 ‘a
412 2335 429 2365 ⁴⁴
450 2326 705 2412 eiroumquaque
726 2324 911 2392 discurrotl
943 2324 1085 2392 infamis
1132 2325 1266 2392 Statum
1296 2347 1375 2392 vero
1405 2328 1463 2412 qui

239 2398 305 2480 ⁰⁸3·
412 2437 429 2463 ‘⁴
452 2449 541 2494 nane
572 2433 623 2494 est
655 2428 726 2494 sine
757 2428 885 2515 magnis
916 2429 1069 2513 expensis
1092 2434 1127 2493 et
1148 2433 1303 2495 mutuata
1325 2430 1465 2516 pecunia

411 2538 429 2569 ⁴⁴
451 2549 518 2601 nou
538 2529 690 2616 poteritis
712 2528 851 2595 tenere.'’
897 2526 1069 2594 (lontiouit
1090 2529 1135 2596 ad
1156 2529 1228 2597 latae
1249 2529 1463 2617 arehiepisco-

240 2668 365 2725 pm„
411 2654 482 2720 pus,
516 2638 552 2697 et
582 2632 665 2699 elias
696 2653 790 2698 auam
816 2631 958 2697 divertit
989 2630 1216 2698 intentionem.
1264 2633 1353 2699 Nam
1386 2655 1462 2700 eum

240 2730 382 2834 wlff}
412 2735 575 2801 discordia
611 2735 700 2801 inter
736 2755 829 2821 reges
865 2738 941 2799 orta
976 2754 1036 2819 per
1072 2734 1292 2805 disomrentes
1327 2736 1464 2802 nuntios

240 2796 393 2931 Qum
411 2838 538 2903 nobiles
563 2838 608 2905 ad
637 2836 700 2903 hoe
729 2836 888 2923 perducto
917 2834 1044 2912 fuisset,
1069 2840 1109 2901 ut
1138 2858 1198 2901 rex
1221 2837 1353 2924 anglise
1383 2859 1463 2924 quo·

240 2914 356 3029 &212⁹
411 2940 586 3006 dammodo
619 2944 790 3027 cogeretur
823 2937 1044 3015 transfretare,
1079 2937 1205 3023 plaouit
1238 2939 1270 3004 ei
1304 2939 1464 3006 Sanctum

410 3041 571 3108 Tlomam
594 3040 737 3119 visitare,
760 3041 872 3125 sieque
894 3061 953 3125 per
974 3040 1163 3118 Doroa-iam,
1186 3062 1252 3127 quo
1278 3042 1389 3107 brevis
1414 3047 1466 3108 est

412 3150 582 3226 transitus,
597 3147 809 3213 Witsandum
826 3146 924 3212 adire.
972 3147 1096 3211 Nuntii
1111 3147 1199 3212 enim
1215 3148 1301 3234 regis
1317 3149 1464 3216 Franeiae

413 3274 488 3320 eum
511 3251 640 3317 nuntiis
669 3250 738 3315 suia
764 3250 869 3337 ipsius
891 3248 1024 3326 ibidem,
1047 3256 1087 3315 ut
1110 3250 1289 3329 dioebatur‚
1312 3260 1464 3343 expecta-

412 3357 496 3422 bant
521 3357 711 3421 edventum.
757 3352 990 3441 Sequebantur
1019 3352 1132 3437 itaque
1163 3374 1272 3439 regem
1302 3354 1346 3421 ad
1375 3376 1465 3421 mare

412 3460 624 3525 festinantem
646 3478 707 3544 pro
729 3455 871 3542 negotiis
893 3454 962 3520 suis
987 3455 1204 3540 expediendis
1230 3456 1383 3545 episcopi,
1406 3459 1464 3523 ab·

411 3563 514 3641 bates,
537 3561 669 3648 priores,
692 3558 828 3626 remites
850 3563 886 3623 et
907 3557 1054 3635 barones,
1078 3563 1113 3622 et
1142 3558 1301 3649 strepitus
1331 3580 1464 3626 coneur-

411 3665 557 3731 rentium
589 3664 696 3730 faetus
726 3667 779 3727 est
808 3660 940 3725 mulam
987 3659 1133 3746 Spemne
1163 3664 1277 3726 autem
1303 3661 1464 3750 arehiepi-

241 3780 386 3892 fflffis
413 3789 530 3854 soopus
560 3789 595 3832 se
617 3764 854 3832 'monachorum
887 3764 929 3828 de
951 3762 1041 3828 faeili
1074 3783 1167 3848 posse
1199 3762 1316 3829 saltem
1347 3765 1465 3831 timore

241 3882 376 3976 {geum
413 3871 503 3958 regio
533 3870 734 3935 subnervare
755 3865 985 3945 tendentium,
1010 3869 1045 3929 et
1073 3871 1257 3931 eonventus
1286 3866 1465 3934 dissolvere

282 3982 348 4076 ''eil‘'
412 3973 585 4048 unitstem,
611 3971 640 4035 si
670 3991 730 4035 rex
758 3968 811 4034 vel
841 3967 947 4053 speeie
977 3971 1076 4032 tenus
1098 3966 1193 4053 quasi
1223 3990 1283 4054 pro
1304 3969 1465 4056 arehiepi-

241 3984 282 4025 va

242 4045 296 4076 Μ
411 4096 508 4161 soopo
538 4094 598 4139 suo
628 4078 739 4159 partes
766 4091 843 4135 suas
865 4075 1054 4155 apponeret,
1077 4069 1170 4135 misit
1192 4071 1328 4136 nuntios
1350 4073 1394 4137 ad
1416 4095 1465 4138 re·

411 4199 485 4263 gem
509 4197 627 4263 rogans
641 4175 805 4240 attentius
823 4177 864 4237 ut
886 4172 1082 4238 mediatores
1105 4171 1234 4258 aliquos
1249 4172 1466 4241 Oentuariem

412 4279 570 4366 dirigeret
587 4278 630 4344 ad
646 4280 855 4343 conventum.
902 4275 977 4354 Quo
993 4274 1118 4352 audito,
1134 4296 1193 4341 rex
1209 4275 1323 4342 allusit
1346 4278 1467 4344 nuntio

411 4388 447 4448 et
476 4382 583 4447 illusit
612 4380 778 4458 mandato,
807 4378 861 4443 his
892 4378 950 4463 qui
980 4378 1137 4444 astabant
1166 4379 1323 4445 seoretius
1346 4381 1467 4460 dicens,

412 4493 430 4523 ‘⁴
450 4483 603 4549 Audistis
618 4482 699 4569 quid
722 4479 822 4546 miehi
845 4479 984 4545 mandat
1005 4479 1292 4568 arehiepiseopusl
1331 4481 1464 4550 Faciam

412 4594 429 4623 ⁴⁴
451 4585 540 4673 quod
570 4584 665 4673 petit,
695 4588 731 4649 et
767 4602 857 4649 nune
893 4581 1014 4648 videbo
1051 4581 1164 4670 quales
1201 4589 1282 4649 sunt
1310 4584 1464 4652 monaehi

430 4736 445 4742 ..-
457 4736 534 4743 ...-
546 4737 743 4743 ---—.--—-.-—-
775 4736 842 4743 --ομ

790 4804 945 4872 meme]
960 4757 1074 4870 amet,
1086 4806 1116 4859 o
