<?xml version="1.0" encoding="UTF-8"?>
<!DOCTYPE html PUBLIC "-//W3C//DTD XHTML 1.0 Transitional//EN"
    "http://www.w3.org/TR/xhtml1/DTD/xhtml1-transitional.dtd">
<html xmlns="http://www.w3.org/1999/xhtml" xml:lang="en" lang="en">
 <head>
  <title>
</title>
<meta http-equiv="Content-Type" content="text/html;charset=utf-8" />
  <meta name='ocr-system' content='tesseract 3.04.00' />
  <meta name='ocr-capabilities' content='ocr_page ocr_carea ocr_par ocr_line ocrx_word'/>
</head>
<body>
  <div class='ocr_page' id='page_1' title='image "./historicalworks00offigoog_0411.png"; bbox 0 0 3666 5724; ppageno 0'>
   <div class='ocr_carea' id='block_1_1' title="bbox 694 912 1431 982">
    <p class='ocr_par' dir='ltr' id='par_1_1' title="bbox 694 912 1431 982">
     <span class='ocr_line' id='line_1_1' title="bbox 694 912 1431 982; baseline 0.004 -5"><span class='ocrx_word' id='word_1_1' title='bbox 694 940 696 945; x_wconf 51' lang='lat'><em>2</em></span> <span class='ocrx_word' id='word_1_2' title='bbox 736 925 848 978; x_wconf 78' lang='lat' dir='ltr'><strong>ornas</strong></span> <span class='ocrx_word' id='word_1_3' title='bbox 870 924 1061 978; x_wconf 73' lang='lat' dir='ltr'><strong>msromcn.</strong></span> <span class='ocrx_word' id='word_1_4' title='bbox 1365 912 1431 982; x_wconf 76' lang='lat'><strong>347</strong></span> 
     </span>
    </p>
   </div>
   <div class='ocr_carea' id='block_1_2' title="bbox 353 1115 1608 4665">
    <p class='ocr_par' dir='ltr' id='par_1_2' title="bbox 379 1115 1578 1310">
     <span class='ocr_line' id='line_1_2' title="bbox 424 1115 1578 1202; baseline -0.004 -21"><span class='ocrx_word' id='word_1_5' title='bbox 424 1115 510 1181; x_wconf 83' lang='lat' dir='ltr'><strong>Cum</strong></span> <span class='ocrx_word' id='word_1_6' title='bbox 547 1116 650 1202; x_wconf 85' lang='lat' dir='ltr'><strong>igitur</strong></span> <span class='ocrx_word' id='word_1_7' title='bbox 687 1138 746 1182; x_wconf 83' lang='lat' dir='ltr'><strong>rex</strong></span> <span class='ocrx_word' id='word_1_8' title='bbox 779 1116 919 1202; x_wconf 79' lang='lat' dir='ltr'><strong>Anglise,</strong></span> <span class='ocrx_word' id='word_1_9' title='bbox 951 1120 990 1180; x_wconf 93' lang='lat' dir='ltr'><strong>ut</strong></span> <span class='ocrx_word' id='word_1_10' title='bbox 1022 1115 1217 1201; x_wconf 80' lang='lat' dir='ltr'><strong>praedictum</strong></span> <span class='ocrx_word' id='word_1_11' title='bbox 1251 1119 1310 1192; x_wconf 91' lang='lat' dir='ltr'><strong>est,</strong></span> <span class='ocrx_word' id='word_1_12' title='bbox 1346 1115 1430 1200; x_wconf 84' lang='lat' dir='ltr'><strong>regis</strong></span> <span class='ocrx_word' id='word_1_13' title='bbox 1464 1132 1519 1176; x_wconf 77' lang='lat' dir='ltr'><strong>An.</strong></span> <span class='ocrx_word' id='word_1_14' title='bbox 1528 1134 1578 1176; x_wconf 80' lang='lat'>1187</span> 
     </span>
     <span class='ocr_line' id='line_1_3' title="bbox 379 1198 1563 1310; baseline -0.001 -31"><span class='ocrx_word' id='word_1_15' title='bbox 379 1215 527 1283; x_wconf 85' lang='lat' dir='ltr'><strong>Franciae</strong></span> <span class='ocrx_word' id='word_1_16' title='bbox 558 1217 718 1284; x_wconf 89' lang='lat' dir='ltr'><strong>rationem</strong></span> <span class='ocrx_word' id='word_1_17' title='bbox 750 1217 930 1303; x_wconf 89' lang='lat' dir='ltr'><strong>sprevisset</strong></span> <span class='ocrx_word' id='word_1_18' title='bbox 960 1221 995 1282; x_wconf 87' lang='lat' dir='ltr'><strong>et</strong></span> <span class='ocrx_word' id='word_1_19' title='bbox 1026 1236 1163 1301; x_wconf 88' lang='lat' dir='ltr'><strong>precem,</strong></span> <span class='ocrx_word' id='word_1_20' title='bbox 1191 1238 1250 1281; x_wconf 87' lang='lat' dir='ltr'><strong>rex</strong></span> <span class='ocrx_word' id='word_1_21' title='bbox 1286 1215 1431 1281; x_wconf 81' lang='lat' dir='ltr'><strong>Franciae</strong></span> <span class='ocrx_word' id='word_1_22' title='bbox 1444 1198 1563 1310; x_wconf 55' lang='lat' dir='ltr'><strong>fflten,</strong></span> 
     </span>
    </p>

    <p class='ocr_par' dir='ltr' id='par_1_3' title="bbox 353 1299 1530 1507">
     <span class='ocr_line' id='line_1_4' title="bbox 353 1299 1530 1405; baseline -0.004 -23"><span class='ocrx_word' id='word_1_23' title='bbox 353 1359 358 1373; x_wconf 83' lang='lat'><em>·</em></span> <span class='ocrx_word' id='word_1_24' title='bbox 378 1318 479 1384; x_wconf 85' lang='lat' dir='ltr'><strong>armis</strong></span> <span class='ocrx_word' id='word_1_25' title='bbox 500 1319 673 1405; x_wconf 80' lang='lat' dir='ltr'><strong>adquirere</strong></span> <span class='ocrx_word' id='word_1_26' title='bbox 696 1319 851 1405; x_wconf 89' lang='lat' dir='ltr'><strong>cupiebat</strong></span> <span class='ocrx_word' id='word_1_27' title='bbox 873 1318 962 1404; x_wconf 91' lang='lat' dir='ltr'><strong>quod</strong></span> <span class='ocrx_word' id='word_1_28' title='bbox 984 1338 1079 1405; x_wconf 80' lang='lat' dir='ltr'>prece</span> <span class='ocrx_word' id='word_1_29' title='bbox 1101 1339 1169 1382; x_wconf 91' lang='lat' dir='ltr'><strong>non</strong></span> <span class='ocrx_word' id='word_1_30' title='bbox 1190 1317 1309 1403; x_wconf 93' lang='lat' dir='ltr'><strong>potuit.</strong></span> <span class='ocrx_word' id='word_1_31' title='bbox 1356 1316 1431 1382; x_wconf 86' lang='lat' dir='ltr'><strong>Col·</strong></span> <span class='ocrx_word' id='word_1_32' title='bbox 1444 1299 1530 1344; x_wconf 54' lang='grc' dir='ltr'><strong>ΟΜ</strong></span> 
     </span>
     <span class='ocr_line' id='line_1_5' title="bbox 378 1417 1431 1507; baseline -0.003 -24"><span class='ocrx_word' id='word_1_33' title='bbox 378 1419 460 1507; x_wconf 82' lang='lat' dir='ltr'><strong>legit</strong></span> <span class='ocrx_word' id='word_1_34' title='bbox 490 1421 602 1507; x_wconf 87' lang='lat' dir='ltr'><strong>itaque</strong></span> <span class='ocrx_word' id='word_1_35' title='bbox 633 1422 815 1487; x_wconf 86' lang='lat' dir='ltr'><strong>exercitum</strong></span> <span class='ocrx_word' id='word_1_36' title='bbox 841 1421 1008 1506; x_wconf 86' lang='lat' dir='ltr'><strong>copiosum</strong></span> <span class='ocrx_word' id='word_1_37' title='bbox 1031 1424 1071 1483; x_wconf 92' lang='lat' dir='ltr'><strong>ut</strong></span> <span class='ocrx_word' id='word_1_38' title='bbox 1092 1422 1299 1504; x_wconf 69' lang='lat' dir='ltr'>expugnaret</span> <span class='ocrx_word' id='word_1_39' title='bbox 1322 1417 1431 1483; x_wconf 85' lang='lat' dir='ltr'><strong>Giscr-</strong></span> 
     </span>
    </p>

    <p class='ocr_par' dir='ltr' id='par_1_4' title="bbox 379 1518 1432 1708">
     <span class='ocr_line' id='line_1_6' title="bbox 379 1518 1432 1608; baseline -0.002 -24"><span class='ocrx_word' id='word_1_40' title='bbox 379 1521 472 1586; x_wconf 88' lang='lat' dir='ltr'><strong>tium.</strong></span> <span class='ocrx_word' id='word_1_41' title='bbox 519 1523 592 1588; x_wconf 84' lang='lat' dir='ltr'><strong>Rex</strong></span> <span class='ocrx_word' id='word_1_42' title='bbox 624 1527 736 1588; x_wconf 89' lang='lat' dir='ltr'><strong>autem</strong></span> <span class='ocrx_word' id='word_1_43' title='bbox 770 1522 911 1608; x_wconf 84' lang='lat' dir='ltr'><strong>Angliae,</strong></span> <span class='ocrx_word' id='word_1_44' title='bbox 934 1542 1009 1587; x_wconf 90' lang='lat' dir='ltr'><strong>cum</strong></span> <span class='ocrx_word' id='word_1_45' title='bbox 1043 1518 1096 1584; x_wconf 89' lang='lat' dir='ltr'><strong>his</strong></span> <span class='ocrx_word' id='word_1_46' title='bbox 1129 1519 1244 1583; x_wconf 86' lang='lat' dir='ltr'><strong>diebus</strong></span> <span class='ocrx_word' id='word_1_47' title='bbox 1278 1524 1365 1584; x_wconf 88' lang='lat' dir='ltr'><strong>esset</strong></span> <span class='ocrx_word' id='word_1_48' title='bbox 1395 1518 1432 1582; x_wconf 93' lang='lat' dir='ltr'><strong>in</strong></span> 
     </span>
     <span class='ocr_line' id='line_1_7' title="bbox 379 1619 1430 1708; baseline -0.002 -23"><span class='ocrx_word' id='word_1_49' title='bbox 379 1621 510 1708; x_wconf 82' lang='lat' dir='ltr'><strong>Anglia,</strong></span> <span class='ocrx_word' id='word_1_50' title='bbox 533 1624 625 1689; x_wconf 89' lang='lat' dir='ltr'><strong>misit</strong></span> <span class='ocrx_word' id='word_1_51' title='bbox 656 1625 686 1689; x_wconf 91' lang='lat' dir='ltr'><strong>ei</strong></span> <span class='ocrx_word' id='word_1_52' title='bbox 713 1623 845 1689; x_wconf 90' lang='lat' dir='ltr'><strong>obviam</strong></span> <span class='ocrx_word' id='word_1_53' title='bbox 868 1622 1021 1689; x_wconf 88' lang='lat' dir='ltr'><strong>comitem</strong></span> <span class='ocrx_word' id='word_1_54' title='bbox 1044 1619 1249 1685; x_wconf 85' lang='lat' dir='ltr'><strong>Willelmum</strong></span> <span class='ocrx_word' id='word_1_55' title='bbox 1271 1620 1312 1684; x_wconf 89' lang='lat' dir='ltr'><strong>de</strong></span> <span class='ocrx_word' id='word_1_56' title='bbox 1336 1620 1430 1684; x_wconf 88' lang='lat' dir='ltr'><strong>Man-</strong></span> 
     </span>
    </p>

    <p class='ocr_par' dir='ltr' id='par_1_5' title="bbox 377 1721 1605 2114">
     <span class='ocr_line' id='line_1_8' title="bbox 378 1721 1605 1828; baseline -0.006 -41"><span class='ocrx_word' id='word_1_57' title='bbox 378 1723 509 1789; x_wconf 85' lang='lat' dir='ltr'><strong>devilla</strong></span> <span class='ocrx_word' id='word_1_58' title='bbox 557 1724 674 1791; x_wconf 81' lang='lat' dir='ltr'><strong>Comes</strong></span> <span class='ocrx_word' id='word_1_59' title='bbox 698 1747 775 1791; x_wconf 90' lang='lat' dir='ltr'><strong>vero</strong></span> <span class='ocrx_word' id='word_1_60' title='bbox 798 1723 972 1813; x_wconf 83' lang='lat' dir='ltr'><strong>Flandriae,</strong></span> <span class='ocrx_word' id='word_1_61' title='bbox 999 1744 1074 1789; x_wconf 90' lang='lat' dir='ltr'><strong>cum</strong></span> <span class='ocrx_word' id='word_1_62' title='bbox 1099 1721 1169 1807; x_wconf 83' lang='lat' dir='ltr'><strong>regi</strong></span> <span class='ocrx_word' id='word_1_63' title='bbox 1194 1721 1342 1786; x_wconf 82' lang='lat' dir='ltr'><strong>Francise</strong></span> <span class='ocrx_word' id='word_1_64' title='bbox 1373 1721 1430 1785; x_wconf 89' lang='lat' dir='ltr'><strong>do·</strong></span> <span class='ocrx_word' id='word_1_65' title='bbox 1443 1733 1605 1828; x_wconf 55' lang='lat' dir='ltr'><strong>Tfflffl</strong></span> 
     </span>
     <span class='ocr_line' id='line_1_9' title="bbox 378 1787 1593 1912; baseline -0.002 -24"><span class='ocrx_word' id='word_1_66' title='bbox 378 1823 468 1889; x_wconf 94' lang='lat' dir='ltr'><strong>mino</strong></span> <span class='ocrx_word' id='word_1_67' title='bbox 491 1847 551 1890; x_wconf 92' lang='lat' dir='ltr'><strong>suo</strong></span> <span class='ocrx_word' id='word_1_68' title='bbox 573 1826 723 1891; x_wconf 89' lang='lat' dir='ltr'><strong>debitum</strong></span> <span class='ocrx_word' id='word_1_69' title='bbox 745 1825 922 1912; x_wconf 76' lang='lat' dir='ltr'><strong>sponderet</strong></span> <span class='ocrx_word' id='word_1_70' title='bbox 944 1822 1116 1898; x_wconf 87' lang='lat' dir='ltr'><strong>auxilium,</strong></span> <span class='ocrx_word' id='word_1_71' title='bbox 1141 1821 1301 1887; x_wconf 90' lang='lat' dir='ltr'><strong>nonnulla</strong></span> <span class='ocrx_word' id='word_1_72' title='bbox 1323 1827 1431 1887; x_wconf 90' lang='lat' dir='ltr'><strong>cente·</strong></span> <span class='ocrx_word' id='word_1_73' title='bbox 1444 1787 1593 1879; x_wconf 59' lang='lat' dir='ltr'><strong>iduati-⁰</strong></span> 
     </span>
     <span class='ocr_line' id='line_1_10' title="bbox 377 1923 1433 2003; baseline -0.004 -12"><span class='ocrx_word' id='word_1_74' title='bbox 377 1926 471 1991; x_wconf 88' lang='lat' dir='ltr'><strong>naria</strong></span> <span class='ocrx_word' id='word_1_75' title='bbox 493 1926 745 1993; x_wconf 83' lang='lat' dir='ltr'><strong>Flandrensium</strong></span> <span class='ocrx_word' id='word_1_76' title='bbox 776 1932 987 2003; x_wconf 89' lang='lat' dir='ltr'><strong>armatorum,</strong></span> <span class='ocrx_word' id='word_1_77' title='bbox 1011 1930 1050 1989; x_wconf 91' lang='lat' dir='ltr'><strong>ut</strong></span> <span class='ocrx_word' id='word_1_78' title='bbox 1076 1923 1250 2000; x_wconf 81' lang='lat' dir='ltr'><strong>serebatur,</strong></span> <span class='ocrx_word' id='word_1_79' title='bbox 1275 1923 1368 1988; x_wconf 91' lang='lat' dir='ltr'><strong>misit</strong></span> <span class='ocrx_word' id='word_1_80' title='bbox 1397 1923 1433 1987; x_wconf 88' lang='lat' dir='ltr'><strong>in</strong></span> 
     </span>
     <span class='ocr_line' id='line_1_11' title="bbox 377 2024 1432 2114; baseline -0.003 -23"><span class='ocrx_word' id='word_1_81' title='bbox 377 2026 542 2114; x_wconf 83' lang='lat' dir='ltr'><strong>Angliam,</strong></span> <span class='ocrx_word' id='word_1_82' title='bbox 577 2034 617 2093; x_wconf 93' lang='lat' dir='ltr'><strong>ut</strong></span> <span class='ocrx_word' id='word_1_83' title='bbox 653 2030 707 2106; x_wconf 89' lang='lat' dir='ltr'><strong>sic,</strong></span> <span class='ocrx_word' id='word_1_84' title='bbox 740 2029 834 2114; x_wconf 82' lang='lat' dir='ltr'><strong>quasi</strong></span> <span class='ocrx_word' id='word_1_85' title='bbox 872 2028 944 2114; x_wconf 89' lang='lat' dir='ltr'><strong>ipso</strong></span> <span class='ocrx_word' id='word_1_86' title='bbox 978 2026 1096 2103; x_wconf 87' lang='lat' dir='ltr'><strong>nesci0,</strong></span> <span class='ocrx_word' id='word_1_87' title='bbox 1129 2026 1172 2090; x_wconf 89' lang='lat' dir='ltr'><strong>ad</strong></span> <span class='ocrx_word' id='word_1_88' title='bbox 1211 2024 1432 2090; x_wconf 80' lang='lat' dir='ltr'><strong>defensionem</strong></span> 
     </span>
    </p>

    <p class='ocr_par' dir='ltr' id='par_1_6' title="bbox 377 2125 1434 2501">
     <span class='ocr_line' id='line_1_12' title="bbox 378 2125 1434 2216; baseline -0.003 -23"><span class='ocrx_word' id='word_1_89' title='bbox 378 2128 463 2215; x_wconf 81' lang='lat' dir='ltr'><strong>regis</strong></span> <span class='ocrx_word' id='word_1_90' title='bbox 482 2128 610 2216; x_wconf 74' lang='lat' dir='ltr'><strong>anglie</strong></span> <span class='ocrx_word' id='word_1_91' title='bbox 633 2129 669 2193; x_wconf 91' lang='lat' dir='ltr'><strong>in</strong></span> <span class='ocrx_word' id='word_1_92' title='bbox 685 2129 925 2195; x_wconf 85' lang='lat' dir='ltr'><strong>Normanniam</strong></span> <span class='ocrx_word' id='word_1_93' title='bbox 949 2126 1210 2193; x_wconf 80' lang='lat' dir='ltr'><strong>transfretarent</strong></span> <span class='ocrx_word' id='word_1_94' title='bbox 1245 2125 1324 2191; x_wconf 92' lang='lat' dir='ltr'><strong>Non</strong></span> <span class='ocrx_word' id='word_1_95' title='bbox 1347 2126 1434 2190; x_wconf 90' lang='lat' dir='ltr'><strong>enim</strong></span> 
     </span>
     <span class='ocr_line' id='line_1_13' title="bbox 378 2227 1434 2317; baseline -0.004 -22"><span class='ocrx_word' id='word_1_96' title='bbox 378 2235 533 2317; x_wconf 88' lang='lat' dir='ltr'><strong>poterant</strong></span> <span class='ocrx_word' id='word_1_97' title='bbox 559 2231 700 2298; x_wconf 90' lang='lat' dir='ltr'><strong>liberum</strong></span> <span class='ocrx_word' id='word_1_98' title='bbox 723 2231 846 2297; x_wconf 90' lang='lat' dir='ltr'><strong>babere</strong></span> <span class='ocrx_word' id='word_1_99' title='bbox 872 2230 1052 2297; x_wconf 71' lang='lat' dir='ltr'><strong>transitum</strong></span> <span class='ocrx_word' id='word_1_100' title='bbox 1074 2249 1135 2315; x_wconf 89' lang='lat' dir='ltr'><strong>per</strong></span> <span class='ocrx_word' id='word_1_101' title='bbox 1159 2234 1280 2294; x_wconf 88' lang='lat' dir='ltr'><strong>terram</strong></span> <span class='ocrx_word' id='word_1_102' title='bbox 1305 2227 1434 2293; x_wconf 84' lang='lat' dir='ltr'><strong>comitis</strong></span> 
     </span>
     <span class='ocr_line' id='line_1_14' title="bbox 377 2329 1434 2421; baseline -0.002 -24"><span class='ocrx_word' id='word_1_103' title='bbox 377 2331 520 2410; x_wconf 89' lang='lat' dir='ltr'><strong>Pontivi,</strong></span> <span class='ocrx_word' id='word_1_104' title='bbox 545 2355 583 2399; x_wconf 92' lang='lat' dir='ltr'><strong>eo</strong></span> <span class='ocrx_word' id='word_1_105' title='bbox 606 2335 694 2420; x_wconf 81' lang='lat' dir='ltr'><strong>qu&#39;od</strong></span> <span class='ocrx_word' id='word_1_106' title='bbox 716 2333 787 2421; x_wconf 89' lang='lat' dir='ltr'><strong>ipse</strong></span> <span class='ocrx_word' id='word_1_107' title='bbox 810 2355 884 2400; x_wconf 91' lang='lat' dir='ltr'><strong>cum</strong></span> <span class='ocrx_word' id='word_1_108' title='bbox 908 2332 1028 2399; x_wconf 83' lang='lat' dir='ltr'><strong>comite</strong></span> <span class='ocrx_word' id='word_1_109' title='bbox 1051 2331 1217 2397; x_wconf 83' lang='lat' dir='ltr'><strong>Flandriae</strong></span> <span class='ocrx_word' id='word_1_110' title='bbox 1243 2329 1434 2395; x_wconf 88' lang='lat' dir='ltr'><strong>inimicitias</strong></span> 
     </span>
     <span class='ocr_line' id='line_1_15' title="bbox 378 2440 919 2501; baseline -0.004 -1"><span class='ocrx_word' id='word_1_111' title='bbox 378 2440 551 2501; x_wconf 82' lang='lat' dir='ltr'><strong>exerceret.</strong></span> <span class='ocrx_word' id='word_1_112' title='bbox 914 2458 919 2467; x_wconf 94' lang='lat'>·</span> 
     </span>
    </p>

    <p class='ocr_par' dir='ltr' id='par_1_7' title="bbox 377 2517 1608 4665">
     <span class='ocr_line' id='line_1_16' title="bbox 424 2517 1551 2624; baseline 0 -21"><span class='ocrx_word' id='word_1_113' title='bbox 424 2537 509 2603; x_wconf 84' lang='lat' dir='ltr'><strong>Oum</strong></span> <span class='ocrx_word' id='word_1_114' title='bbox 531 2537 602 2603; x_wconf 82' lang='lat' dir='ltr'><strong>haec</strong></span> <span class='ocrx_word' id='word_1_115' title='bbox 627 2537 741 2624; x_wconf 90' lang='lat' dir='ltr'><strong>itaque</strong></span> <span class='ocrx_word' id='word_1_116' title='bbox 772 2542 957 2624; x_wconf 74' lang='lat' dir='ltr'><strong>agerentur,</strong></span> <span class='ocrx_word' id='word_1_117' title='bbox 981 2517 1432 2619; x_wconf 41' lang='lat' dir='ltr'><strong>Baldewinus‘archiepisoo·</strong></span> <span class='ocrx_word' id='word_1_118' title='bbox 1445 2559 1551 2621; x_wconf 58' lang='lat' dir='ltr'><strong>sedern</strong></span> 
     </span>
     <span class='ocr_line' id='line_1_17' title="bbox 378 2613 1561 2723; baseline 0.003 -22"><span class='ocrx_word' id='word_1_119' title='bbox 378 2659 441 2723; x_wconf 88' lang='lat' dir='ltr'><strong>pus</strong></span> <span class='ocrx_word' id='word_1_120' title='bbox 470 2638 643 2723; x_wconf 87' lang='lat' dir='ltr'><strong>prohibuit</strong></span> <span class='ocrx_word' id='word_1_121' title='bbox 675 2638 739 2703; x_wconf 90' lang='lat' dir='ltr'><strong>sub</strong></span> <span class='ocrx_word' id='word_1_122' title='bbox 773 2636 1043 2703; x_wconf 76' lang='lat' dir='ltr'><strong>interminatione</strong></span> <span class='ocrx_word' id='word_1_123' title='bbox 1074 2634 1433 2713; x_wconf 87' lang='lat' dir='ltr'><strong>excommunicationis,</strong></span> <span class='ocrx_word' id='word_1_124' title='bbox 1445 2613 1561 2704; x_wconf 52' lang='grc' dir='ltr'><strong>ῗῖἓίῗῗο</strong></span> 
     </span>
     <span class='ocr_line' id='line_1_18' title="bbox 377 2711 1599 2807; baseline 0 -4"><span class='ocrx_word' id='word_1_125' title='bbox 377 2761 420 2805; x_wconf 90' lang='lat' dir='ltr'><strong>ne</strong></span> <span class='ocrx_word' id='word_1_126' title='bbox 444 2740 612 2807; x_wconf 89' lang='lat' dir='ltr'><strong>monacbis</strong></span> <span class='ocrx_word' id='word_1_127' title='bbox 635 2740 930 2807; x_wconf 83' lang='lat' dir='ltr'><strong>Cantuaricnsibus</strong></span> <span class='ocrx_word' id='word_1_128' title='bbox 957 2739 1063 2805; x_wconf 91' lang='lat' dir='ltr'><strong>debiti</strong></span> <span class='ocrx_word' id='word_1_129' title='bbox 1089 2738 1239 2804; x_wconf 91' lang='lat' dir='ltr'><strong>redditus</strong></span> <span class='ocrx_word' id='word_1_130' title='bbox 1269 2737 1432 2802; x_wconf 88' lang='lat' dir='ltr'><strong>solveren-</strong></span> <span class='ocrx_word' id='word_1_131' title='bbox 1445 2711 1599 2805; x_wconf 57' lang='lat' dir='ltr'><strong>ffltdii&#39;tb</strong></span> 
     </span>
     <span class='ocr_line' id='line_1_19' title="bbox 378 2811 1604 2929; baseline 0 -24"><span class='ocrx_word' id='word_1_132' title='bbox 378 2847 441 2906; x_wconf 89' lang='lat' dir='ltr'><strong>tur.</strong></span> <span class='ocrx_word' id='word_1_133' title='bbox 488 2843 649 2929; x_wconf 82' lang='lat' dir='ltr'><strong>Praecepit</strong></span> <span class='ocrx_word' id='word_1_134' title='bbox 671 2844 772 2909; x_wconf 92' lang='lat' dir='ltr'><strong>etiam</strong></span> <span class='ocrx_word' id='word_1_135' title='bbox 795 2841 965 2909; x_wconf 87' lang='lat' dir='ltr'><strong>monacbis</strong></span> <span class='ocrx_word' id='word_1_136' title='bbox 988 2841 1095 2906; x_wconf 89' lang='lat' dir='ltr'><strong>tribus</strong></span> <span class='ocrx_word' id='word_1_137' title='bbox 1113 2862 1195 2926; x_wconf 88' lang='lat' dir='ltr'><strong>quos</strong></span> <span class='ocrx_word' id='word_1_138' title='bbox 1218 2840 1341 2924; x_wconf 89' lang='lat' dir='ltr'><strong>absque</strong></span> <span class='ocrx_word' id='word_1_139' title='bbox 1357 2811 1604 2923; x_wconf 42' lang='lat' dir='ltr'><strong>con-movent.</strong></span> 
     </span>
     <span class='ocr_line' id='line_1_20' title="bbox 379 2911 1604 3026; baseline -0.002 -18"><span class='ocrx_word' id='word_1_140' title='bbox 379 2949 499 3009; x_wconf 88' lang='lat' dir='ltr'><strong>ventus</strong></span> <span class='ocrx_word' id='word_1_141' title='bbox 522 2945 721 3011; x_wconf 79' lang='lat' dir='ltr'><strong>mnscientia</strong></span> <span class='ocrx_word' id='word_1_142' title='bbox 741 2950 926 3024; x_wconf 89' lang='lat' dir='ltr'><strong>vocaverat,</strong></span> <span class='ocrx_word' id='word_1_143' title='bbox 949 2949 990 3008; x_wconf 91' lang='lat' dir='ltr'><strong>ut</strong></span> <span class='ocrx_word' id='word_1_144' title='bbox 1011 2943 1054 3008; x_wconf 88' lang='lat' dir='ltr'><strong>ad</strong></span> <span class='ocrx_word' id='word_1_145' title='bbox 1076 2947 1196 3007; x_wconf 88' lang='lat' dir='ltr'><strong>nutum</strong></span> <span class='ocrx_word' id='word_1_146' title='bbox 1219 2941 1289 3026; x_wconf 89' lang='lat' dir='ltr'><strong>ejus</strong></span> <span class='ocrx_word' id='word_1_147' title='bbox 1312 2944 1347 3005; x_wconf 89' lang='lat' dir='ltr'><strong>et</strong></span> <span class='ocrx_word' id='word_1_148' title='bbox 1368 2911 1604 3008; x_wconf 65' lang='lat' dir='ltr'><strong>dis-tttmdite‘d⁰</strong></span> 
     </span>
     <span class='ocr_line' id='line_1_21' title="bbox 381 3011 1564 3131; baseline -0.002 -20"><span class='ocrx_word' id='word_1_149' title='bbox 381 3046 578 3131; x_wconf 88' lang='lat' dir='ltr'><strong>positionem</strong></span> <span class='ocrx_word' id='word_1_150' title='bbox 609 3047 721 3112; x_wconf 92' lang='lat' dir='ltr'><strong>omnia</strong></span> <span class='ocrx_word' id='word_1_151' title='bbox 744 3069 855 3113; x_wconf 88' lang='lat' dir='ltr'><strong>eorum</strong></span> <span class='ocrx_word' id='word_1_152' title='bbox 881 3047 968 3112; x_wconf 89' lang='lat' dir='ltr'><strong>bona</strong></span> <span class='ocrx_word' id='word_1_153' title='bbox 994 3044 1206 3111; x_wconf 87' lang='lat' dir='ltr'><strong>custodirent.</strong></span> <span class='ocrx_word' id='word_1_154' title='bbox 1254 3011 1564 3117; x_wconf 65' lang='lat' dir='ltr'><strong>Contcmitibiiberty.</strong></span> 
     </span>
     <span class='ocr_line' id='line_1_22' title="bbox 379 3143 1436 3232; baseline -0.004 -21"><span class='ocrx_word' id='word_1_155' title='bbox 379 3152 458 3212; x_wconf 91' lang='lat' dir='ltr'><strong>sunt</strong></span> <span class='ocrx_word' id='word_1_156' title='bbox 480 3148 523 3212; x_wconf 88' lang='lat' dir='ltr'><strong>ad</strong></span> <span class='ocrx_word' id='word_1_157' title='bbox 545 3147 616 3213; x_wconf 83' lang='lat' dir='ltr'><strong>haec</strong></span> <span class='ocrx_word' id='word_1_158' title='bbox 639 3148 799 3226; x_wconf 84' lang='lat' dir='ltr'><strong>monachi,</strong></span> <span class='ocrx_word' id='word_1_159' title='bbox 822 3155 865 3225; x_wconf 91' lang='lat' dir='ltr'><strong>et,</strong></span> <span class='ocrx_word' id='word_1_160' title='bbox 887 3170 963 3215; x_wconf 89' lang='lat' dir='ltr'><strong>oum</strong></span> <span class='ocrx_word' id='word_1_161' title='bbox 985 3147 1093 3212; x_wconf 90' lang='lat' dir='ltr'><strong>Deum</strong></span> <span class='ocrx_word' id='word_1_162' title='bbox 1116 3144 1221 3232; x_wconf 82' lang='lat' dir='ltr'><strong>magis</strong></span> <span class='ocrx_word' id='word_1_163' title='bbox 1245 3165 1343 3230; x_wconf 90' lang='lat' dir='ltr'><strong>quam</strong></span> <span class='ocrx_word' id='word_1_164' title='bbox 1360 3143 1436 3208; x_wconf 92' lang='lat' dir='ltr'><strong>Bal·</strong></span> 
     </span>
     <span class='ocr_line' id='line_1_23' title="bbox 379 3247 1437 3336; baseline -0.002 -23"><span class='ocrx_word' id='word_1_165' title='bbox 379 3249 546 3314; x_wconf 83' lang='lat' dir='ltr'><strong>dewinum</strong></span> <span class='ocrx_word' id='word_1_166' title='bbox 582 3250 739 3316; x_wconf 88' lang='lat' dir='ltr'><strong>timerent</strong></span> <span class='ocrx_word' id='word_1_167' title='bbox 769 3250 939 3328; x_wconf 84' lang='lat' dir='ltr'><strong>offendere,</strong></span> <span class='ocrx_word' id='word_1_168' title='bbox 971 3248 1212 3336; x_wconf 87' lang='lat' dir='ltr'><strong>responderunt</strong></span> <span class='ocrx_word' id='word_1_169' title='bbox 1247 3269 1282 3312; x_wconf 90' lang='lat' dir='ltr'><strong>se</strong></span> <span class='ocrx_word' id='word_1_170' title='bbox 1313 3247 1437 3333; x_wconf 86' lang='lat' dir='ltr'><strong>absque</strong></span> 
     </span>
     <span class='ocr_line' id='line_1_24' title="bbox 380 3347 1437 3435; baseline -0.002 -20"><span class='ocrx_word' id='word_1_171' title='bbox 380 3350 516 3416; x_wconf 89' lang='lat' dir='ltr'><strong>consilio</strong></span> <span class='ocrx_word' id='word_1_172' title='bbox 547 3358 581 3417; x_wconf 91' lang='lat' dir='ltr'><strong>et</strong></span> <span class='ocrx_word' id='word_1_173' title='bbox 611 3353 801 3418; x_wconf 86' lang='lat' dir='ltr'><strong>coniventia</strong></span> <span class='ocrx_word' id='word_1_174' title='bbox 830 3358 1013 3418; x_wconf 90' lang='lat' dir='ltr'><strong>conventus</strong></span> <span class='ocrx_word' id='word_1_175' title='bbox 1043 3349 1096 3416; x_wconf 90' lang='lat' dir='ltr'><strong>sui</strong></span> <span class='ocrx_word' id='word_1_176' title='bbox 1125 3348 1316 3435; x_wconf 89' lang='lat' dir='ltr'><strong>hujusmodi</strong></span> <span class='ocrx_word' id='word_1_177' title='bbox 1350 3347 1437 3414; x_wconf 90' lang='lat' dir='ltr'><strong>nolle</strong></span> 
     </span>
     <span class='ocr_line' id='line_1_25' title="bbox 381 3451 1437 3538; baseline -0.001 -21"><span class='ocrx_word' id='word_1_178' title='bbox 381 3452 491 3517; x_wconf 88' lang='lat' dir='ltr'><strong>subire</strong></span> <span class='ocrx_word' id='word_1_179' title='bbox 514 3454 718 3519; x_wconf 89' lang='lat' dir='ltr'><strong>mandatum.</strong></span> <span class='ocrx_word' id='word_1_180' title='bbox 766 3452 852 3518; x_wconf 84' lang='lat' dir='ltr'><strong>Cum</strong></span> <span class='ocrx_word' id='word_1_181' title='bbox 874 3459 985 3519; x_wconf 86' lang='lat' dir='ltr'><strong>autem</strong></span> <span class='ocrx_word' id='word_1_182' title='bbox 1015 3452 1087 3517; x_wconf 87' lang='lat' dir='ltr'><strong>baeo</strong></span> <span class='ocrx_word' id='word_1_183' title='bbox 1116 3472 1176 3538; x_wconf 92' lang='lat' dir='ltr'><strong>per</strong></span> <span class='ocrx_word' id='word_1_184' title='bbox 1206 3451 1336 3516; x_wconf 87' lang='lat' dir='ltr'><strong>eosdem</strong></span> <span class='ocrx_word' id='word_1_185' title='bbox 1367 3472 1437 3516; x_wconf 91' lang='lat' dir='ltr'><strong>mo-</strong></span> 
     </span>
     <span class='ocr_line' id='line_1_26' title="bbox 380 3553 1537 3640; baseline -0.003 -20"><span class='ocrx_word' id='word_1_186' title='bbox 380 3555 501 3622; x_wconf 88' lang='lat' dir='ltr'><strong>nachos</strong></span> <span class='ocrx_word' id='word_1_187' title='bbox 524 3555 566 3620; x_wconf 90' lang='lat' dir='ltr'><strong>ad</strong></span> <span class='ocrx_word' id='word_1_188' title='bbox 589 3556 744 3622; x_wconf 91' lang='lat' dir='ltr'><strong>notitiam</strong></span> <span class='ocrx_word' id='word_1_189' title='bbox 760 3562 942 3622; x_wconf 88' lang='lat' dir='ltr'><strong>conventus</strong></span> <span class='ocrx_word' id='word_1_190' title='bbox 964 3555 1182 3631; x_wconf 84' lang='lat' dir='ltr'><strong>devenissent,</strong></span> <span class='ocrx_word' id='word_1_191' title='bbox 1198 3553 1438 3640; x_wconf 90' lang='lat' dir='ltr'><strong>prohibuerunt</strong></span> <span class='ocrx_word' id='word_1_192' title='bbox 1532 3598 1537 3607; x_wconf 79' lang='lat'>.</span> 
     </span>
     <span class='ocr_line' id='line_1_27' title="bbox 381 3655 1588 3745; baseline 0.002 -23"><span class='ocrx_word' id='word_1_193' title='bbox 381 3680 423 3722; x_wconf 88' lang='lat' dir='ltr'><strong>cx</strong></span> <span class='ocrx_word' id='word_1_194' title='bbox 446 3662 539 3743; x_wconf 75' lang='lat' dir='ltr'><strong>pmte</strong></span> <span class='ocrx_word' id='word_1_195' title='bbox 569 3657 633 3723; x_wconf 92' lang='lat' dir='ltr'><strong>Dei</strong></span> <span class='ocrx_word' id='word_1_196' title='bbox 664 3663 699 3724; x_wconf 90' lang='lat' dir='ltr'><strong>et</strong></span> <span class='ocrx_word' id='word_1_197' title='bbox 728 3660 790 3724; x_wconf 90' lang='lat' dir='ltr'><strong>sub</strong></span> <span class='ocrx_word' id='word_1_198' title='bbox 820 3656 1042 3745; x_wconf 77' lang='lat' dir='ltr'><strong>appellatione</strong></span> <span class='ocrx_word' id='word_1_199' title='bbox 1076 3677 1175 3741; x_wconf 92' lang='lat' dir='ltr'><strong>quam</strong></span> <span class='ocrx_word' id='word_1_200' title='bbox 1209 3655 1362 3731; x_wconf 78' lang='lat' dir='ltr'><strong>fenerant,</strong></span> <span class='ocrx_word' id='word_1_201' title='bbox 1395 3677 1588 3741; x_wconf 63' lang='lat' dir='ltr'><strong>nemmem</strong></span> 
     </span>
     <span class='ocr_line' id='line_1_28' title="bbox 380 3728 1596 3847; baseline 0.002 -24"><span class='ocrx_word' id='word_1_202' title='bbox 380 3759 440 3825; x_wconf 91' lang='lat' dir='ltr'><strong>hos</strong></span> <span class='ocrx_word' id='word_1_203' title='bbox 463 3759 518 3825; x_wconf 90' lang='lat' dir='ltr'><strong>vel</strong></span> <span class='ocrx_word' id='word_1_204' title='bbox 539 3759 621 3826; x_wconf 88' lang='lat' dir='ltr'><strong>alios</strong></span> <span class='ocrx_word' id='word_1_205' title='bbox 644 3761 810 3847; x_wconf 84' lang='lat' dir='ltr'><strong>quoslibet</strong></span> <span class='ocrx_word' id='word_1_206' title='bbox 832 3781 940 3826; x_wconf 90' lang='lat' dir='ltr'><strong>rerum</strong></span> <span class='ocrx_word' id='word_1_207' title='bbox 967 3779 1102 3823; x_wconf 86' lang='lat' dir='ltr'><strong>suarum</strong></span> <span class='ocrx_word' id='word_1_208' title='bbox 1132 3758 1284 3823; x_wconf 86' lang='lat' dir='ltr'><strong>custodes</strong></span> <span class='ocrx_word' id='word_1_209' title='bbox 1306 3728 1596 3836; x_wconf 62' lang='lat' dir='ltr'><strong>faceret,ib&#39;i’1iie¹r¹ie&#39;i¹e</strong></span> 
     </span>
     <span class='ocr_line' id='line_1_29' title="bbox 380 3858 1437 3950; baseline 0 -24"><span class='ocrx_word' id='word_1_210' title='bbox 380 3884 441 3927; x_wconf 87' lang='lat' dir='ltr'><strong>nec</strong></span> <span class='ocrx_word' id='word_1_211' title='bbox 460 3867 586 3928; x_wconf 87' lang='lat' dir='ltr'><strong>statum</strong></span> <span class='ocrx_word' id='word_1_212' title='bbox 600 3863 753 3942; x_wconf 85' lang='lat' dir='ltr'><strong>ecclesiae,</strong></span> <span class='ocrx_word' id='word_1_213' title='bbox 770 3885 829 3950; x_wconf 89' lang='lat' dir='ltr'><strong>pro</strong></span> <span class='ocrx_word' id='word_1_214' title='bbox 847 3863 941 3949; x_wconf 85' lang='lat' dir='ltr'><strong>cujus</strong></span> <span class='ocrx_word' id='word_1_215' title='bbox 963 3860 1204 3948; x_wconf 84' lang='lat' dir='ltr'><strong>indempnitate</strong></span> <span class='ocrx_word' id='word_1_216' title='bbox 1222 3858 1294 3946; x_wconf 85' lang='lat' dir='ltr'><strong>jam</strong></span> <span class='ocrx_word' id='word_1_217' title='bbox 1316 3861 1437 3948; x_wconf 81' lang='lat' dir='ltr'><strong>saepius</strong></span> 
     </span>
     <span class='ocr_line' id='line_1_30' title="bbox 380 3961 1436 4051; baseline 0 -24"><span class='ocrx_word' id='word_1_218' title='bbox 380 3962 584 4050; x_wconf 86' lang='lat' dir='ltr'><strong>appellatum</strong></span> <span class='ocrx_word' id='word_1_219' title='bbox 615 3969 674 4042; x_wconf 90' lang='lat' dir='ltr'><strong>cst,</strong></span> <span class='ocrx_word' id='word_1_220' title='bbox 705 3965 916 4051; x_wconf 89' lang='lat' dir='ltr'><strong>aliquatenus</strong></span> <span class='ocrx_word' id='word_1_221' title='bbox 947 3967 1174 4030; x_wconf 88' lang='lat' dir='ltr'><strong>commutaret.</strong></span> <span class='ocrx_word' id='word_1_222' title='bbox 1222 3961 1351 4042; x_wconf 83' lang='lat' dir='ltr'><strong>Quibus</strong></span> <span class='ocrx_word' id='word_1_223' title='bbox 1384 3984 1436 4027; x_wconf 88' lang='lat' dir='ltr'><strong>ar-</strong></span> 
     </span>
     <span class='ocr_line' id='line_1_31' title="bbox 380 4064 1436 4152; baseline -0.003 -20"><span class='ocrx_word' id='word_1_224' title='bbox 380 4065 586 4152; x_wconf 88' lang='lat' dir='ltr'><strong>chiepiscopo</strong></span> <span class='ocrx_word' id='word_1_225' title='bbox 617 4088 675 4152; x_wconf 90' lang='lat' dir='ltr'><strong>per</strong></span> <span class='ocrx_word' id='word_1_226' title='bbox 706 4066 819 4132; x_wconf 88' lang='lat' dir='ltr'><strong>fideles</strong></span> <span class='ocrx_word' id='word_1_227' title='bbox 847 4066 984 4132; x_wconf 90' lang='lat' dir='ltr'><strong>nuntios</strong></span> <span class='ocrx_word' id='word_1_228' title='bbox 1016 4065 1138 4142; x_wconf 88' lang='lat' dir='ltr'><strong>relatis,</strong></span> <span class='ocrx_word' id='word_1_229' title='bbox 1169 4064 1301 4128; x_wconf 85' lang='lat' dir='ltr'><strong>addidit</strong></span> <span class='ocrx_word' id='word_1_230' title='bbox 1330 4064 1436 4130; x_wconf 87' lang='lat' dir='ltr'><strong>eidem</strong></span> 
     </span>
     <span class='ocr_line' id='line_1_32' title="bbox 379 4164 1576 4256; baseline -0.002 -24"><span class='ocrx_word' id='word_1_231' title='bbox 379 4168 519 4233; x_wconf 85' lang='lat' dir='ltr'><strong>nuntius</strong></span> <span class='ocrx_word' id='word_1_232' title='bbox 548 4167 667 4245; x_wconf 88' lang='lat' dir='ltr'><strong>dicens,</strong></span> <span class='ocrx_word' id='word_1_233' title='bbox 693 4168 795 4235; x_wconf 90' lang='lat' dir='ltr'><strong>“Hoc</strong></span> <span class='ocrx_word' id='word_1_234' title='bbox 824 4168 922 4246; x_wconf 91' lang='lat' dir='ltr'><strong>enim,</strong></span> <span class='ocrx_word' id='word_1_235' title='bbox 945 4166 1086 4244; x_wconf 82' lang='lat' dir='ltr'><strong>domine,</strong></span> <span class='ocrx_word' id='word_1_236' title='bbox 1109 4187 1277 4250; x_wconf 86' lang='lat' dir='ltr'><strong>nunquam</strong></span> <span class='ocrx_word' id='word_1_237' title='bbox 1310 4164 1435 4232; x_wconf 81' lang='lat' dir='ltr'><strong>iactum</strong></span> <span class='ocrx_word' id='word_1_238' title='bbox 1448 4194 1475 4256; x_wconf 39' lang='grc' dir='ltr'><strong>Δ,</strong></span> <span class='ocrx_word' id='word_1_239' title='bbox 1496 4196 1576 4239; x_wconf 72' lang='lat' dir='ltr'><strong>umen</strong></span> 
     </span>
     <span class='ocr_line' id='line_1_33' title="bbox 382 4246 1608 4356; baseline 0 -21"><span class='ocrx_word' id='word_1_240' title='bbox 382 4279 398 4304; x_wconf 91' lang='lat'><strong>“</strong></span> <span class='ocrx_word' id='word_1_241' title='bbox 421 4275 479 4347; x_wconf 91' lang='lat' dir='ltr'><strong>est,</strong></span> <span class='ocrx_word' id='word_1_242' title='bbox 502 4270 641 4356; x_wconf 88' lang='lat' dir='ltr'><strong>ideoque</strong></span> <span class='ocrx_word' id='word_1_243' title='bbox 669 4292 781 4336; x_wconf 88' lang='lat' dir='ltr'><strong>omncs</strong></span> <span class='ocrx_word' id='word_1_244' title='bbox 806 4270 912 4339; x_wconf 88' lang='lat' dir='ltr'><strong>malas</strong></span> <span class='ocrx_word' id='word_1_245' title='bbox 942 4269 1109 4335; x_wconf 85' lang='lat' dir='ltr'><strong>novitates</strong></span> <span class='ocrx_word' id='word_1_246' title='bbox 1139 4268 1260 4334; x_wconf 83' lang='lat' dir='ltr'><strong>abicite</strong></span> <span class='ocrx_word' id='word_1_247' title='bbox 1283 4274 1318 4332; x_wconf 87' lang='lat' dir='ltr'><strong>et</strong></span> <span class='ocrx_word' id='word_1_248' title='bbox 1344 4246 1608 4349; x_wconf 54' lang='lat' dir='ltr'><strong>inde-fflisssror</strong></span> 
     </span>
     <span class='ocr_line' id='line_1_34' title="bbox 382 4347 1605 4458; baseline -0.001 -22"><span class='ocrx_word' id='word_1_249' title='bbox 382 4379 399 4404; x_wconf 88' lang='lat'><strong>“</strong></span> <span class='ocrx_word' id='word_1_250' title='bbox 421 4371 510 4436; x_wconf 90' lang='lat' dir='ltr'><strong>bitas</strong></span> <span class='ocrx_word' id='word_1_251' title='bbox 536 4372 790 4438; x_wconf 85' lang='lat' dir='ltr'><strong>institutiones.”</strong></span> <span class='ocrx_word' id='word_1_252' title='bbox 836 4373 891 4438; x_wconf 89' lang='lat' dir='ltr'><strong>Ad</strong></span> <span class='ocrx_word' id='word_1_253' title='bbox 921 4371 992 4438; x_wconf 80' lang='lat' dir='ltr'><strong>baec</strong></span> <span class='ocrx_word' id='word_1_254' title='bbox 1017 4371 1280 4458; x_wconf 85' lang='lat' dir='ltr'><strong>archiepiscopus</strong></span> <span class='ocrx_word' id='word_1_255' title='bbox 1303 4391 1434 4457; x_wconf 88' lang='lat' dir='ltr'><strong>respon·</strong></span> <span class='ocrx_word' id='word_1_256' title='bbox 1447 4347 1605 4391; x_wconf 55' lang='lat' dir='ltr'><strong>‘&#39;mmm‘&#39;</strong></span> 
     </span>
     <span class='ocr_line' id='line_1_35' title="bbox 382 4472 1436 4561; baseline 0.004 -25"><span class='ocrx_word' id='word_1_257' title='bbox 382 4472 440 4550; x_wconf 90' lang='lat' dir='ltr'><strong>dit,</strong></span> <span class='ocrx_word' id='word_1_258' title='bbox 458 4472 605 4540; x_wconf 89' lang='lat' dir='ltr'><strong>“Dicitis</strong></span> <span class='ocrx_word' id='word_1_259' title='bbox 629 4497 687 4540; x_wconf 89' lang='lat' dir='ltr'><strong>vos</strong></span> <span class='ocrx_word' id='word_1_260' title='bbox 703 4477 790 4561; x_wconf 91' lang='lat' dir='ltr'><strong>quod</strong></span> <span class='ocrx_word' id='word_1_261' title='bbox 812 4498 983 4561; x_wconf 90' lang='lat' dir='ltr'><strong>nunquam</strong></span> <span class='ocrx_word' id='word_1_262' title='bbox 1006 4474 1068 4541; x_wconf 88' lang='lat' dir='ltr'><strong>boc</strong></span> <span class='ocrx_word' id='word_1_263' title='bbox 1088 4475 1212 4540; x_wconf 80' lang='lat' dir='ltr'><strong>sactum</strong></span> <span class='ocrx_word' id='word_1_264' title='bbox 1236 4474 1340 4540; x_wconf 74' lang='lat' dir='ltr'><strong>estt&#39;&#39;</strong></span> <span class='ocrx_word' id='word_1_265' title='bbox 1372 4474 1436 4541; x_wconf 84' lang='lat' dir='ltr'><strong>Oui</strong></span> 
     </span>
     <span class='ocr_line' id='line_1_36' title="bbox 383 4576 1435 4665; baseline 0.006 -27"><span class='ocrx_word' id='word_1_266' title='bbox 383 4576 541 4641; x_wconf 89' lang='lat' dir='ltr'><strong>nuntius:</strong></span> <span class='ocrx_word' id='word_1_267' title='bbox 563 4577 728 4642; x_wconf 85' lang='lat' dir='ltr'><strong>“Etiam&#39;’</strong></span> <span class='ocrx_word' id='word_1_268' title='bbox 766 4579 811 4644; x_wconf 81' lang='lat' dir='ltr'><strong>Et</strong></span> <span class='ocrx_word' id='word_1_269' title='bbox 825 4578 1111 4665; x_wconf 88' lang='lat' dir='ltr'><strong>archiepiscopus:</strong></span> <span class='ocrx_word' id='word_1_270' title='bbox 1136 4577 1295 4653; x_wconf 72' lang='lat' dir='ltr'><strong>“Immo”</strong></span> <span class='ocrx_word' id='word_1_271' title='bbox 1317 4578 1435 4663; x_wconf 90' lang='lat' dir='ltr'><strong>inquit,</strong></span> 
     </span>
    </p>
   </div>
   <div class='ocr_carea' id='block_1_3' title="bbox 385 4680 1436 4767">
    <p class='ocr_par' dir='ltr' id='par_1_8' title="bbox 385 4680 1436 4767">
     <span class='ocr_line' id='line_1_37' title="bbox 385 4680 1436 4767; baseline 0.003 -25"><span class='ocrx_word' id='word_1_272' title='bbox 385 4681 402 4710; x_wconf 90' lang='lat'>“</span> <span class='ocrx_word' id='word_1_273' title='bbox 425 4683 502 4744; x_wconf 90' lang='lat' dir='ltr'><strong>ante</strong></span> <span class='ocrx_word' id='word_1_274' title='bbox 524 4700 646 4766; x_wconf 80' lang='lat' dir='ltr'><strong>peums</strong></span> <span class='ocrx_word' id='word_1_275' title='bbox 668 4702 771 4745; x_wconf 90' lang='lat' dir='ltr'><strong>annos</strong></span> <span class='ocrx_word' id='word_1_276' title='bbox 793 4682 918 4748; x_wconf 82' lang='lat' dir='ltr'><strong>factum</strong></span> <span class='ocrx_word' id='word_1_277' title='bbox 941 4687 999 4759; x_wconf 90' lang='lat' dir='ltr'><strong>est,</strong></span> <span class='ocrx_word' id='word_1_278' title='bbox 1025 4686 1069 4758; x_wconf 89' lang='lat' dir='ltr'><strong>ut,</strong></span> <span class='ocrx_word' id='word_1_279' title='bbox 1086 4680 1158 4767; x_wconf 90' lang='lat' dir='ltr'><strong>ipso</strong></span> <span class='ocrx_word' id='word_1_280' title='bbox 1185 4681 1292 4767; x_wconf 91' lang='lat' dir='ltr'><strong>priore</strong></span> <span class='ocrx_word' id='word_1_281' title='bbox 1316 4687 1436 4766; x_wconf 85' lang='lat' dir='ltr'><strong>agente</strong></span> 
     </span>
    </p>
   </div>
   <div class='ocr_carea' id='block_1_4' title="bbox 385 4780 1437 4870">
    <p class='ocr_par' dir='ltr' id='par_1_9' title="bbox 385 4780 1437 4870">
     <span class='ocr_line' id='line_1_38' title="bbox 385 4780 1437 4870; baseline 0.003 -25"><span class='ocrx_word' id='word_1_282' title='bbox 385 4782 402 4815; x_wconf 87' lang='lat'><strong>“</strong></span> <span class='ocrx_word' id='word_1_283' title='bbox 426 4786 461 4845; x_wconf 91' lang='lat' dir='ltr'><strong>et</strong></span> <span class='ocrx_word' id='word_1_284' title='bbox 490 4780 526 4844; x_wconf 93' lang='lat' dir='ltr'><strong>in</strong></span> <span class='ocrx_word' id='word_1_285' title='bbox 556 4780 703 4866; x_wconf 90' lang='lat' dir='ltr'><strong>prioratu</strong></span> <span class='ocrx_word' id='word_1_286' title='bbox 734 4782 997 4861; x_wconf 87' lang='lat' dir='ltr'><strong>administrante,</strong></span> <span class='ocrx_word' id='word_1_287' title='bbox 1019 4782 1140 4869; x_wconf 85' lang='lat' dir='ltr'><strong>aliquis</strong></span> <span class='ocrx_word' id='word_1_288' title='bbox 1163 4782 1437 4870; x_wconf 80' lang='lat' dir='ltr'><strong>praedccessorum</strong></span> 
     </span>
    </p>
   </div>
   <div class='ocr_carea' id='block_1_5' title="bbox 0 0 1839 5724">
    <p class='ocr_par' dir='ltr' id='par_1_10' title="bbox 0 0 1839 5724">
     <span class='ocr_line' id='line_1_39' title="bbox 0 0 1839 5724; baseline 0 0"><span class='ocrx_word' id='word_1_289' title='bbox 0 0 1839 5724; x_wconf 95' lang='lat' dir='ltr'><strong> </strong></span> 
     </span>
    </p>
   </div>
   <div class='ocr_carea' id='block_1_6' title="bbox 1831 4384 1833 5309">
    <p class='ocr_par' dir='ltr' id='par_1_11' title="bbox 1831 4384 1833 5309">
     <span class='ocr_line' id='line_1_40' title="bbox 1831 4384 1833 5309; baseline 0 0"><span class='ocrx_word' id='word_1_290' title='bbox 1831 4384 1833 5309; x_wconf 95' lang='lat' dir='ltr'><strong> </strong></span> 
     </span>
    </p>
   </div>
  </div>
 </body>
</html>
