3662 5728
698 919 812 973 orsas
833 917 1026 973 marcarum
1170 910 1175 923 ’
1320 904 1384 972 213

328 1123 374 1183 sit.
413 1116 524 1205 Igitur
538 1120 707 1189 Gratianus,
722 1111 810 1179 secio
824 1131 884 1177 suo
898 1118 1026 1178 Vivianc
1041 1118 1182 1188 vivacior,
1193 1137 1294 1193 regern
1308 1130 1384 1177 con·
1398 1114 1537 1225 offatim

158 1243 314 1296 neuneu·
329 1226 457 1288 sumar
479 1224 641 1308 oportune
662 1215 851 1302 importune
874 1214 1045 1281 obsecrans
1071 1218 1106 1280 et
1127 1222 1293 1295 increpem,
1315 1234 1384 1279 om·
1396 1232 1523 1327 {w

158 1308 192 1362 iv.
204 1314 245 1361 ⁹⁸·
329 1324 387 1391 nia
408 1323 512 1411 ipsius
534 1320 661 1411 sprevit
684 1318 828 1397 donaria,
855 1318 1055 1404 tandemque
1085 1316 1241 1384 citissime
1260 1325 1385 1381 Romam

328 1452 461 1492 reversus
479 1442 535 1502 est,
561 1420 706 1487 Viviano
729 1426 781 1483 illo
802 1425 879 1506 post
901 1425 994 1506 terga
1015 1418 1137 1485 relicto.
1184 1425 1247 1482 Rex
1272 1421 1385 1483 autem

327 1525 419 1591 illins
448 1532 519 1592 tam
549 1521 759 1611 repentinum
793 1521 938 1587 reditum
967 1520 1093 1587 habens
1122 1524 1320 1606 suspectum,
1341 1529 1384 1584 vi·

203 1672 207 1679 1
328 1636 465 1714 densque
486 1627 542 1694 hic
561 1625 644 1713 regis
666 1622 868 1701 Francorum
890 1623 1039 1691 animum
1062 1644 1105 1688 ex
1125 1622 1292 1690 confracta
1314 1647 1385 1702 pace
1396 1634 1510 1738 mm

328 1728 379 1795 ira
400 1736 604 1808 commotum,
627 1730 820 1811 excogitavit
841 1755 899 1812 qua
920 1727 1107 1794 subtilitate
1129 1726 1210 1808 regis
1236 1726 1385 1825 animum
1396 1747 1481 1782 vavor.

328 1832 481 1920 mitigare
504 1834 638 1914 valeret,
661 1840 697 1902 et
717 1831 961 1919 archiepiscopo
986 1828 1225 1908 Oantnariensi,
1249 1829 1278 1893 si
1300 1827 1386 1894 forte

328 1935 465 2001 daretur
494 1938 627 2015 occasio,
649 1937 705 2003 vel
726 1935 834 2023 specie
866 1939 965 2000 tenus
995 1954 1109 2019 pacem
1137 1932 1320 2010 restituere,
1343 1952 1386 1997 ne

329 2038 491 2104 instantia
513 2038 666 2107 Gratiani
688 2042 858 2126 cogeretur
887 2036 1024 2102 invitus.
1062 2036 1266 2102 Poenitentia
1288 2034 1386 2112 enim,
1454 2052 1459 2059 ·

329 2144 370 2205 ut
384 2140 563 2219 dicebatur,
579 2142 698 2208 ductus
720 2147 779 2218 est,
803 2139 892 2226 quod
914 2137 1157 2224 archiepiscopo
1181 2158 1296 2223 pacem
1317 2157 1386 2202 non

330 2242 460 2308 dederit
496 2243 707 2330 postulatam.
752 2243 804 2308 De
842 2241 1003 2328 colloquio
1045 2246 1158 2307 autem
1196 2262 1271 2306 cum
1309 2262 1385 2328 rege

224 2369 232 2384 ·
330 2345 532 2412 Francorum
547 2346 699 2413 habendo
723 2348 923 2432 desperatus,
947 2344 1041 2431 quasi
1060 2349 1163 2408 orandi
1181 2351 1277 2424 matis
1292 2343 1386 2408 venit
1398 2363 1535 2425 nemrot

331 2457 363 2511 in
381 2449 562 2516 Franciam.
609 2449 673 2517 cui
696 2473 771 2517 cum
794 2472 850 2514 rex
873 2455 1005 2513 Francia
1017 2452 1144 2533 sponte
1174 2445 1229 2511 vel
1259 2446 1386 2512 invitus
1397 2413 1516 2559 iiii-¹33?

331 2560 409 2632 apud
426 2560 559 2618 Mentem
576 2562 743 2636 Martyrum
760 2561 942 2628 occurrisset,
958 2553 1035 2636 post
1056 2547 1123 2614 alia
1143 2548 1234 2635 pacis
1257 2549 1387 2634 eloquia

331 2653 372 2718 de
398 2674 478 2739 pace
505 2658 540 2720 et
572 2653 745 2722 concordia
768 2653 1015 2721 Ountnariensis
1044 2651 1280 2739 archiepiscopi
1309 2675 1386 2741 sup·
1399 2677 1513 2721 remim

332 2753 501 2840 plicabant
517 2754 672 2821 universi.
718 2755 851 2820 Annuit
867 2755 980 2840 itaque
995 2777 1054 2823 rex
1072 2771 1107 2823 nt
1123 2754 1387 2841 archiepiscopus
1399 2727 1520 2780 mm·

332 2856 365 2910 in
382 2873 453 2927 pace
465 2861 496 2911 et
508 2856 665 2912 securitate
676 2857 861 2929 repatriaret,
873 2862 904 2912 et
915 2857 1198 2931 archiepiscopatum
1210 2873 1295 2912 auum
1308 2856 1340 2912 in
1352 2873 1388 2910 ea

332 2935 469 2991 libertate
486 2936 630 3008 reciperet
646 2943 677 2993 et
700 2942 814 2992 teneret
837 2953 895 3009 qua
917 2937 1141 3009 predecessores
1159 2950 1230 2995 suos
1253 2936 1387 2993 tenuisse

331 3018 506 3082 constaret
551 3023 691 3082 Promisit
709 3018 809 3083 etiam
832 3039 867 3082 se
885 3016 988 3082 eidem
1003 3027 1085 3083 mille
1102 3045 1215 3086 mercar
1230 3018 1387 3083 daturum
1400 3044 1518 3089 remmus
1527 3044 1551 3087 or

333 3117 377 3183 sc
410 3117 537 3184 essm
575 3118 627 3184 sur
664 3119 947 3207 preparationem.
1000 3126 1246 3203 surreptam
1275 3094 1494 3186 suanm

333 3219 520 3286 ablatorum
552 3221 700 3288 omnium
731 3222 976 3288 restitutionem
1009 3228 1169 3310 repetens,
1201 3229 1390 3290 constanter

305 3386 313 3395 ,
334 3329 543 3388 mediatoribus
566 3322 705 3402 dicebat,
720 3323 911 3390 nullatenus
928 3333 1043 3391 remitti
1060 3340 1211 3406 peccatum
1229 3334 1288 3391 nisi
1306 3335 1390 3392 resti-

164 3435 315 3515 ilcrbssoa.
333 3437 437 3489 tuatnr
452 3434 603 3502 ablatum
628 3425 723 3513 cujus
746 3431 818 3491 erat
833 3438 937 3490 taxata
954 3451 1069 3490 mmma
1085 3435 1163 3491 111¹*
1179 3435 1264 3490 milia
1281 3454 1392 3492 marca-

163 3507 252 3556 ¹*·²⁹·
333 3551 409 3589 rum.
457 3533 515 3590 Sed
544 3552 595 3591 rex
624 3535 757 3593 Francia
791 3527 967 3613 caeterique
1004 3526 1176 3614 utriusque
1215 3528 1390 3614 optimates

333 3626 427 3715 regni
449 3627 635 3696 suadebant
655 3630 899 3718 archiepiscopo
920 3650 962 3695 ne
985 3657 1038 3712 pro
1060 3631 1239 3716 repetenda
1256 3640 1389 3710 pecunia,

329 3731 421 3818 juste
443 3730 500 3796 vel
528 3731 653 3817 injuste
675 3733 796 3814 ablata,
821 3731 946 3798 domini
968 3731 1021 3795 sui
1050 3733 1193 3819 gratiam
1222 3731 1491 3798 refutarethoket

1402 3795 1514 3840 demanda

335 3832 421 3899 (ium
451 3837 545 3912 igitur
568 3841 668 3898 omnia
691 3844 876 3916 complanata
898 3832 1047 3911 fuissent,
1074 3856 1117 3899 ex
1145 3834 1303 3901 mandato
1333 3835 1390 3899 do·
1403 3846 1512 3940 mg

334 3935 417 4000 mini
440 3955 535 4021 papse
550 3945 631 4016 pacis
645 3937 740 4005 initae
762 3945 927 4004 cautionem
950 3938 1120 4023 quaerebat
1138 3934 1391 4024 archiepiscopus
1403 3947 1446 4041 iis
1461 3947 1535 4041 ᾖ

335 4038 379 4104 ad
400 4036 691 4106 confirmationem.
737 4041 823 4108 (ium
846 4048 958 4109 sutem
980 4042 1068 4108 hiet
1086 4040 1138 4106 illi
1160 4039 1307 4106 dicerent
1329 4038 1391 4103 hu·
1404 4058 1480 4101 rem

332 4138 480 4227 jusmodi
502 4139 690 4208 cautionem
712 4145 897 4230 praesertim
921 4146 963 4212 de
989 4143 1123 4211 dominc
1145 4163 1205 4208 suo
1228 4162 1297 4206 non
1322 4163 1392 4208 esse

336 4243 521 4330 petendam,
546 4243 611 4309 sibi
633 4244 780 4313 sufficere
802 4246 933 4316 dicebat
947 4253 1028 4328 pacis
1045 4254 1176 4311 osculum
1192 4264 1236 4309 ex
1250 4264 1306 4309 ore
1328 4244 1393 4309 sibi
1406 4269 1488 4322 nonu

335 4344 427 4433 regio
450 4345 576 4413 (iatum.
606 4356 775 4427 Quodnam
793 4377 846 4433 per
863 4376 964 4434 regern·
982 4357 1115 4415 mancia
1133 4356 1271 4434 aliosque
1283 4356 1393 4412 media·
1406 4318 1543 4414 mm

271 4460 276 4467 ’
335 4462 414 4513 tores
431 4456 496 4529 regi
511 4447 645 4535 Angliae
659 4467 737 4517 esset
749 4459 931 4527 intimatum,
944 4479 975 4518 se
988 4459 1105 4532 quidem
1119 4457 1176 4515 hcc
1192 4457 1319 4514 libenter
1337 4460 1395 4515 fac·
1407 4431 1483 4475 m

335 4560 436 4613 turum
455 4569 525 4615 esse
547 4559 710 4632 respondit,
728 4559 787 4616 nisi
806 4561 876 4633 qnia
893 4562 986 4619 iratm
1003 4560 1120 4635 publice
1133 4560 1284 4633 juraverat
1301 4561 1395 4617 archi·

334 4649 523 4737 episcopum
561 4679 593 4718 se
623 4678 773 4735 nunqnam
796 4663 1006 4729 osculaturum,
1030 4662 1121 4720 etiarn
1154 4660 1181 4719 si
1217 4653 1396 4742 ediquando

333 4777 437 4832 pacem
461 4759 489 4818 si
511 4754 663 4820 redderet
684 4766 715 4817 et
737 4761 876 4834 gratiam,
893 4781 947 4818 nec
964 4767 1119 4836 propterea
1139 4756 1297 4823 adversus
1320 4781 1396 4824 eum

334 4851 480 4939 aliquem
497 4856 638 4922 retinere
659 4880 821 4921 rancorem.
868 4855 1047 4942 Suspicens
1070 4870 1169 4922 antem
1193 4883 1244 4923 rex
1264 4867 1397 4924 hancine

335 4955 504 5038 caeterique
527 4965 703 5022 mediatores
726 4964 848 5023 mellitis
871 4957 957 5045 regis
980 4967 1161 5022 sermonibus
1184 4958 1290 5024 inesse
1312 4984 1398 5023 vene·
