3662 5728
390 852 455 925 170
590 869 753 920 anavair
775 869 936 920 6661661
959 868 1232 921 esurusmsusrs

231 1068 355 1114 66116.
383 1056 537 1140 gregatos
559 1053 696 1119 invenit.
744 1052 860 1118 Multis
883 1053 996 1140 itaque
1018 1058 1053 1120 ct
1082 1052 1184 1120 variis
1218 1053 1260 1119 de
1282 1051 1440 1119 electione

213 1132 351 1228 111131οῙ
383 1152 535 1222 facienda
564 1157 722 1223 consertis
752 1155 965 1234 sermonibus,
990 1155 1125 1221 tandem
1148 1154 1318 1221 Wibertus
1351 1154 1441 1240 prior

383 1262 419 1322 et
449 1258 507 1343 qui
541 1279 616 1324 cum
650 1280 689 1325 eo
722 1262 818 1324 erant
848 1258 1004 1324 invocata
1027 1256 1172 1345 Spiritus
1196 1256 1310 1323 Sancti
1332 1255 1441 1342 gratia

383 1357 542 1425 Thomam
557 1360 644 1447 regis
660 1358 892 1426 cancellarium
908 1359 945 1423 in
966 1360 1101 1426 nomine
1117 1357 1249 1426 Sanctae
1264 1357 1439 1424 Trinitatis

382 1460 559 1548 elegerunt.
606 1462 709 1529 Facta
742 1461 847 1549 igitur
880 1459 1046 1541 electione,
1071 1482 1145 1528 cum
1168 1461 1608 1579 6166660666ᾗ11ἔὶ1106

214 1575 349 1623 ninneton.
381 1571 441 1627 iam
472 1565 625 1631 tenderet
662 1562 895 1640 consecrandus,
930 1572 962 1627 in
991 1573 1058 1627 visu
1087 1562 1186 1628 noctis
1221 1561 1376 1648 apparuit
1408 1560 1439 1626 61
1488 1565 1495 1578 ”
1550 1535 1609 1579 0'3'

381 1690 507 1744 persona
535 1665 713 1730 venerabilis
747 1664 831 1730 dans
864 1664 896 1730 ei
930 1673 1031 1729 decem
1060 1672 1178 1729 talenta.
1223 1663 1300 1751 Ipse
1326 1666 1439 1729 autem

382 1765 497 1829 statim
521 1766 628 1832 obiter
648 1764 799 1831 instituit
821 1765 885 1829 sibi
915 1765 1089 1852 magistros
1111 1764 1245 1831 idoneos
1279 1764 1337 1851 qui
1369 1764 1440 1851 ejus

383 1872 494 1932 errata
516 1869 720 1955 corrigerent
741 1868 771 1932 si
792 1866 877 1933 forte
900 1865 1074 1933 excederet
1095 1866 1132 1931 iu
1154 1866 1275 1961 aliquo.

428 1968 664 2036 Convenerunt
686 1971 799 2056 itaque
824 1968 1014 2035 Oantuariee
1036 1968 1192 2055 praesides
1215 1974 1250 2034 et
1275 1966 1439 2055 plincipes

212 2095 252 2176 0⁰
383 2072 477 2158 regni
503 2078 543 2138 ut
569 2077 673 2138 tantae
696 2071 888 2137 assisterent
909 2071 1154 2137 consecrationi
1202 2078 1327 2135 Sabbato
1346 2077 1438 2150 igitur
1451 2074 1611 2161 11661166..

249 2196 275 2228 a
384 2178 576 2239 moveam
598 2174 808 2240 Panaenus
838 2173 875 2238 in
897 2173 1083 2260 presbitero
1105 2173 1245 2260 psum
1268 2143 1611 2238 ordinatushb·¹¹¹‘⁰·⁴··

383 2282 443 2355 661,
475 2285 506 2340 16
532 2286 669 2352 crastino,
698 2285 729 2341 in
759 2276 1040 2364 archiepiscopum
1075 2284 1296 2341 consecrandus.
1353 2274 1439 2341 (lum

382 2383 495 2444 autem
528 2378 640 2444 omnia
673 2379 910 2445 consecrationi
939 2378 1123 2445 necessaria
1152 2381 1329 2464 preparata
1358 2376 1439 2441 fuis-

383 2485 466 2559 sent,
490 2486 564 2546 orta
586 2486 637 2546 est
659 2481 868 2567 aliquantula
890 2482 978 2547 inter
1011 2481 1178 2567 episcopos
1204 2478 1376 2545 altercatio
1398 2479 1440 2544 de

383 2584 625 2651 consecratione
647 2583 805 2651 facienda
851 2582 1124 2670 Archiepiscopus
1146 2581 1235 2647 enim
1257 2581 1440 2648 Eboracen·

383 2686 429 2751 sia
451 2707 510 2772 per
531 2686 756 2752 intemuutios
779 2686 858 2752 licet
876 2687 994 2752 absens
1009 2685 1149 2763 dicebat,
1164 2685 1440 2752 consecrationem

385 2789 477 2855 illem
500 2789 564 2854 sibi
587 2788 628 2854 de
646 2788 723 2874 jure
746 2787 920 2875 dignitatis
943 2786 1090 2873 antiquae
1121 2786 1318 2873 contingere,
1341 2806 1440 2872 seque

384 2891 428 2957 ad
450 2891 680 2977 exequendum
703 2911 773 2956 eese
796 2894 950 2976 paratum
973 2890 1002 2954 si
1024 2910 1111 2955 novo
1126 2888 1229 2954 electo
1249 2888 1440 2974 caeterisque

238 3012 328 3056 aaron
383 2993 534 3080 placeret
581 2991 745 3058 Fatentur
768 3013 897 3078 quoque
920 2990 1064 3078 episcopi
1080 2989 1315 3056 Eboracensem
1334 2989 1440 3056 616111-

213 3064 335 3207 {effi
385 3094 574 3181 episcopum
597 3094 639 3159 de
661 3093 737 3180 jure
760 3094 899 3180 antiquo
922 3093 1040 3160 debere
1064 3090 1336 3159 Oantuariensem
1358 3092 1439 3158 elec·

223 3175 271 3208 '¹⁰¹¹'
384 3202 458 3262 tum
481 3217 677 3274 consecrare,
702 3197 790 3282 quod
813 3202 848 3263 et
880 3196 988 3263 eidem
1022 3195 1063 3262 de
1094 3195 1184 3263 facili
1218 3197 1440 3281 concederent,

384 3299 413 3366 si
435 3303 549 3364 tamen
572 3296 805 3364 Oantuariensi
827 3299 971 3365 ecclesiae
998 3299 1090 3384 juste
1123 3297 1314 3363 restituerat
1339 3319 1439 3383 quam

384 3400 508 3487 injuste
531 3401 750 3479 subtraxerat,
780 3402 971 3467 canonicam
993 3399 1118 3466 scilicet
1147 3399 1383 3485 subjectionem
1405 3403 1440 3465 61

214 3507 454 3569 116666611616
470 3502 617 3569 debitam
638 3524 739 3589 quam
761 3503 1006 3590 privilegiatam
1029 3500 1269 3589 professionem.
1315 3502 1441 3569 Renuit
1522 3564 1524 3567 ,

210 3572 348 3716 libgugqlir,
384 3605 441 3670 ille
463 3606 552 3691 quod
574 3604 770 3670 mandatum
793 3609 852 3683 est,
875 3610 911 3671 et
932 3605 979 3671 sic
1001 3604 1150 3675 omnium
1172 3603 1299 3690 judicio
1321 3605 1439 3691 petitio

213 3684 367 3817 diffidas
384 3706 620 3794 archiepiscopi
643 3705 858 3772 Eboracensis
888 3705 1021 3793 repulsa
1046 3711 1105 3772 661.
1152 3703 1295 3785 Quidam
1327 3712 1439 3772 autem

213 3785 303 3876 111311
384 3810 555 3896 episcopus
578 3809 618 3874 de
643 3807 764 3874 Gualia
785 3807 1048 3874 benedictionem
1070 3807 1163 3872 illam
1185 3828 1279 3871 suam
1300 3807 1439 3885 dicebat,

383 3934 422 3978 eo
445 3912 533 3998 quod
556 3915 641 3977 esset
662 3910 789 3998 primus
811 3910 959 3976 omnium
982 3910 1061 3996 quia
1090 3930 1159 3996 prae
1182 3909 1333 3974 omnibus
1364 3931 1440 3976 con·
1538 3999 1540 4003 .

383 4018 537 4080 sectatus
584 4013 766 4099 Episcopus
798 4039 814 4077 6
845 4005 954 4076 eontra
976 4018 1123 4076 Roffensis
1154 4032 1243 4076 suam
1277 4038 1342 4076 esse
1355 4039 1438 4081 ,con-

383 4115 491 4193 tendit,
516 4115 595 4201 quia
618 4115 661 4181 ab
691 4113 830 4200 antiquo
854 4111 1102 4180 Cantuariensis
1123 4112 1266 4180 coclesiae
1288 4114 1440 4200 proprius

328 4275 333 4281 .
384 4223 456 4283 erat
486 4226 661 4300 capellanus.
707 4206 855 4282 Fuerant
884 4220 997 4281 autem
1030 4215 1166 4301 quidam
1200 4215 1258 4302 qui
1288 4237 1348 4303 pro
1370 4216 1439 4302 epi·

383 4340 480 4406 scopo
515 4317 738 4385 Wintoniensi
769 4317 827 4404 qui
866 4317 1099 4384 Cantuariensi
1125 4317 1260 4384 ecclesia
1296 4318 1439 4391 cantoris

212 4429 364 4526 wera·
383 4422 508 4509 gaudet
544 4418 650 4486 officio
687 4419 876 4507 allegarent.
938 4414 1035 4485 Oum'
1068 4422 1181 4485 autem
1225 4419 1278 4485 his
1323 4419 1440 4486 diebus

383 4521 622 4590 Londoniensia
645 4527 779 4588 vacaret
804 4520 946 4599 ecclesia,
970 4520 1270 4606 mo1tuoejusdem
1296 4521 1440 4588 ecclcsiae

382 4625 534 4713 episcopo
572 4624 630 4711 qui
662 4624 706 4689 ab
737 4622 871 4690 olitanis
905 4622 1107 4709 temporibus
1139 4622 1176 4686 in
1208 4621 1440 4689 Cantuariensi

383 4726 519 4794 ecclesia
549 4726 729 4793 decanatus
760 4724 936 4811 praeminet
969 4724 1143 4812 dignitate,
1174 4724 1321 4792 canonici
1355 4747 1439 4813 pree·
