3666 5724
684 934 688 939 ·
745 914 858 965 orrea
881 904 1093 964 marouwa·
1368 901 1430 961 411

377 1104 580 1190 pugnatione
603 1102 854 1169 (lantuariensis
877 1101 1020 1169 eoelesiae
1043 1121 1149 1167 sermo
1171 1106 1340 1167 consertus
1375 1092 1587 1200 estffiff?

378 1203 464 1270 Cum
487 1203 575 1269 enim
597 1203 835 1290 querimoniam
858 1204 1035 1290 deponeret
1065 1224 1124 1267 rex
1147 1202 1188 1267 de
1222 1199 1434 1287 suspensione
1447 1218 1599 1279 reeompen-

378 1305 494 1371 matiis
527 1328 596 1373 suae
619 1305 867 1373 cantuariensis
900 1305 1053 1380 ecclesiae,
1076 1325 1150 1389 quae
1182 1303 1286 1369 totius
1317 1270 1583 1415 Angli-ffiffl

378 1409 451 1474 cani
474 1408 567 1495 regni
582 1408 689 1494 prima
711 1413 762 1473 est
783 1414 819 1473 et
840 1407 1015 1494 praecipua,
1030 1405 1201 1492 respondit
1223 1404 1436 1490 archiepisco·
1531 1399 1538 1412 ⁶

378 1531 441 1595 pus
463 1509 634 1594 praefatam
661 1508 829 1575 ecelesiam
859 1509 983 1594 absque
1006 1507 1086 1572 sua¹
1117 1507 1315 1574 auctoritate
1337 1504 1436 1570 simul

380 1616 415 1676 et
437 1611 636 1678 conscientia
658 1610 759 1675 fuisse
788 1630 989 1696 suspensam,
1012 1631 1112 1694 seque
1135 1608 1178 1674 ab
1209 1608 1282 1695 ipsa
1303 1607 1436 1693 penitus

380 1710 556 1777 exclusum.
604 1710 782 1776 Asserebat
802 1711 892 1776 enim
915 1709 1058 1776 ecclesiae
1077 1709 1199 1795 januas
1221 1714 1335 1776 contra
1360 1730 1436 1773 eum
1449 1719 1554 1764 Badrin

380 1813 506 1880 clausas
528 1812 628 1878 fuisse
659 1817 694 1877 et
723 1811 899 1891 obseratas,
922 1834 965 1877 ne
998 1811 1062 1876 sibi
1085 1812 1139 1878 vel
1172 1811 1241 1876 suis
1273 1810 1313 1876 de
1344 1815 1437 1875 trans
1449 1770 1606 1864 {trium}

380 1936 470 1980 mare
502 1913 713 1980 venientibus
750 1918 881 1999 pateret
913 1913 1089 1999 ingressus,
1123 1913 1212 1979 unde
1243 1918 1280 1978 et
1312 1870 1572 1978 dominemur.

380 2016 467 2103 regis
488 2015 687 2082 auctoritate
714 2012 883 2100 justitiam
907 2013 971 2078 sibi
994 2013 1036 2079 de
1068 2012 1236 2081 monachis
1259 2013 1330 2079 fieri
1364 2034 1437 2099 pos·

381 2117 512 2195 tulavit,
536 2116 650 2182 volens
672 2121 713 2180 ut
734 2115 886 2201 supprior
907 2135 1008 2180 manu
1031 2114 1122 2202 regia
1153 2120 1193 2180 ut
1214 2114 1437 2180 exeommuni-

381 2224 474 2285 eatus
497 2222 676 2305 caperetur.
723 2216 822 2281 Dixit
843 2220 956 2282 autem
978 2237 1038 2281 rex
1053 2237 1120 2281 nou
1143 2239 1212 2282 ease
1230 2215 1439 2282 consiliosum

381 2324 421 2387 ut
443 2319 542 2385 alicui
576 2315 810 2384 monachorum
844 2338 961 2382 manus
994 2315 1186 2403 imponeret,
1209 2339 1251 2383 ne
1284 2318 1372 2383 forte
1403 2317 1439 2380 in
1452 2322 1609 2419 mm

382 2420 518 2487 ecelesia
539 2418 673 2506 sanguis
695 2416 898 2497 funderetur,
921 2423 956 2482 et
985 2423 1095 2484 essent
1116 2418 1297 2504 posteriora
1328 2419 1441 2504 pejora

381 2520 555 2607 prioribus,
592 2517 755 2604 siquidem
793 2523 960 2583 constaret
990 2517 1175 2595 monachos,
1207 2524 1248 2582 ut
1284 2517 1440 2584 dixerat²

383 2620 625 2698 Bathoniensis,
639 2618 835 2685 auctoritate
850 2617 1029 2704 apostolica
1043 2617 1146 2683 fuisse
1162 2619 1314 2684 munitos
1354 2617 1439 2684 Cum

383 2728 494 2787 autem
518 2726 648 2807 optaret
679 2718 943 2805 archiepiscopus
965 2724 1005 2783 ut
1037 2725 1133 2804 porta
1165 2719 1317 2785 cimiterii
1352 2720 1558 2786 clau-¹³⁸⁸111'1in

383 2822 524 2899 deretur,
547 2843 614 2906 qua
635 2820 706 2886 sola
739 2818 908 2885 monachis
930 2817 1133 2904 martyribus
1167 2819 1327 2886 victualia
1357 2819 1439 2885 fere·
1452 2776 1568 2870 dmg

383 2924 513 3001 bantur,
536 2923 742 2988 subsannans
764 2920 814 2986 ait
836 2919 1086 2985 Bathoniensis:
1110 2919 1167 2986 “O
1190 2941 1290 3005 quam
1321 2878 1513 3007 glorio-'⁸⁰'

385 3032 402 3058 “
426 3046 496 3090 sam
519 3023 712 3089 obtinebitis
734 3020 942 3100 Damascum,
965 3022 993 3086 si
1027 3022 1075 3088 sic
1096 3022 1231 3088 miseros
1265 3023 1441 3090 monachos

386 3133 403 3159 “
427 3124 675 3191 Cantuariensis
713 3122 856 3189 ecclesiae
894 3122 1066 3188 volueritis
1103 3122 1252 3189 obsidere
1265 3123 1297 3188 !’'
1355 3125 1467 3191 Oum‘

384 3227 489 3314 igitur
521 3226 693 3313 quaesisset
726 3246 785 3290 rex
817 3245 838 3290 a
871 3223 1117 3291 considentibus
1155 3225 1322 3312 episcopis,
1360 3226 1442 3312 quid
1454 3238 1599 3293 umnam

385 3349 483 3414 super
505 3327 557 3392 his
588 3331 675 3393 esset
705 3325 963 3414 agendum,th
993 3325 1127 3392 tandem
1161 3327 1204 3392 ab
1237 3327 1285 3392 eis
1315 3289 1590 3434 accepitffieffi·

386 3427 568 3507 consilium,
592 3432 631 3493 ut
652 3427 696 3492 ad
718 3426 886 3493 eeclesiam
910 3426 1183 3493 cantuariensem
1214 3427 1341 3514 aliquos
1372 3429 1442 3494 ido·

386 3551 465 3595 neos
487 3529 637 3595 mitteret
657 3528 802 3606 nuntios,
818 3528 876 3613 qui
898 3527 941 3591 ab
964 3526 1035 3614 ipso
1050 3533 1216 3594 conventu
1239 3536 1344 3596 mutae
1366 3552 1443 3596 cau·

386 3651 456 3696 sam
488 3630 693 3716 inquirerent
724 3627 990 3716 perturbationis.
1035 3629 1160 3695 Videns
1193 3636 1306 3696 autem
1336 3631 1443 3698 archi·

385 3731 562 3817 episcopus
579 3730 676 3816 quod,
692 3751 733 3795 ex
755 3730 904 3795 adventu
925 3729 1118 3797 nuntiorum
1141 3730 1380 3813 cantuariam,³
1400 3754 1444 3798 ex

386 3852 499 3897 eorum
523 3831 711 3897 testimonio
729 3830 800 3916 jam
816 3831 851 3894 in
867 3830 991 3917 palatio
1013 3852 1073 3896 sua
1093 3838 1179 3898 esset
1201 3833 1444 3900 manifestanda

387 3933 542 4011 confusio,
566 3954 631 4018 quo
649 3932 759 4020 magis
784 3952 877 3999 suam
901 3933 1028 3999 velaret
1049 3932 1221 4017 malitiam,
1244 3936 1298 4001 vel
1331 3958 1442 4002 mona
1455 3957 1576 4002 mearen-

388 4033 524 4100 chorum
547 4033 722 4100 innodaret
747 4033 925 4120 justitiam,
947 4035 994 4100 sic
1016 4035 1085 4101 ait:
1107 4036 1187 4102 “De
1210 4043 1282 4105 tota
1313 4044 1443 4104 coutro-
1455 4008 1612 4119 mgb?

389 4144 406 4169 “
432 4135 549 4213 versia,
572 4135 704 4201 domine
735 4136 782 4200 mi
804 4159 872 4216 rex,
896 4158 970 4222 quae
993 4137 1081 4203 inter
1114 4160 1166 4204 me
1201 4145 1237 4205 et
1268 4139 1443 4207 monachos
1455 4108 1605 4211 ffiffin

390 4245 407 4270 “
431 4237 686 4303 cantuarienses
708 4238 859 4319 vertitur,
882 4244 992 4305 vestro
1014 4245 1050 4305 et
1082 4241 1306 4328 episcoporum
1340 4243 1445 4308 totius
1456 4210 1595 4262 ’ΜΨ

392 4348 408 4373 “
432 4339 563 4426 Angliae
586 4345 621 4405 et
643 4340 721 4407 cleri
743 4347 878 4428 paratus
900 4364 974 4406 sum
1000 4342 1074 4408 sisti
1092 4343 1227 4429 judicio.
1273 4346 1310 4411 si
1344 4366 1445 4433 penes

392 4450 408 4476 “
431 4463 483 4506 me
506 4441 560 4506 vel
582 4442 619 4506 in
641 4442 769 4509 modico
791 4443 888 4529 culpa
909 4450 1040 4530 reperta
1061 4446 1169 4525 fuerit,
1184 4448 1232 4513 eis
1246 4449 1445 4515 satisfaciam

394 4590 471 4600 -0
502 4592 593 4599 Ψ..
613 4593 659 4598 ..-.
671 4592 691 4599 .-
1069 4598 1193 4606 *nn-.--
1210 4599 1440 4607 ——-.--.—--

424 4665 504 4732 ¹⁸10]
519 4681 570 4716 om.
582 4667 636 4727 e.;
653 4667 701 4719 ins.
714 4669 744 4721 o.
971 4672 1177 4742 maumas]
1199 4678 1232 4729 a.
1250 4678 1298 4739 Μ
1316 4664 1446 4743 entur,

423 4742 690 4812 weomadus.
940 4752 969 4804 c
