3646 5720
762 904 875 953 orsas
897 902 1090 953 nrsroarca
1394 890 1458 953 221

405 1076 537 1167 Angiiae
552 1081 731 1163 antequam
753 1076 876 1143 rediret
897 1076 934 1141 in
948 1075 1105 1162 Angliam
1127 1096 1195 1140 non
1217 1074 1318 1141 semel
1332 1075 1463 1141 locutus
1478 1082 1634 1197 ntem&

405 1184 465 1255 est,
488 1179 689 1265 tandemque
711 1179 855 1244 reditum
878 1177 1011 1265 paravit
1036 1179 1073 1243 in
1095 1176 1260 1265 Angliam.
1305 1177 1462 1265 Assigna.
1476 1197 1599 1240 ,mmm

405 1285 501 1346 verat
515 1286 627 1346 autem
650 1280 680 1346 ei
695 1302 755 1345 rex
781 1280 935 1346 clericum
965 1281 1139 1366 quendam,
1163 1279 1221 1366 qui
1252 1279 1284 1345 ei
1310 1301 1352 1345 ex
1367 1285 1462 1366 parte

406 1382 532 1448 domini
554 1383 640 1470 regis
662 1383 821 1448 redeundi
844 1382 998 1448 solatium
1020 1382 1190 1470 praeberet.

451 1484 532 1550 Idus
553 1484 763 1573 Septembris,
784 1491 881 1552 nocte
904 1486 1021 1563 media,
1041 1482 1128 1551 duo¹
1148 1485 1292 1572 planetae
1315 1486 1362 1552 sic
1384 1506 1462 1551 oon·
1506 1492 1637 1586 with„

402 1585 501 1673 jungi
521 1587 730 1665 videbantur,
744 1594 784 1652 ut
803 1588 899 1674 quasi
919 1609 987 1653 una
1007 1588 1186 1674 eademque
1206 1587 1303 1653 stella
1321 1587 1464 1652 fuissent
1478 1543 1609 1646 didisse.

405 1684 598 1776 appareret3
630 1690 689 1756 sed
722 1689 798 1757 ilico
832 1690 1019 1757 abinvicem
1053 1690 1196 1777 separati
1229 1696 1317 1757 sunt.
1369 1690 1464 1756 Misit

406 1797 519 1857 autem
536 1779 799 1880 archiepiscopus
821 1792 956 1859 nuntios
980 1814 1055 1859 suos
1077 1794 1115 1859 in
1137 1792 1293 1879 Angliam
1317 1814 1393 1859 cum
1416 1800 1465 1855 lit·

406 1894 481 1961 teris
507 1897 698 1982 patentibus
728 1897 824 1984 regis,
855 1917 936 1982 quas
963 1905 1025 1960 filio
1046 1921 1098 1961 suo
1116 1902 1271 1961 direxerat
1304 1897 1341 1961 in
1375 1895 1467 1963 hunc

409 1998 544 2063 modum
555 2023 563 2064 ε

237 2104 281 2156 W.
293 2101 368 2154 Cant
446 2100 466 2126 “
477 2099 623 2157 Henricns
640 2119 692 2157 rex
708 2099 826 2172 Angliaa
850 2106 880 2157 at
901 2100 961 2157 dux
978 2099 1168 2157 Normanniae
1187 2105 1217 2156 et
1235 2099 1417 2172 Aquitaniae,
1435 2104 1466 2155 et
1479 2109 1627 2155 tehersem

238 2172 255 2223 ἱ·
268 2174 309 2223 ⁷⁸·
410 2183 430 2209 “
448 2200 544 2239 comes
573 2183 762 2256 Andagaviae,
793 2185 951 2241 karissimo
975 2184 1036 2240 filio
1067 2185 1201 2240 salutem.
1242 2183 1349 2240 Sciatis
1387 2182 1465 2256 quod
1478 2160 1625 2258 pppffitp·

409 2268 428 2294 “
447 2266 572 2323 Thomas
593 2266 813 2325 Gantuariensia
836 2286 938 2341 pacem
961 2267 1097 2324 mecum²
1121 2268 1195 2323 fecit
1218 2267 1257 2323 ad
1280 2267 1464 2323 voluntatem
1478 2272 1605 2364 gffgffi·

409 2352 428 2378 ‘⁴
447 2367 555 2416 meam,
574 2356 604 2407 et
620 2351 686 2407 ideo
703 2352 842 2425 praecipio
860 2351 937 2425 quod
955 2352 1016 2423 ipse
1037 2356 1068 2407 et
1088 2351 1135 2406 sui
1157 2368 1260 2423 pocem
1278 2351 1416 2418 habeant,
1435 2358 1466 2407 et

408 2435 427 2461 ‘⁸
448 2433 562 2491 facistis
579 2434 685 2491 habero
703 2435 731 2490 ei
749 2441 778 2491 et
796 2434 866 2501 suis,
882 2436 933 2508 qni
951 2453 1004 2508 pro
1022 2452 1056 2490 eo
1075 2434 1210 2490 exierunt
1227 2435 1265 2490 ab
1277 2435 1399 2506 singlis,
1418 2452 1465 2491 res

408 2517 428 2544 ‘⁸
448 2534 515 2573 suas
541 2516 616 2573 bene
637 2523 667 2574 et
693 2518 725 2573 in
749 2536 820 2591 pace
839 2526 869 2575 et
893 2519 1062 2586 honorifice,
1088 2519 1165 2575 sicut
1186 2518 1353 2575 habuerunt
1370 2519 1466 2574 tribus

409 2601 429 2628 ‘¹
447 2599 598 2658 mensibus
627 2606 785 2673 antequam
812 2603 877 2677 ipae
905 2602 1142 2676 archiepiscopus
1160 2602 1330 2658 recessisset
1346 2603 1383 2658 ab
1405 2601 1467 2657 An·

409 2685 430 2711 “
449 2684 519 2755 glis.
562 2685 602 2741 Et
628 2685 741 2742 faciatis
766 2688 868 2744 venire
893 2704 993 2743 coram
1019 2686 1102 2743 vobis
1133 2686 1169 2742 de
1194 2686 1411 2757 antiquioribus
1435 2690 1466 2740 at

409 2769 430 2795 “
449 2766 640 2839 legadionibus
656 2769 800 2827 militibus
819 2770 854 2827 de
871 2771 982 2827 honora
998 2769 1034 2827 de
1052 2769 1189 2837 aelredo,
1205 2775 1236 2825 at
1252 2785 1354 2825 eorum
1371 2762 1465 2824 sacra·

410 2851 430 2878 “
448 2856 546 2906 mento
563 2850 677 2907 facietis
694 2852 864 2924 recognosci
887 2852 959 2925 quid
980 2852 1022 2909 ibi
1045 2851 1192 2909 habeatnr
1211 2850 1248 2907 de
1266 2850 1353 2907 feudo
1371 2851 1465 2907 archi·

345 2957 350 2965 ·
411 2933 577 3006 “episcopi
604 2932 779 2991 Gantuarim
818 2935 859 2990 Et
884 2935 963 3005 quod
989 2935 1175 3007 recognitum
1199 2934 1292 2991 inerit
1316 2934 1353 2990 de
1378 2933 1466 2990 feudo

412 3018 432 3045 “
451 3014 534 3086 ejus³
551 3033 613 3073 esse
631 3017 689 3089 ipsi
706 3017 922 3091 archiepiscopo
942 3017 1050 3074 habere
1069 3017 1193 3074 faciatis.
1229 3016 1317 3073 Teste
1335 3017 1466 3074 Rotrodo

412 3101 431 3128 “
450 3098 682 3171 Rothomagensi
699 3100 918 3174 archiepiscopo
935 3100 1013 3172 apud
1030 3100 1189 3171 Ghinnm‚’'

453 3184 567 3250 Mense
589 3183 724 3251 Octobri
747 3189 912 3250 venerunt
933 3183 1083 3271 praedicti
1105 3185 1218 3250 nuntii
1241 3185 1276 3249 in
1298 3184 1465 3272 Angliam,
1478 3201 1610 3297 norprpps

377 3292 443 3353 'et
479 3287 777 3375 archiepiscopatus
813 3287 927 3355 domos
964 3288 1085 3355 tractas
1119 3294 1153 3354 et
1186 3310 1318 3367 vacuas,
1348 3288 1621 3407 horreapffim

412 3391 578 3468 demolita,
615 3395 720 3456 terras
758 3389 901 3456 incultas
939 3396 973 3456 et
1011 3391 1112 3457 silvas
1146 3392 1287 3459 succisas
1318 3386 1632 3500 Sffsoepe'ffltffid

409 3498 498 3559 runt.
552 3492 680 3558 Audito
718 3491 840 3558 etenim
880 3514 1011 3559 rumore
1048 3493 1239 3571 concordiae,
1277 3494 1465 3559 Randulfus
1478 3505 1609 3602 gglffislr

409 3595 466 3660 iile
496 3599 712 3681 cognomento
734 3594 789 3660 del
811 3593 919 3673 Broc*
940 3596 1034 3681 quasi
1064 3601 1142 3661 ante
1168 3594 1273 3662 nichil
1302 3596 1380 3661 mali
1406 3597 1467 3665 ⁴vel

409 3718 527 3784 parum
561 3697 700 3775 fecisset,
723 3696 835 3763 omnia
865 3696 1046 3764 distrahere
1069 3703 1104 3763 et
1125 3703 1257 3764 vastare
1277 3697 1465 3765 festinabat.

238 3790 380 3844 W·⁰⁸¹¹i·'
410 3798 686 3887 Archiepiscopus
723 3820 854 3886 quoque
893 3807 1084 3873 Rborecensis
1114 3804 1159 3880 etj
1187 3805 1359 3864 Gilebertus
1389 3807 1465 3863 Lon·
1478 3815 1626 3863 rosaem-

237 3857 264 3910 ii.
275 3863 301 3909 2.
1477 3868 1614 3914 municated

409 3909 558 3968 doniensis
592 3907 627 3967 et
658 3908 811 3967 Jocelinus
852 3907 1090 3979 Ssrasbariensis,
1121 3899 1365 3988 plaeteritorum
1395 3923 1465 3968 ma·
1518 3918 1599 4013 dbia

409 4001 516 4068 lorum
547 4004 742 4081 incentores,
764 4002 806 4068 de
840 4022 920 4088 pace
952 4000 1038 4067 inita
1068 4001 1264 4079 contristati,
1296 4001 1465 4070 associatis
1476 4021 1618 4114 wi*

408 4106 473 4171 sibi
489 4113 631 4172 Gervaaio
653 4104 830 4182 vicecomite
854 4103 992 4181 Cantiae,
1016 4112 1182 4185 Reginaldo
1197 4110 1235 4167 de
1261 4112 1408 4169 Waranua
1429 4113 1465 4173 et
1535 4161 1540 4169 .
1584 4172 1589 4179 ,

303 4250 307 4255 ·
408 4208 566 4294 praedicto
589 4216 738 4273 Randulso
761 4217 809 4272 del
828 4216 913 4282 Broc,
936 4205 1046 4272 nescio
1079 4206 1160 4291 quid
1182 4229 1307 4294 novum
1343 4210 1464 4274 facturi

407 4309 588 4376 Dovoriam
623 4309 799 4396 petierunt.
851 4307 949 4388 Quod
986 4329 1062 4373 cum
1099 4307 1370 4398 archiepiscopus,
1406 4312 1463 4397 qui

403 4412 475 4498 jam
510 4411 721 4478 Witsandum
751 4416 897 4488 venerat,
926 4410 1124 4498 agnovisset,
1157 4413 1318 4497 praemisit
1348 4423 1463 4501 suppel-

440 4693 522 4763 ¹dao]
537 4695 601 4756 duoe,
612 4682 642 4746 C.
929 4688 936 4825 Ι
990 4690 1212 4759 ⁸ar0tiepoocpi.
1229 4731 1236 4745 .
1254 4731 1261 4745 .
1276 4695 1346 4762 ejus]
1360 4710 1411 4746 om.
1423 4695 1455 4747 B.

438 4772 563 4841 9ιωιοιηιπι]
578 4771 725 4833 merome.
989 4768 1349 4838 ⁴delaroe1delssroke,c.
