3628 5728
750 894 863 944 orme
885 892 1076 944 ursroarca
1369 880 1434 946 449

381 1092 492 1174 egeret
520 1087 750 1154 misericordia
813 1086 879 1167 Qui
917 1107 992 1151 cum
1026 1086 1070 1152 ad
1100 1107 1175 1151 eum
1206 1087 1267 1151 vix
1297 1085 1433 1151 tandem
1462 1101 1518 1147 an.
1527 1104 1586 1148 nu.

381 1188 637 1255 admitterentur
662 1194 697 1255 et
727 1188 874 1255 dicerent
904 1188 992 1253 inter
1022 1192 1149 1265 caetera,
1176 1189 1265 1273 quod
1291 1210 1432 1255 conven-
1446 1154 1584 1256 radulti.

381 1297 437 1358 tus
459 1292 620 1359 salutaret
639 1315 715 1359 eum
739 1298 780 1358 ut
803 1291 983 1368 dominum,
1008 1291 1093 1357 acsi
1116 1292 1349 1358 contumeliam
1374 1314 1434 1358 au·
1446 1263 1567 1358 iillt‘
1505 1263 1583 1316 ΜΒ

381 1395 592 1472 dissensum
621 1391 739 1461 acerba
763 1393 992 1480 indignatione
1022 1393 1211 1479 respondit:
1244 1376 1470 1459 ‘Dominusm
1445 1365 1535 1408 monn.

382 1504 535 1562 “eorum
558 1496 617 1575 fui,
639 1519 713 1562 sum
740 1502 775 1562 et
804 1517 867 1575 ero,
891 1495 972 1560 mali
994 1495 1185 1581 proditores,
1247 1495 1313 1561 Sed
1343 1497 1433 1562 abite

383 1599 575 1678 “velocius
605 1621 681 1679 cum
718 1599 800 1666 meis
837 1598 926 1665 enim
959 1598 1076 1683 loquar
1109 1597 1289 1663 fidelibus.”
1343 1598 1434 1664 Dum

382 1702 486 1789 igitur
506 1702 695 1769 secederent
717 1701 879 1779 monachi,
893 1723 980 1767 unus
1002 1723 1044 1766 ex
1067 1700 1115 1766 eis
1138 1723 1181 1767 ex
1196 1700 1315 1766 intimo
1338 1701 1434 1767 corde

382 1803 517 1870 trahens
553 1805 696 1892 suspiria
717 1806 871 1873 dicebat:
902 1803 1159 1891 “Omnipotens
1183 1803 1346 1869 Dominus
1376 1825 1435 1889 per

382 1914 400 1942 “
423 1906 526 1973 Suam
556 1892 756 1975 ineffabilem
781 1906 1040 1974 misericordiam
1064 1912 1100 1972 et
1114 1927 1173 1993 per
1199 1908 1319 1972 merita
1343 1906 1434 1972 beati

383 2019 399 2046 “
422 2010 557 2077 'l'homae
579 2013 745 2098 martyris,
768 2012 796 2077 si
819 2012 892 2076 vita
916 2010 1019 2098 ipsius
1041 2010 1096 2076 vel
1118 2009 1227 2096 passio
1243 2008 1284 2074 Ei
1299 2008 1434 2096 placuit,

382 2122 399 2148 “
422 2114 517 2180 nobis
550 2114 591 2180 de
625 2119 684 2180 tuo
716 2135 848 2201 corpore
870 2113 906 2179 in
928 2113 1080 2199 proximo
1106 2111 1275 2198 justitiam
1307 2111 1434 2177 faeiat.’'

382 2217 456 2283 Rex
477 2223 598 2295 autem,
621 2240 681 2305 pro
703 2216 903 2284 contumelia
924 2214 1093 2282 monachis
1116 2214 1211 2283 illata
1241 2237 1262 2280 a
1291 2214 1434 2301 quodam

382 2319 499 2387 clerico
520 2325 699 2407 correptus,
719 2320 850 2385 litteras
879 2318 951 2384 fieri
974 2317 1132 2405 prmcopit
1154 2319 1333 2385 conventui
1356 2317 1435 2383 diri·

382 2422 514 2510 gendas,
537 2428 572 2488 et
594 2444 697 2508 usque
719 2423 763 2488 ad
784 2422 967 2487 adventum
989 2442 1085 2486 suum
1107 2421 1144 2485 in
1166 2420 1323 2507 Angliam
1347 2417 1434 2485 Can-

382 2525 558 2591 tuariensis
581 2524 723 2591 eoclesiae
746 2523 878 2590 distulit
899 2524 1077 2611 negotium
1124 2522 1199 2608 lpse
1221 2544 1300 2588 vero
1322 2523 1433 2587 incon-
1447 2538 1485 2632 ¹³1⁰
1486 2539 1572 2591 nrru

383 2628 505 2693 tinenti
537 2649 708 2715 percussus
742 2626 906 2713 expalluit
937 2632 972 2693 et
957 2625 1182 2693 tdissolutus
1205 2630 1255 2691 est
1288 2633 1323 2691 et
1349 2590 1463 2690 maled
1447 2639 1536 2683 οωηοη
1471 2592 1544 2688 ⁸⁸.t

383 2730 536 2797 interiit¹
559 2729 619 2796 fico
636 2752 740 2797 nonas
753 2730 838 2797 Julii
861 2731 950 2817 apud
966 2727 1122 2806 Ohinum,
1137 2734 1172 2794 et
1189 2729 1279 2815 apud
1294 2691 1504 2793 Memno

383 2833 532 2907 Ebraudi
554 2832 785 2899 miserabiliter
806 2831 956 2918 sepultus
979 2836 1037 2910 est,
1052 2837 1093 2896 ut
1107 2852 1175 2918 prae
1197 2831 1322 2916 pudore
1344 2831 1435 2917 regio

384 2941 502 3001 caetcra
523 2940 706 3015 taceantur
751 2934 862 3002 Male
853 2954 989 3020 mquam
1012 2933 1149 3011 interiit,
1165 2940 1204 2997 ut
1226 2931 1436 3019 propheticus

383 3038 440 3104 ille
462 3038 644 3106 versiculus
665 3039 764 3105 beato
786 3038 922 3103 Thomae
948 3038 1089 3123 martyri
1112 3037 1275 3101 divinitus
1297 3035 1436 3122 inspira-

384 3146 440 3207 tus
462 3140 664 3229 impleretur.
710 3138 796 3208 Cum
818 3141 907 3207 enim
934 3139 1077 3206 Sanctus
1099 3137 1241 3205 Thomas
1263 3161 1306 3205 ex
1328 3160 1436 3226 perse·

384 3243 548 3310 cutione
539 3243 642 3331 rpsius
664 3244 751 3331 regis
773 3243 931 3320 exularet,
947 3246 982 3307 et
1004 3241 1085 3328 quid
1107 3242 1147 3308 de
1170 3246 1265 3307 tanto
1287 3262 1436 3329 persecu·
1449 3266 1556 3311 rurum
1556 3266 1584 3310 nt

385 3351 456 3412 tore
479 3346 621 3411 eeclesiae
644 3350 679 3411 et
700 3345 826 3410 filiise
809 3345 880 3431 ejus
909 3343 1059 3409 futurum
1082 3348 1167 3409 esset
1189 3348 1300 3409 mente
1323 3329 1510 3411 sedulaloc
1449 3319 1495 3361 ⁰¹
1480 3329 1587 3413 Ἧι

385 3451 609 3533 pertractaret,
631 3446 812 3512 versiculus
834 3446 898 3511 iste
920 3444 1070 3512 incidit
1060 3466 1097 3509 m
1119 3445 1296 3512 mentem
1287 3445 1399 3531 rpsius,
1448 3371 1587 3513 ἳῖιῖίιιιι.011

409 3574 524 3641 ‘Mors
546 3574 627 3641 tulit
649 3596 716 3640 una
739 3575 829 3652 duos,
852 3572 932 3640 tulit
953 3573 1059 3640 altera
1080 3574 1137 3639 sed
1160 3573 1245 3639 male
1267 3572 1422 3660 patremf'

386 3700 551 3766 Henricus
574 3699 696 3766 etenim
719 3699 958 3786 primogenitus
980 3699 1060 3784 ejus
1080 3704 1115 3765 et
1137 3698 1316 3765 (laufridus
1331 3720 1437 3766 eomes

386 3793 579 3881 Britannice,
601 3808 740 3888 uterque
772 3801 990 3868 dissenteria‘
1022 3802 1113 3880 obiit,
1139 3803 1197 3868 sed
1226 3807 1322 3889 pater
1351 3803 1439 3867 infra

387 3907 565 3993 septimum
588 3904 675 3970 diem
697 3909 774 3990 post
788 3904 1056 3990 imprecationem
1071 3903 1223 3970 monachi
1243 3903 1330 3971 male
1352 3927 1438 3971 mor-

388 4014 467 4076 tuus
482 4014 517 4075 et
530 4007 747 4096 ignominiose
769 4007 919 4093 sepultus
942 4013 1000 4072 est.
1047 4006 1201 4073 Monachi
1224 4014 1335 4074 autem
1352 4007 1437 4075 Can·

387 4112 530 4177 tuariam
562 4109 737 4176 redeuntes
767 4108 828 4175 has
860 4109 989 4176 litteras
1020 4109 1155 4175 ultimas
1187 4109 1323 4177 Henrici
1353 4111 1439 4198 regis

386 4214 565 4299 concentui
585 4216 823 4300 porrexerunt:

423 4513 508 4564 ¹male
518 4513 628 4579 interiit]
643 4514 714 4564 Here
725 4512 783 4566 MS.
795 4512 825 4564 C.
836 4528 895 4577 pro-
940 4514 956 4540 “
973 4517 1063 4561 tuntur
1086 4511 1118 4560 de
1140 4517 1221 4562 morte
1243 4511 1312 4576 regis
1334 4512 1441 4563 Henriei

390 4595 464 4644 oeeds
473 4604 499 4644 at
506 4591 636 4645 oncewith
642 4592 685 4642 the
692 4592 907 4661 lettanomltting·
941 4599 958 4625 ‘⁰
974 4608 1031 4659 quoe
1041 4592 1067 4644 in
1079 4592 1135 4643 aliis
1145 4592 1215 4643 libris
1226 4594 1376 4645 habentur.''

391 4674 435 4723 tho
450 4671 611 4739 intervening
622 4671 774 4732 mdexiouar
791 4671 896 4722 themis
975 4672 1155 4739 wismaria]
1168 4673 1325 4733 diaaentoris,
1336 4674 1367 4725 Β.

390 4768 407 4803 ιι
415 4751 542 4817 marginal
547 4749 693 4812 nme3“Hic
701 4751 816 4816 quedam
823 4749 897 4801 omit·
1273 4756 1276 4765 ¹

478 4829 539 4874 ΔΜ.
1249 4850 1270 4897 F
1285 4850 1306 4897 F
