3666 5724
412 887 477 951 362
622 902 783 998 usurasu
806 897 965 951 norsum
988 895 1262 950 murmurarem

260 1096 379 1141 annu.
414 1087 434 1112 “
452 1085 614 1142 honestatis
632 1091 664 1141 et
680 1085 816 1150 nominis,
834 1092 915 1142 tanto
938 1086 1064 1158 amplius
1090 1090 1150 1140 ture
1176 1083 1342 1140 detrahitur
1367 1085 1464 1155 gravi.

242 1146 303 1254 did
329 1220 358 1262 ps
414 1171 433 1196 “
452 1170 508 1224 Μ
520 1169 545 1225 ⁸5
564 1169 679 1240 qussndO
697 1169 864 1240 &metalium
878 1168 1005 1241 jussioni
1023 1168 1145 1233 resistis,
1159 1166 1206 1224 cui
1226 1167 1335 1223 teneris
1352 1167 1385 1222 in
1403 1184 1463 1222 om·

241 1272 293 1303 nou
309 1272 347 1303 en
414 1254 433 1277 “
453 1251 537 1308 uibus
555 1258 669 1323 promta
686 1251 841 1308 devotione
858 1251 981 1308 deferre.
1018 1251 1092 1307 Cum
1110 1250 1189 1305 euim
1208 1267 1261 1321 per
1279 1249 1337 1305 alia
1354 1250 1465 1320 scripta

241 1310 381 1413 fflfflop
414 1333 507 1388 “tibi
533 1333 702 1389 dederimus
730 1335 760 1389 in
788 1334 943 1398 mandatis,
973 1340 1006 1389 ut
1029 1334 1055 1389 si
1080 1332 1151 1404 quid
1175 1333 1253 1387 circa
1276 1336 1386 1388 statum
1418 1350 1462 1387 ec-

242 1409 400 1504 ssyourlgffi
413 1419 432 1445 “
452 1417 547 1472 clesioe
565 1424 624 1474 tuas
642 1419 674 1472 in
692 1419 824 1491 personis
841 1419 888 1473 vel
906 1419 992 1473 rebus
1011 1418 1042 1471 iu
1063 1416 1269 1488 prejudicium
1288 1415 1463 1471 dilectorum

242 1513 387 1564 contumary.
413 1502 432 1526 “
452 1499 578 1555 filiorum
596 1506 760 1556 nostrorum
779 1502 886 1571 prioris
904 1505 935 1555 et
952 1502 1077 1555 fratrum
1090 1497 1222 1571 ejusdem
1241 1498 1380 1563 ecclesiae,
1396 1502 1462 1569 post

412 1584 676 1655 “appellationem
700 1586 737 1641 ab
760 1585 834 1656 ipsis
864 1583 902 1638 ad
928 1602 983 1639 uos
1007 1582 1217 1654 interpositam,
1239 1582 1288 1637 vel
1309 1586 1463 1654 postquam

412 1670 431 1694 “
450 1666 530 1722 idem
548 1668 629 1740 prior
646 1686 713 1723 cum
732 1667 904 1739 quibusdam
922 1668 1047 1722 fratrum
1066 1683 1186 1721 suorum
1205 1666 1263 1721 iter
1283 1666 1409 1736 erripuit
1426 1665 1463 1720 ad

411 1753 430 1778 ‘⁶
450 1751 547 1806 sedem
564 1752 755 1824 apostolicam
773 1750 919 1815 veniendi,
940 1750 1043 1815 fecisti,
1064 1750 1095 1803 in
1114 1755 1225 1805 statum
1242 1748 1399 1821 pristinum
1419 1767 1462 1804 re·

411 1838 430 1860 “
452 1852 580 1899 vocares,
601 1851 659 1888 uon
677 1834 740 1890 siue
762 1835 874 1889 ratione
899 1834 1041 1888 miramur
1059 1832 1145 1903 quod,
1166 1833 1243 1888 sicut
1270 1832 1353 1888 uobis
1381 1832 1463 1886 innc-

411 1922 430 1944 “
448 1919 517 1984 tuit,
537 1916 706 1972 mandatum
732 1922 862 1972 nostrum
889 1916 993 1987 exequi
1018 1915 1149 1978 noluisti,
1169 1933 1237 1970 cum
1261 1933 1318 1970 non
1344 1915 1463 1986 ignores

411 2003 430 2027 ‘⁶
451 2000 596 2071 quomodo
621 2004 651 2054 et
668 1999 701 2053 hi
719 1999 770 2071 qui
788 1998 935 2071 appellant
952 2002 983 2053 et
1001 1998 1053 2070 qui
1073 1995 1110 2051 ad
1129 1998 1289 2053 Romanam
1309 1998 1462 2053 ecclesiam

411 2086 430 2110 ‘⁴
449 2084 580 2149 veniunt,
599 2082 692 2138 donec
710 2082 746 2139 de
764 2082 961 2138 controversia
979 2086 1183 2153 cognoscatur,
1204 2081 1318 2136 nullum
1341 2082 1387 2136 sui
1405 2088 1461 2136 sta·

411 2170 430 2193 “
450 2171 499 2221 tus
525 2166 634 2221 sentire
661 2166 785 2222 debeant
811 2164 1029 2221 detrimentum.
1067 2164 1228 2221 Credentes
1257 2172 1355 2221 autem
1385 2165 1463 2237 quod

412 2253 431 2277 “
451 2251 505 2305 hac
522 2249 586 2305 vice
604 2250 700 2305 facere
718 2250 824 2305 debeas
847 2249 924 2321 quod
942 2250 1082 2304 hacteuus
1100 2248 1266 2321 neglexisti,
1285 2250 1463 2304 fraternitati

413 2336 432 2360 “
452 2341 510 2389 ture
535 2351 587 2404 per
612 2332 718 2388 iterata
743 2333 852 2404 scripta
877 2332 1048 2388 mandamus
1072 2337 1102 2387 et
1128 2332 1259 2389 districte
1277 2332 1463 2405 precipimus

244 2415 369 2460 ¹1⁰0rtl0¹⁸
413 2419 431 2444 ‘⁸
452 2415 589 2487 quatinus
616 2415 754 2488 quicquid
781 2416 859 2471 circa
884 2420 994 2470 statum
1024 2416 1131 2487 prioris
1161 2423 1191 2470 et
1220 2416 1342 2471 fratrum
1370 2416 1462 2488 ipsius

268 2570 272 2577 ι
415 2501 434 2526 “
453 2499 583 2555 ecclesiae
608 2500 639 2554 in
657 2499 789 2571 personis
806 2501 853 2555 vel
876 2499 963 2555 rebus
986 2498 1018 2553 in
1037 2517 1137 2554 eorum
1162 2499 1367 2571 praejudicium
1386 2519 1461 2555 uom-

243 2620 295 2667 μη
339 2618 344 2628 ·
415 2587 433 2611 ‘¹
453 2582 562 2638 misisti
582 2588 735 2654 postquam
758 2583 796 2638 ad
825 2601 879 2638 nos
904 2582 1098 2654 appellarunt,
1125 2583 1171 2637 vel
1202 2588 1356 2654 postquam
1383 2583 1461 2639 idem

326 2667 331 2678 ‘
415 2669 433 2693 ‘⁴
454 2667 532 2738 prior
551 2666 716 2739 etquidem
735 2666 770 2721 de
789 2666 848 2722 suis
866 2666 1000 2738 aggressi
1018 2670 1087 2720 sunt
1108 2667 1166 2720 iter
1189 2666 1227 2721 ad
1243 2684 1297 2722 nos
1315 2666 1461 2730 veniendi,

387 2798 393 2811 .
415 2750 593 2806 “dilatione
612 2756 643 2806 et
659 2749 855 2823 appellatione
873 2749 1035 2821 postposita
1052 2749 1084 2803 in
1103 2755 1213 2805 statum
1237 2750 1393 2822 pristinum
1417 2769 1462 2806 re·

411 2832 556 2889 “ducere
579 2851 640 2889 non
660 2838 823 2905 postponas,
842 2850 947 2904 eosque
972 2832 1003 2887 iu
1026 2832 1158 2905 personis
1182 2833 1228 2887 rel
1253 2833 1339 2888 rebus
1362 2840 1463 2889 contra

410 2919 430 2943 ‘⁴
446 2915 523 2987 juris
541 2916 674 2972 ordinem
692 2915 807 2972 desinas
831 2915 935 2972 amodo
960 2915 1095 2987 fatigare.
1134 2914 1167 2970 si
1185 2933 1252 2972 vero
1271 2916 1302 2971 id
1321 2917 1399 2971 infra
1415 2935 1461 2972 xv.

411 3000 431 3025 ‘⁸
450 2997 512 3055 dies
530 3005 599 3072 post
616 3000 720 3054 harum
738 2999 952 3070 susceptionem
969 3017 1028 3054 non
1050 2998 1230 3070 expleverim
1255 2998 1371 3056 dilectis
1394 3000 1464 3056 filiis

412 3086 431 3111 “
451 3085 560 3140 uostris
585 3085 623 3140 de
648 3084 741 3148 Bello,
761 3083 797 3139 de
823 3083 1002 3138 Fauresham
1026 3088 1057 3139 et
1081 3083 1181 3139 Sancti
1205 3083 1366 3155 Augustini
1389 3084 1464 3141 Gan-

412 3168 430 3192 “
451 3166 555 3221 tuarise
580 3166 733 3223 abbatibus
759 3165 790 3220 id
814 3165 1009 3238 appellatione
1037 3172 1150 3222 remota
1173 3166 1374 3223 commisimus
1398 3186 1463 3223 exe·

413 3251 431 3276 ‘⁴
450 3248 615 3320 quendum
634 3250 677 3305 ita
689 3255 723 3305 ut
740 3249 767 3306 si
788 3266 889 3305 omnes
907 3250 954 3306 his
966 3249 1141 3321 exequendis
1157 3250 1299 3307 iuteresse
1316 3251 1464 3307 noluerint

412 3335 431 3360 ‘⁴
450 3333 499 3388 vel
516 3332 708 3406 nequiverint,
727 3332 785 3389 duc
803 3349 840 3388 ex
860 3332 931 3405 ipsis
948 3351 984 3389 ea
1001 3332 1210 3390 nichilominus
1228 3335 1436 3408 exequantur.”

454 3415 642 3483 Abbatibus
675 3438 804 3503 quoque
838 3416 946 3482 tribus
979 3439 1060 3503 quos
1094 3418 1274 3504 supradicti
1312 3418 1462 3486 mandati

409 3517 534 3585 fecerat
555 3525 745 3586 executores
766 3518 822 3584 hio
839 3519 854 3604 j
933 3518 1076 3585 secundo
1096 3520 1211 3585 scribit
1232 3520 1364 3586 dicens:

242 3626 399 3672 maurorum
448 3622 469 3645 ⁴⁴
483 3617 635 3676 Urbanus¹
655 3621 815 3693 episcopus,
834 3637 937 3674 servus
955 3637 1103 3676 servorum
1125 3620 1189 3686 Dei,
1208 3620 1323 3676 dilectis
1342 3621 1410 3678 filiis
1428 3622 1464 3678 de

242 3676 399 3772 {fiam
413 3706 433 3731 ‘⁶
453 3704 544 3770 seso,
565 3704 601 3760 ee
619 3704 798 3761 rauranum
816 3709 846 3758 a
871 3703 971 3760 sance
988 3703 1156 3775 samsom
1170 3704 1333 3760 cantuaria
1354 3705 1465 3760 aemu-

240 3777 387 3874 ffltffifw
413 3789 433 3815 ‘⁴
453 3789 507 3844 bus
525 3782 649 3845 salutem
667 3794 697 3844 et
715 3787 904 3860 apostolicam
920 3786 1160 3843 benedictionem.
1199 3788 1295 3843 Grave
1306 3788 1464 3844 admodum

242 3879 353 3924 forestae
414 3873 433 3898 ‘⁴
452 3873 585 3942 gerimus
603 3878 633 3928 et
650 3871 808 3928 molestum
826 3871 905 3943 quod
922 3870 1096 3926 venerabilis
1115 3871 1207 3926 frater
1225 3878 1322 3928 noster
1340 3873 1464 3928 Cantus·

240 3932 358 4031 ffiffi„
414 3956 433 3981 “
452 3955 557 4013 rieueis
582 3956 818 4027 archiepiscopus
842 3959 873 4010 et
896 3954 1062 4026 apostolicae
1086 3954 1164 4010 sedis
1188 3956 1301 4026 legatus
1325 3955 1464 4013 adversus

413 4040 433 4065 “
452 4039 574 4097 dilectos
592 4040 668 4096 filios
686 4044 802 4095 nostros
826 4038 955 4110 priorem
980 4042 1011 4093 et
1028 4038 1133 4094 fratres
1157 4056 1224 4094 suos
1248 4046 1314 4111 post
1338 4041 1464 4112 appella·

413 4119 432 4149 “
450 4122 571 4191 tionem,
584 4123 750 4180 reverentia
767 4121 844 4178 sedis
861 4121 1027 4193 apostolica
1044 4122 1249 4191 praetermissa,
1268 4123 1464 4191 commiserat,

412 4213 432 4240 ⁸⁸
451 4225 506 4265 neo
531 4206 569 4263 ad
591 4205 762 4261 mandatum
779 4210 914 4260 nostrum
932 4220 985 4258 nec
1006 4204 1044 4258 ad
1061 4204 1317 4265 commonitionem
1335 4212 1464 4262 vestram

412 4296 432 4321 “
451 4291 554 4355 voluit,
567 4288 833 4359 sicutaooepimue,
845 4300 991 4343 revocare.
1030 4285 1113 4355 Quod
1133 4291 1231 4343 autam
1249 4287 1282 4342 in
1294 4290 1463 4345 executione

410 4382 430 4407 '‘
449 4374 582 4433 mandati
600 4373 678 4445 quod
701 4390 788 4443 super
811 4372 867 4428 hoc
892 4370 976 4427 vobis
1000 4370 1144 4438 dedimus,
1164 4371 1234 4429 licet
1256 4371 1343 4429 nimis
1366 4374 1464 4446 tepide

410 4466 429 4490 “
450 4458 640 4534 processistis,
664 4461 782 4529 gratim
810 4455 895 4512 uobis
920 4460 975 4522 est,
1001 4455 1053 4511 sed
1077 4457 1172 4511 multo
1198 4457 1314 4527 gratius
1335 4462 1416 4514 'esset
1438 4457 1464 4513 si

444 4713 598 4780 ι(Ινόανυιή
630 4713 677 4764 See
699 4710 821 4777 Epistola
844 4712 911 4764 Cau·
959 4709 1041 4761 where
1059 4709 1103 4761 the
1120 4710 1459 4777 dateiagireu“Verouu,

410 4794 561 4849 tuariemes,
578 4793 627 4843 No.
645 4790 718 4853 xliii,
736 4797 779 4854 pp.
798 4795 840 4852 36,
858 4793 909 4850 ³⁷3
961 4794 977 4819 ⁴⁸
995 4789 1113 4840 rii⁰idus
1124 4788 1214 4842 Maii.”
