3572 5744
270 1079 407 1124 Proollrom

270 1130 312 1173 the
321 1131 390 1175 fliete

268 1182 293 1224 ol
301 1181 324 1225 8.
333 1142 417 1225 Dan³⁸³¹

269 1237 330 1275 mn.

439 853 483 927 70
642 874 803 923 osavssu
825 871 986 933 aculem
1009 872 1282 925 cerrusmsrsrs

438 1063 526 1128 “ibi
557 1068 638 1128 tunc
671 1062 828 1149 temporis
861 1066 941 1139 erat,
974 1084 1089 1129 versus
1124 1062 1249 1128 Sedulii
1284 1061 1425 1148 psallens
1461 1068 1496 1127 et

439 1174 456 1200 “
479 1165 600 1242 dicens,
623 1165 823 1232 ‘Cantemus
846 1164 999 1242 Domino,
1021 1165 1125 1242 sociae,
1148 1170 1317 1230 cantemus
1339 1164 1495 1240 honores‚’

440 1276 458 1301 “
481 1274 540 1332 etc,
586 1267 628 1332 In
650 1266 711 1333 hac
733 1272 829 1333 tanta
850 1273 885 1332 et
915 1272 984 1332 tam
1013 1267 1159 1353 jocunda
1188 1267 1317 1331 unitate
1347 1266 1497 1331 solebant

440 1378 456 1403 “
480 1369 712 1457 archiepiscopi
735 1367 987 1434 cantuarienses
1009 1368 1176 1435 ecclesiam
1201 1368 1301 1445 illam,
1324 1374 1364 1433 ut
1392 1367 1495 1432 filiam
1542 1390 1546 1397 ⁴

439 1481 456 1506 “
478 1472 753 1560 specialissimam,
791 1472 1046 1559 possessionibus
1083 1473 1201 1559 amplis
1241 1473 1355 1549 ditare,
1401 1494 1495 1537 orna·

438 1576 599 1640 “mentis
626 1574 726 1639 variis
757 1574 917 1651 decorare,
940 1574 1158 1661 dignitatibus
1188 1596 1315 1661 augere,
1337 1574 1428 1639 intus
1461 1578 1497 1638 et

438 1685 454 1710 “
478 1683 573 1742 extra
595 1682 709 1742 contra
739 1697 851 1740 omnes
876 1675 1013 1762 injurias
1036 1676 1288 1763 malignantium
1312 1674 1493 1740 defendere.

325 1788 412 1872 “¹¹30
438 1778 544 1843 “Sed
578 1799 667 1843 nunc
700 1777 799 1842 matri
831 1798 902 1842 suae
935 1776 1021 1842 hanc
1053 1777 1233 1843 mercedem
1264 1775 1426 1851 retribuit,
1456 1760 1496 1840 ut

269 1940 292 1972 m
328 1890 341 1922 ⁰
402 1961 408 1973 .
438 1888 455 1913 “
479 1902 549 1944 eam
585 1879 668 1944 velit
700 1878 763 1943 sub
796 1877 935 1964 pedibus
968 1878 1036 1942 suis
1070 1877 1266 1944 conculcare.
1325 1877 1495 1957 Quomodo

438 1990 454 2014 “
478 1986 589 2045 autem
624 1980 677 2044 vel
710 1979 829 2065 quibus
864 1978 905 2044 de
939 1979 1053 2056 causis,
1088 1980 1142 2044 vel
1175 1978 1262 2044 unde
1296 1978 1383 2045 haec·
1400 1984 1495 2044 tanta

437 2092 453 2117 ‘⁴
477 2082 605 2148 malitia
642 2080 776 2146 initium
812 2080 863 2145 vel
902 2081 1142 2147 incrementum
1176 2081 1361 2168 sumpserit,
1395 2102 1494 2167 quam

436 2195 453 2221 “
476 2185 609 2251 brevius
631 2187 746 2270 potero
768 2182 937 2248 intimabo.

481 2295 497 2320 “
522 2287 693 2371 Regnante
716 2306 791 2371 rege
808 2283 975 2350 Willelmo
998 2285 1113 2372 primo,
1136 2284 1193 2370 qui
1215 2284 1315 2349 arinis
1338 2284 1493 2372 Angliam
1543 2352 1549 2360 ,
1616 2295 1627 2308 “’

436 2396 452 2419 “
476 2387 665 2473 adquisivit,
698 2386 800 2473 coepit
829 2386 965 2452 eeclesia
1002 2386 1182 2473 dignitates
1207 2407 1283 2451 suas
1320 2386 1493 2452 dediscere.

299 2502 303 2510 '
325 2501 329 2511 '
405 2500 451 2545 0⁴⁴
477 2490 564 2555 Nam
580 2490 667 2555 idem
683 2511 742 2554 rex
759 2487 953 2566 willelmus,
967 2511 1069 2576 regno
1084 2487 1289 2565 sublimatus,
1305 2493 1373 2553 tam
1395 2487 1494 2554 eccle·

266 2614 304 2694 ⁸3„
331 2563 398 2696 Ὗ
435 2601 452 2626 “
474 2592 606 2657 siasties
624 2591 702 2677 jura
722 2612 821 2677 quam
843 2590 1002 2656 secularia
1022 2590 1085 2655 sibi
1108 2590 1290 2677 usmpavit,
1312 2589 1494 2656 secerdotes

296 2702 302 2745 i
365 2735 371 2747 ·
436 2702 452 2727 ¹⁴
476 2699 510 2758 et
525 2692 674 2759 eeclesiae
697 2692 867 2780 oppressit,
883 2694 1049 2780 episcopos
1065 2692 1226 2779 deposuit,
1242 2698 1277 2757 et
1291 2714 1372 2778 quos
1387 2692 1494 2757 voluit

435 2805 452 2831 “
474 2796 668 2883 supposuit3
692 2795 788 2872 unde,
820 2795 981 2882 Stigando
1004 2795 1061 2880 qui
1084 2794 1191 2859 multa
1213 2793 1356 2860 ecelesiae
1379 2793 1493 2860 Sancti

434 2908 451 2933 “
474 2898 654 2984 Augustini
685 2897 844 2962 beneficia
881 2896 1023 2963 contulit
1053 2896 1253 2962 incarcerato
1283 2901 1318 2961 et
1355 2892 1492 2974 mortuo,

434 3009 450 3034 ‘⁴
475 2999 689 3066 Lamfrancus
701 2998 914 3064 Cadomensis
929 2999 1039 3076 abbas,
1056 2998 1108 3063 vir
1122 2998 1299 3064 admodum
1314 2999 1444 3086 sapiens
1459 3006 1494 3064 et

434 3112 450 3135 “
474 3102 650 3178 litteratus,
666 3101 827 3167 successit.
874 3101 940 3167 Hic
954 3122 1054 3188 quam
1077 3123 1171 3167 carim
1193 3121 1288 3188 papae
1303 3101 1493 3167 Alexandro
1624 3144 1628 3151 -

434 3213 451 3237 “
474 3210 509 3268 et
531 3204 629 3270 curiae
653 3202 810 3268 Romanae
832 3201 936 3267 fuerit
957 3203 1039 3268 satis
1061 3208 1177 3268 notum
1196 3208 1264 3283 est3
1286 3224 1364 3268 nam
1387 3203 1492 3268 eidem

300 3337 313 3368 n
367 3338 380 3370 ο
435 3314 452 3339 “
475 3305 670 3372 Lamfranco
685 3305 823 3370 Romam
840 3305 988 3371 venienti
1005 3325 1092 3393 papa
1101 3304 1290 3370 Alexander
1304 3305 1491 3383 assurrexit,

265 3438 285 3467 w
303 3440 317 3469 0
395 3395 401 3427 ³
434 3415 451 3441 “
475 3414 510 3472 et
546 3407 612 3472 duo
642 3406 743 3494 pallia
774 3406 938 3488 contulit3
958 3429 1071 3486 unum,
1101 3413 1140 3472 ut
1177 3407 1302 3473 caeteris
1333 3407 1492 3495 archiepi-

298 3491 311 3522 v
331 3530 352 3573 ιι
434 3518 451 3543 ‘¹
473 3508 579 3596 scopis
602 3508 642 3574 de
672 3530 761 3574 more
785 3509 1034 3575 (lantuariensis
1056 3508 1206 3583 ecclesiis,
1230 3514 1265 3574 et
1294 3504 1394 3587 aliud,
1416 3532 1490 3576 cum

280 3593 364 3675 miii.ra
372 3594 387 3625 ⁸
434 3618 450 3645 “
473 3633 539 3697 quo
577 3611 647 3697 ipse
684 3632 772 3699 papa
800 3611 916 3677 missas
945 3610 1107 3677 celebrare
1136 3610 1271 3689 solebat,
1293 3611 1329 3676 in
1360 3612 1490 3700 signum

433 3714 623 3800 “specialis
668 3714 906 3801 praerogativa.
953 3714 1043 3781 Huic
1079 3713 1258 3802 pradictus
1302 3736 1391 3802 papa
1425 3737 1503 3782 non·

432 3817 450 3850 “
473 3816 578 3882 solum
624 3816 768 3883 ecclesia
813 3816 928 3884 Sancti
973 3817 1163 3904 Augustini,
1206 3817 1264 3883 sed
1308 3823 1344 3883 et
1388 3817 1491 3883 tetius

432 3927 450 3952 “
472 3918 613 4007 Angliae,
628 3918 767 3997 Walliee,
790 3925 825 3985 et
848 3920 1032 3991 Britannice
1055 3920 1235 3987 seeundum
1257 3940 1381 3986 morem
1403 3920 1490 3986 anti·

433 4032 451 4057 “
474 4044 613 4108 quorum
650 4022 809 4088 concessit
847 4028 882 4089 et
919 4023 1129 4089 confirmavit
1166 4023 1354 4109 primatum.
1401 4022 1490 4121 Huic

474 4128 667 4195 Lamfranco
690 4128 912 4195 Soothlandus
942 4129 1044 4195 abbas
1067 4129 1181 4195 Sancti
1206 4128 1385 4216 Augustini
1416 4150 1489 4215 pro·

473 4231 647 4297 sessionem
671 4232 757 4310 fecit,
780 4232 838 4297 ubi
861 4238 896 4298 et
926 4232 1059 4318 quando
1088 4231 1350 4319 archiepiscopus
1373 4230 1489 4307 voluit,

473 4339 508 4399 et
526 4334 741 4400 anfrancue
764 4356 839 4400 eum
862 4339 902 4399 ut
924 4339 1019 4420 pater
1039 4333 1146 4398 filium
1170 4333 1297 4409 dilexit,
1319 4339 1353 4399 et
1366 4339 1490 4404 contra

433 4446 450 4472 ‘¹
474 4458 586 4503 omnes
609 4437 746 4523 injurias
770 4437 923 4524 protexit
962 4436 1129 4502 Defuncto
1146 4442 1258 4503 autem
1278 4435 1488 4511 Scothlando‚

468 4691 535 4743 ¹Sce
555 4693 598 4742 tho
618 4685 693 4742 Liras
707 4688 738 4742 ol
756 4692 880 4754 lluustsn,
902 4693 937 4758 by
951 4694 1048 4745 Osbern
1066 4693 1117 4744 and
1139 4692 1264 4751 Eadmcri
1288 4686 1434 4742 blemorinls
1454 4691 1484 4742 of

433 4765 559 4829 Demean,
571 4788 615 4837 pp.
628 4772 683 4831 ua,
696 4777 753 4823 ros.
