3666 5724
725 926 837 977 οιιιι
859 925 1052 977 marouwa
1336 906 1410 974 -393

357 1113 502 1180 ministri
523 1114 782 1202 archiepiscopi
772 1137 809 1180 ιιι
831 1115 955 1181 curiam
975 1112 1219 1191 monachorum,
1235 1112 1411 1199 prohiben-
1442 1128 1564 1228 agaim.

358 1221 409 1282 tes
424 1238 466 1282 ex
480 1218 599 1303 parta
589 1219 701 1304 rpsius,
718 1223 752 1283 ιι
766 1240 826 1304 per
840 1217 1060 1283 obedientiam
1077 1236 1143 1301 qua
1157 1238 1188 1281 er
1178 1215 1412 1291 tenebantur,
1425 1249 1473 1293 st,
1482 1245 1565 1291 ursona

359 1338 401 1382 ne
416 1318 556 1384 ulterius
578 1321 702 1386 curiam
724 1324 884 1397 tenerent,
899 1319 953 1384 vel
976 1319 1017 1384 de
1039 1316 1151 1403 aliquo
1173 1317 1295 1403 placito
1312 1315 1413 1402 justi·
1425 1297 1552 1393 ἘῶἘῘἘξὲἘ
1518 1298 1582 1340 “¹³⁰

359 1418 442 1484 tiam
472 1419 623 1486 facerent
670 1422 743 1488 Hoc
772 1421 846 1488 ideo
872 1421 1011 1486 forsitan
1035 1419 1162 1485 factum
1188 1423 1247 1494 est,
1264 1439 1315 1483 ue
1342 1400 1504 1482 diesoeffl

360 1519 527 1586 electionis
547 1523 673 1588 domini
695 1522 929 1609 archiepiscopi
952 1522 1006 1588 vel
1029 1521 1259 1588 canonicorum
1282 1518 1414 1583 Hakin·

361 1624 563 1688 tonienaium
585 1624 807 1691 institutionis
822 1623 1015 1691 anemoria
1036 1623 1216 1699 tolleretur,
1231 1621 1286 1687 vel
1308 1620 1416 1686 abiret
1521 1676 1528 1689 .

362 1724 398 1788 in
420 1745 552 1791 vanum
600 1726 667 1807 Qui
690 1727 769 1793 licet
791 1722 916 1792 nouum
938 1725 1135 1813 prohibendi
1158 1724 1292 1789 modurn
1315 1722 1414 1788 habe·

361 1832 444 1903 rent,
475 1833 515 1893 ut
544 1827 704 1894 frivolum
742 1833 854 1894 tamen
893 1833 928 1894 et
966 1850 1090 1894 vanum
1128 1826 1218 1912 quod
1255 1825 1412 1890 dixerant

362 1934 552 2014 reputatum
583 1937 641 1996 est.
688 1931 837 1996 Perfidus
866 1936 979 1996 autem
1001 1936 1037 1995 et
1058 1928 1248 2016 prophanus
1271 1927 1327 1992 ille
1349 1927 1416 1992 Ra·
1403 1947 1506 1992 uun
1515 1948 1539 1990 ι

364 2029 475 2095 dulfus
505 2032 546 2098 de
576 2033 699 2099 Sancto
723 2033 877 2110 Martino,
901 2032 959 2118 qui
982 2032 1023 2097 de
1045 2053 1143 2118 opere
1165 2029 1350 2095 maledictae
1383 2032 1419 2093 et
1430 1958 1569 2092 miim‘i‘i'i

363 2132 541 2219 prophana
557 2134 691 2221 capellae
707 2141 854 2220 tempore
870 2134 984 2200 Sancti
1000 2133 1144 2210 Thomae,
1160 2138 1195 2197 et
1216 2152 1275 2218 per
1297 2131 1472 2243 ipsumffiu
1430 2110 1501 2144 ΜΘ
1430 2150 1512 2243 ιιιιὶι
1502 2100 1572 2192 ”iii

364 2239 404 2298 ut
420 2234 557 2313 dicebat,
573 2237 747 2322 inceptera'
738 2257 775 2300 m
796 2236 889 2302 curia
903 2236 1053 2302 Romana
1074 2234 1196 2300 falsum
1219 2210 1532 2344 praestiteratmmse

362 2336 597 2421 juramentum,
627 2338 773 2403 suadere
798 2338 901 2423 coepit
931 2342 970 2402 ut
999 2341 1183 2403 conventus
1213 2335 1340 2421 aliquos
1378 2300 1550 2400 deluit?
1511 2299 1577 2344 Μ

365 2437 522 2503 fratribus
545 2438 789 2525 archiepiscopo
818 2438 967 2504 venienti
991 2438 1125 2504 obviam
1155 2437 1336 2514 mitterent,
1362 2435 1420 2521 qui

367 2559 499 2605 earrsam
514 2546 550 2605 et
571 2542 683 2607 omnia
705 2562 779 2626 quae
811 2561 943 2606 causam
975 2539 1175 2627 contingunt
1207 2560 1282 2605 cum
1314 2537 1423 2623 digni·

368 2641 494 2707 tatibus
520 2641 663 2708 ecclesiae
694 2641 885 2708 discretioni
907 2640 1011 2728 ipsius
1034 2640 1278 2707 committerent
1300 2646 1335 2704 et
1357 2638 1422 2703 dis-

367 2743 531 2829 positioni,
567 2743 679 2809 dicens
701 2765 778 2809 eum
808 2743 879 2809 sola
908 2742 1100 2808 humilitate
1122 2763 1191 2808 asae
1214 2740 1422 2807 vincendum.

370 2843 435 2910 Sed
465 2844 590 2930 garruli
612 2844 712 2931 hujus
734 2849 869 2910 versuta
890 2843 1107 2929 loquacitas
1097 2865 1134 2909 ιιι
1155 2844 1227 2930 ipso
1250 2834 1424 2909 locutionis

370 2945 466 3012 aditu
489 2946 693 3032 deprehensa
714 2952 765 3012 est
788 2952 822 3012 et
844 2947 1004 3032 depressa.
1043 2945 1247 3012 Herebertus
1265 2945 1366 3010 etiam
1382 2945 1423 3009 de
1437 2960 1487 3004 ιιιι
1488 2960 1539 3003 ιιιι
1548 2960 1574 3003 ι

372 3047 546 3127 Boseham,
569 3048 702 3134 gloriosi
725 3048 892 3167 pontificis
914 3055 949 3113 et
972 3048 1129 3134 martyris
1151 3047 1286 3113 Thomas
1302 3046 1474 3133 magis-v
1435 3010 1538 3157 ξιοὼὲ
1519 3059 1596 3104 muer

371 3157 423 3216 ter
445 3148 492 3216 ιι1
513 3150 658 3228 clericus,
674 3153 767 3236 quasi
790 3172 832 3216 ex
854 3150 988 3237 speciali
1011 3150 1186 3216 dilectione
1209 3123 1495 3216 Cantuariamooun

371 3252 515 3329 accessit,
539 3251 682 3338 eleganti
706 3274 772 3338 quo
801 3252 947 3339 pollebat
976 3252 1105 3338 eloquio
1137 3252 1358 3318 venerabilem
1391 3257 1426 3316 et
1527 3297 1531 3305 ι

372 3355 490 3421 decora
511 3354 651 3442 dignum
681 3355 839 3421 memoria
862 3355 1061 3421 (lanfridum
1093 3356 1297 3442 suppriorem
1328 3355 1427 3420 indu·

372 3478 444 3523 cara
467 3457 610 3543 cupiens,
632 3463 673 3523 ut
695 3461 801 3523 totam
824 3456 967 3524 ecclesiae
990 3478 1122 3523 oausam
1156 3457 1346 3523 humilitate
1372 3454 1426 3522 vel

373 3558 596 3625 satisfactione
617 3560 814 3677 interposita
839 3558 1075 3646 archiepiscopi
1098 3559 1318 3625 committeret
1339 3558 1426 3624 arbi-

373 3661 446 3726 trio
494 3660 669 3748 Proposuit
691 3660 790 3739 enim,
813 3660 1019 3726 inevincibili
1046 3666 1085 3726 ut
1118 3660 1260 3747 putabat
1289 3660 1427 3737 ratione,
1440 3676 1542 3771 manga
1551 3675 1586 3718 ιιι

375 3784 523 3828 enormes
559 3763 715 3849 litigandi
753 3762 972 3840 difficultates,
1007 3763 1047 3827 da
1085 3762 1179 3827 obitu
1213 3761 1353 3839 Urbani,
1385 3739 1468 3826 de‘tl
1440 3728 1511 3822 aab,
1440 3727 1591 3871 milwe

377 3865 525 3952 Gregorii
547 3865 655 3951 gratia
688 3865 731 3932 ad
762 3865 1052 3952 archiepiscopum,
1074 3865 1115 3930 de
1139 3864 1296 3930 Romanae
1328 3862 1428 3930 curiae
1441 3877 1519 3922 naha
1513 3876 1598 3930 suono

376 3967 609 4045 mutabilitate,
632 3968 673 4033 de
696 3968 846 4055 potentia
874 3967 961 4054 regis
984 3966 1176 4054 Anglorum,
1200 3988 1300 4053 quam
1322 3972 1428 4032 totam
1441 3928 1548 3975 mm

376 4069 445 4137 fere
467 4069 511 4135 ed
533 4066 666 4134 libitum
694 4064 930 4156 arclriepisoopi
962 4069 1161 4148 effimdebat,
1184 4075 1306 4156 praeter
1338 4069 1430 4134 illam

378 4168 578 4238 cotidianam
602 4176 637 4236 et
665 4173 884 4242 inveteratam
908 4168 1070 4237 malitiam
1093 4192 1160 4258 qua
1183 4170 1432 4237 Cantuariensis

379 4270 523 4339 ecclesiae
545 4271 714 4338 libertates
737 4277 772 4337 et
798 4272 877 4359 jura
908 4272 1107 4339 confundere
1141 4273 1322 4338 nitebatur.
1368 4272 1432 4337 His

379 4380 414 4441 et
435 4374 625 4461 hujusmodi
656 4372 842 4440 rationibus
864 4394 886 4439 a
909 4372 1048 4460 praefato
1071 4373 1253 4440 Hereberto
1287 4373 1433 4464 prolatis,

380 4476 533 4563 supprior
554 4475 590 4540 in
620 4474 713 4542 brevi
737 4497 867 4542 omnem
890 4473 995 4562 ipsius
1017 4476 1199 4543 orationem
1227 4475 1378 4564 praecidit
1399 4480 1435 4541 et

381 4579 512 4646 decidit.
558 4577 693 4656 “Esto'’
727 4578 845 4664 inquit,
877 4583 895 4614 “
907 4578 1038 4645 domine
1076 4585 1111 4645 et
1148 4579 1313 4666 magister,
1346 4578 1436 4666 quod

804 4854 1015 4923 ῑωωιῆ
