3572 5744
456 912 499 976 68
656 925 818 976 cervien
841 923 1001 975 nentem
1025 922 1299 974 csuwrnrnusm

302 1121 425 1167 annu.
460 1113 576 1168 “trum
615 1112 803 1170 mustacium.
858 1111 932 1168 Hoeo
966 1115 1064 1167 sutem
1101 1111 1200 1167 omnia
1234 1114 1317 1167 tento
1352 1110 1516 1169 dishiotius

287 1173 445 1289 rhbyffiot
463 1196 482 1223 “
501 1201 614 1253 vestre·
642 1196 810 1253 discretioni
846 1195 981 1252 duximus
1016 1194 1205 1267 injungenda,
1235 1201 1344 1267 quanto
1378 1195 1515 1267 injuriam

288 1288 374 1330 toben
403 1287 428 1329 li·
462 1281 480 1305 ¹⁸
500 1279 666 1351 apostolicas
692 1280 756 1336 sedi
781 1279 931 1336 continere
956 1279 1074 1335 videtur
1099 1278 1199 1334 eadem
1226 1279 1313 1335 toties
1343 1279 1459 1345 iterare,
1486 1286 1517 1335 et

288 1339 429 1438 ffiiffiffi}
461 1364 673 1434 “religionem
697 1370 824 1437 vestram
848 1364 945 1420 minus
963 1363 1079 1419 deceret
1096 1363 1122 1419 si
1139 1363 1310 1419 mundaum
1326 1363 1516 1435 apostolicum

288 1439 404 1484 mandute
461 1450 479 1474 “
499 1449 619 1520 segnius
637 1448 861 1520 exequeremini,
880 1463 937 1502 neo
953 1464 1104 1519 poscemus
1120 1447 1183 1502 sine
1200 1446 1335 1502 molestia
1351 1450 1468 1502 tantum
1485 1447 1516 1500 in

462 1534 481 1558 “
499 1533 582 1588 vobis
608 1533 774 1603 neglectum
799 1531 982 1603 aliquatenus
1008 1529 1173 1597 sustinere;
1200 1529 1290 1584 nullis
1320 1529 1429 1585 litteris
1455 1530 1516 1602 juri
1606 1603 1609 1608 Ι

462 1617 481 1641 “
499 1632 599 1671 sorum
625 1614 828 1688 prejudicium
856 1612 1038 1677 facientibus,
1058 1613 1083 1667 si
1106 1630 1172 1684 quse
1196 1612 1383 1685 apparuerint
1406 1630 1425 1669 a
1447 1613 1515 1669 sade

461 1701 480 1725 “
499 1698 658 1770 apostolica
674 1699 846 1771 impetratas.
892 1697 1018 1768 Quodsi
1036 1713 1137 1752 omnes
1160 1696 1208 1751 his
1225 1696 1399 1767 exequendis
1415 1697 1515 1768 nequi·

461 1783 600 1838 “veritis
624 1784 774 1849 interesse,
801 1781 858 1837 duo
885 1787 1014 1836 vestrum
1038 1798 1073 1836 ea
1096 1779 1301 1835 nichilominus
1328 1786 1515 1852 exequantur.

462 1865 610 1920 “Datum
640 1865 742 1921 Bomoe
771 1865 849 1939 apud
880 1865 1019 1921 Sanctum
1049 1863 1181 1928 Petrum,
1205 1870 1236 1917 x⁰
1260 1863 1397 1919 kelendoe
1421 1864 1514 1931 Junii,

461 1953 479 1975 “
499 1950 685 2022 pontificatus
702 1950 795 2005 nostri
812 1967 890 2004 cuno
907 1946 1028 2022 primo.'’

460 2143 672 2209 Iunonum
710 2144 881 2210 Guuvssn
929 2158 1066 2209 corsuna
1112 2143 1315 2210 Munnuw
1353 2159 1514 2209 Asmrmr

549 2246 678 2312 Senon
715 2246 914 2313 Aucusrnu
948 2261 1052 2322 eussr
1091 2262 1130 2311 ni
1162 2263 1383 2312 consummo
1417 2263 1514 2312 cren

548 2350 767 2415 Annxrunsr.

290 2497 390 2593 pm
407 2550 437 2593 ho
503 2498 520 2523 ‘⁴
543 2488 597 2555 Ad
635 2488 844 2575 praesentiam
883 2493 1005 2554 sanctae
1043 2480 1238 2574 mejestatis
1259 2494 1388 2566 vestrm,
1403 2489 1528 2579 'peter

289 2611 445 2701 mptum
458 2600 475 2626 “
499 2591 693 2668 venerande,
716 2590 832 2657 directi
854 2611 968 2654 sumus
990 2611 1011 2653 a
1033 2590 1166 2656 domine
1187 2596 1300 2657 nostro
1331 2593 1459 2658 miserae
1482 2598 1516 2657 et

289 2702 402 2794 meg
458 2702 475 2727 “
498 2693 648 2759 laceretee
687 2692 934 2759 Oentuariensis
972 2692 1114 2759 ecclesiae
1152 2692 1400 2781 archiepiscopo.
1451 2694 1514 2761 Ac·

290 2802 445 2853 bennum
458 2804 475 2829 “
498 2796 644 2861 cedimus
673 2795 858 2862 fiducialius
887 2795 931 2860 ad
961 2816 1029 2872 vos,
1052 2794 1130 2863 hinc
1160 2797 1200 2862 de
1233 2783 1368 2883 justitia
1401 2818 1515 2875 cauare,

289 2853 364 2895 whom
373 2852 414 2895 the

288 2902 393 2995 popter
459 2906 476 2932 ⁴‘
498 2898 591 2963 illinc
613 2899 655 2963 de
676 2898 825 2964 bonitate
850 2896 1009 2963 Romanae
1039 2899 1190 2977 ecclesiae,
1213 2896 1338 2977 confisi}
1359 2922 1433 2986 queo
1462 2922 1516 2965 us-
1554 2972 1557 2977 ,

289 3004 427 3098 effi&
460 3008 477 3034 “
501 3022 564 3086 que
593 3021 683 3065 nunc
713 3021 788 3064 sues
817 2999 939 3076 fideles,
961 2998 1126 3085 simplices
1157 3022 1285 3087 quoque
1309 3006 1344 3066 et
1376 3023 1515 3080 veraceS,

289 3103 418 3201 mem
459 3110 476 3136 “
499 3102 619 3179 fovere,
642 3102 832 3167 criminosos
862 3122 949 3178 vero,
979 3100 1148 3189 litigiosos,
1174 3104 1346 3169 mendaces
1376 3109 1410 3169 et
1440 3126 1513 3170 con·

458 3213 475 3238 “
498 3210 645 3272 tumaces
667 3197 838 3270 consuevit
862 3204 1046 3271 debellare:
1068 3206 1228 3283 venimus,
1258 3206 1402 3293 inquam,
1425 3206 1515 3271 falsi-

458 3314 475 3340 “
498 3311 601 3372 tatem
624 3303 779 3382 refellere,
801 3305 977 3370 veritatem
1007 3307 1117 3393 potius
1147 3307 1284 3393 legendo
1314 3329 1413 3393 quum
1444 3330 1516 3373 ver·

458 3418 475 3444 “
497 3409 671 3475 bositendo
688 3408 836 3474 enodare.
870 3406 1091 3494 Conqueritur
1109 3410 1213 3495 igitur
1235 3410 1387 3476 dominus
1406 3417 1517 3476 noster

458 3520 475 3546 “
498 3510 617 3576 flebilis
647 3510 703 3576 ille
734 3515 769 3576 et
798 3510 976 3586 deflendus,
1007 3516 1042 3576 et
1071 3512 1099 3576 si
1130 3511 1208 3577 flere
1238 3533 1305 3577 non
1335 3534 1515 3600 possumus,

458 3622 475 3649 “
498 3615 625 3680 miserus
648 3612 895 3679 Cantueriensis
918 3614 1060 3679 ecclesiae
1084 3613 1352 3702 archiepiscopus,
1376 3615 1416 3680 de
1446 3615 1516 3680 filio

458 3725 475 3750 “
498 3716 730 3804 specialissimo
753 3716 872 3781 abbate
896 3716 1011 3783 Sancti
1026 3716 1207 3803 Augustini
1229 3717 1292 3782 sibi
1316 3723 1350 3783 et
1372 3718 1515 3784 ecclesiae

458 3828 475 3855 ‘⁴
499 3817 731 3884 cantuariensi
755 3817 918 3884 violenter
940 3825 975 3884 et
996 3819 1119 3905 injuste
1140 3824 1255 3885 contra
1277 3825 1424 3886 tenerem
1447 3821 1515 3906 pri-

458 3929 475 3955 “
498 3920 693 4008 vilegiorum
715 3941 848 3984 suorum
873 3925 907 3984 et
932 3920 1011 4007 jura
1040 3940 1201 3985 cenenum
1233 3922 1369 3987 sublate.
1416 3922 1516 3988 Dolet

458 4032 475 4058 “
499 4023 568 4110 ipse
591 4028 626 4088 ct
655 4022 870 4089 confunditur
892 4022 1148 4098 cantuariensis,
1171 4023 1273 4088 immo
1304 4029 1375 4089 tota
1397 4024 1515 4111 Angli-

458 4134 475 4159 “
498 4146 580 4190 cana
601 4124 741 4190 miratur
771 4122 914 4189 ecclesie
969 4123 1111 4188 Miratur
1141 4130 1176 4188 et
1206 4125 1395 4212 expavescit
1425 4148 1513 4212 quee-

458 4234 475 4259 “
498 4245 576 4289 nem
599 4225 730 4291 sitista
751 4224 925 4311 repentine
953 4224 1097 4293 mutatio
1119 4247 1186 4311 qua
1206 4226 1295 4291 filius
1325 4227 1423 4313 patri,
1445 4227 1514 4291 filie

458 4336 475 4362 “
498 4328 607 4404 matri,
621 4327 767 4414 porticus
787 4326 930 4392 ecclesiae
951 4326 1159 4393 subtrahitur
1181 4333 1215 4392 et
1236 4328 1394 4394 rebellare
1416 4351 1512 4395 eena-

458 4435 475 4462 “
498 4434 562 4494 tur.
594 4427 707 4493 Currit
725 4427 769 4493 ad
793 4427 1014 4514 spectaculum
1030 4429 1203 4493 universus
1225 4428 1365 4515 populus
1386 4436 1420 4495 et
1443 4437 1512 4496 tam

458 4539 662 4595 “enormem
692 4528 870 4593 stultitiam
901 4530 1090 4595 admiretur.
1136 4530 1189 4607 Et,
1212 4531 1241 4595 si
1266 4532 1345 4616 jura
1367 4531 1512 4597 Cantus-

459 4640 476 4666 “
499 4632 614 4697 riensis
637 4629 780 4697 ccclesiae
802 4638 968 4698 conterere
991 4632 1099 4698 voluit
1128 4632 1348 4720 malignorum
1376 4635 1513 4712 invidia,

586 4884 742 4951 ¹R09crsm]
757 4888 848 4951 Roget,
861 4887 938 4936 ubbot
954 4886 983 4936 oi
997 4886 1023 4937 S.
1037 4887 1209 4953 Augustiue's,
1228 4892 1384 4939 1178-1212.
