3628 5728
394 826 461 891 480
601 841 764 890 easvasn
786 841 948 891 noraonr
971 841 1244 892 remunerarem

241 1030 364 1081 annea
393 1026 477 1100 rant,
500 1045 543 1089 ne
573 1042 682 1110 regem
707 1030 742 1091 et
763 1031 898 1092 caeteros
929 1048 1041 1092 omnes
1064 1026 1234 1112 usquead
1249 1025 1445 1091 internecio·

249 1095 349 1142 Nm
392 1124 490 1190 nem1
506 1127 559 1191 vel
583 1128 817 1214 dispersionem
833 1130 1027 1195 manifestos
1049 1130 1210 1195 haberent
1232 1127 1445 1194 adversarios.

394 1227 587 1295 Consentire
617 1229 850 1308 formidabant,
873 1253 916 1296 ns
938 1232 1028 1297 Deus
1059 1253 1190 1298 causam
1214 1237 1249 1298 et
1278 1230 1445 1297 ecclesiam

392 1332 574 1416 requireret
596 1333 637 1397 de
667 1334 821 1399 manibus
850 1355 973 1399 eorum.
1019 1333 1085 1399 Sed
1113 1334 1326 1421 periculosior
1354 1332 1446 1397 vide

223 1431 369 1527 Qffiffi
394 1433 493 1499 batur
519 1435 719 1522 intemptata
750 1436 916 1521 dispersio,
940 1457 1039 1522 quam
1071 1440 1175 1502 tantae
1197 1436 1335 1501 malitias
1369 1434 1447 1500 dare

225 1533 332 1628 igffi‘}
394 1557 595 1603 consensum.
642 1538 820 1604 Residente
852 1545 964 1604 autem
987 1538 1046 1604 illo
1076 1538 1342 1625 Rothmagensi,
1360 1537 1447 1623 jussi

394 1644 474 1703 eunt
505 1638 581 1704 ilico
614 1660 726 1704 omnes
760 1639 912 1704 monachi
946 1646 1048 1723 stare,
1064 1641 1102 1707 in
1134 1639 1251 1705 medio.
1299 1639 1446 1720 Quorum

394 1760 469 1805 cum
493 1762 579 1805 unus
594 1741 631 1805 in
653 1741 760 1806 medio
775 1741 931 1806 stans-de
946 1743 1095 1828 impensa
1117 1741 1218 1808 cura²
1231 1741 1447 1808 reformandae

394 1842 469 1933 paci
506 1847 576 1908 tam
608 1843 678 1930 regi
717 1864 816 1928 quam
850 1844 978 1909 eaeoeris
1015 1845 1139 1932 gratias
1173 1844 1320 1922 referret,
1343 1850 1378 1910 et
1411 1845 1447 1909 in

394 1944 621 2029 prosecutione
650 1945 739 2031 pacti
770 1943 834 2010 de³
862 1945 1074 2011 demolitione
1100 1947 1233 2032 capellae
1264 1952 1299 2013 et
1329 1946 1447 2033 prioris

394 2045 598 2131 depositione
612 2047 751 2111 verbum
773 2051 931 2124 tangeret,
955 2053 1110 2132 protensa
1132 2069 1233 2113 manu
1256 2053 1290 2112 et
1312 2047 1447 2113 brachio

225 2151 309 2253 ἓξὲξ
315 2151 382 2245 ζξθξῑ
394 2150 532 2211 extento
566 2167 626 2211 rex
657 2147 765 2212 eidem
803 2147 966 2212 monacho
1004 2147 1173 2213 silentium
1206 2149 1372 2235 imposuit,
1412 2152 1446 2213 ct

225 2247 591 2355 meginbolamoribus
613 2247 790 2312 hincinde
813 2249 988 2326 suscitatis,
1019 2249 1184 2335 loquentis
1214 2249 1365 2315 monachi
1396 2250 1447 2314 in-

225 2364 290 2446 5103
287 2352 373 2449 bffoek
394 2350 538 2434 tenupit
559 2370 749 2415 sermonem.
796 2349 950 2415 Monachi
973 2355 1085 2416 autem
1107 2351 1145 2415 in
1166 2351 1276 2416 medio
1298 2351 1446 2415 omnium

393 2452 528 2518 stabant
558 2450 744 2537 stupefacti,
767 2451 849 2536 quid
882 2457 1018 2538 agerent
1048 2453 1236 2518 nescientes.
1286 2452 1448 2538 Praeeapit

393 2560 505 2620 autem
527 2575 596 2631 rex,
610 2553 874 2620 acclamaverunt
891 2560 926 2618 et
948 2555 1067 2631 raeteri,
1083 2560 1122 2619 ut
1136 2576 1245 2641 genua
1267 2554 1446 2632 flecterent,

393 2662 429 2723 et
450 2656 609 2723 feserunt.
656 2656 741 2723 Cum
771 2656 875 2741 igitur
904 2677 1017 2722 omnes
1040 2661 1167 2722 starent
1188 2656 1278 2722 inter
1307 2662 1359 2722 tot
1381 2656 1447 2722 ela-

394 2780 499 2824 mores
532 2758 695 2844 usquein
729 2757 924 2824 miraculum
958 2759 1093 2844 stupidi,
1116 2759 1157 2824 de
1191 2762 1287 2823 tanta
1309 2762 1344 2823 et
1377 2764 1447 2824 tam

394 2861 565 2948 inopinata
598 2860 785 2947 proditione
807 2860 975 2937 mirantes,
1004 2882 1091 2925 unus
1114 2862 1226 2926 exeis
1248 2861 1447 2948 grandaevus

394 2966 561 3049 resumpto
583 2962 703 3047 spiritu
726 2961 814 3025 dixit
835 2961 879 3025 ad
900 2960 1197 3049 archiepiscopum:
1242 2961 1306 3027 “Si
1329 2962 1365 3026 in
1387 2962 1447 3026 ali·

226 3045 383 3140 diffidis.
395 3073 411 3099 ‘⁴
435 3086 508 3149 quo,
540 3063 717 3130 reverende
739 3069 842 3149 pater,
874 3063 975 3149 hujus
998 3063 1165 3130 occasione
1187 3065 1448 3150 perturbationis

227 3146 366 3241 iiim&
395 3172 579 3232 “vestram
602 3165 797 3231 offendimus
819 3166 970 3253 gratiam,
993 3171 1137 3231 vestram
1159 3166 1256 3231 nobis
1270 3171 1305 3231 et
1326 3167 1448 3232 nostris

226 3246 374 3351 inidiffh‘
396 3278 413 3305 “
435 3270 563 3336 remitti
595 3290 749 3356 rogamus
783 3268 1053 3355 indignationem,
1076 3274 1111 3334 et
1137 3275 1176 3334 ut
1204 3269 1283 3355 jura
1305 3269 1448 3335 eeclesia

395 3382 412 3407 “
433 3372 551 3438 habita
587 3378 623 3437 et
653 3371 694 3436 da
727 3371 804 3457 jure
835 3370 988 3435 habenda
1025 3372 1066 3436 de
1104 3375 1222 3437 raetero
1256 3392 1447 3438 conservare

394 3485 412 3512 “
437 3474 573 3540 velitis.''
617 3473 892 3559 Archicpisoopus
914 3473 1093 3559 respondit,
1118 3473 1249 3538 “Vobis
1272 3479 1307 3539 et
1329 3475 1448 3539 vestris

394 3588 411 3615 “
435 3577 586 3643 omnibus
616 3597 723 3641 meam
753 3575 888 3640 remitto
925 3569 1197 3661 indignationem,
1227 3582 1447 3662 praeterquam

394 3690 411 3717 “
434 3668 599 3765 suppriori
622 3677 679 3763 qui
702 3697 763 3742 sua
779 3676 977 3743 auctoritate
1000 3697 1108 3742 meam
1130 3698 1151 3742 a
1173 3677 1297 3743 divinis
1312 3699 1447 3764 suspen·

227 3776 382 3873 ffifflff
396 3789 412 3819 “
436 3782 487 3847 dit
509 3778 703 3847 ecclesiam.'’
751 3779 837 3844 Item
871 3777 1025 3844 monaehi
1048 3799 1160 3844 omnes
1186 3800 1247 3865 pro
1277 3781 1448 3866 suppriore

226 3878 295 3930 ΜΨ·
393 3905 503 3971 genua
525 3884 701 3958 flectentes,
725 3902 800 3946 cum
824 3880 860 3944 in
883 3879 1036 3945 omnibus
1060 3887 1311 3946 excusaverunt.
1356 3881 1449 3947 Trmc

394 3988 483 4053 dixit
504 3984 775 4071 archiepiscopus.
799 3982 949 4046 “Veniat
977 4003 1055 4068 ergo
1077 3982 1188 4047 sicut⁴
1209 4005 1269 4048 vos
1299 3990 1334 4048 et
1355 3991 1450 4070 petat

395 4098 412 4126 “
434 4090 575 4167 veniam,
610 4091 645 4151 et
677 4106 883 4151 communem
917 4084 1087 4150 vobiscum
1125 4083 1247 4151 habeat
1280 4087 1449 4170 gretiam?

394 4193 440 4258 Et
461 4192 591 4278 adjecit,
615 4199 631 4224 “
645 4189 739 4255 Sicut
769 4209 829 4253 vos
851 4209 959 4253 meam
982 4187 1077 4252 vobis
1101 4193 1135 4253 et
1168 4189 1288 4253 vestris
1322 4190 1448 4255 remitti

395 4291 611 4379 “postulatis
648 4290 920 4377 indignationem,
954 4290 1001 4355 sic
1033 4294 1067 4354 et
1099 4311 1159 4376 ego
1196 4311 1276 4376 rogo
1313 4311 1372 4356 vos
1409 4299 1449 4358 ut

394 4405 411 4432 “
435 4395 524 4481 quod
546 4394 583 4459 in
605 4392 706 4459 verbo
738 4390 861 4457 offendi
893 4391 948 4456 vel
979 4412 1084 4477 opere,
1108 4397 1178 4457 tam
1215 4392 1317 4457 michi
1349 4414 1449 4478 quam

427 4590 435 4622 ¹
447 4587 647 4655 ammirans]
684 4583 900 4648 interversionem,
978 4582 1043 4651 ⁸de]
1054 4600 1105 4635 orn.
1117 4585 1148 4636 B.

396 4672 421 4723 B
983 4665 1082 4732 *resq
1097 4665 1187 4726 etius.
1201 4666 1231 4718 G.

422 4708 440 4784 ⁶¹
449 4748 525 4816 eura]
539 4747 617 4809 curia,
628 4749 659 4798 Β.
