3572 5744
393 815 458 881 114
601 826 764 877 emussn
786 825 947 875 nossem
969 826 1243 876 ossrusmanms

243 1027 298 1073 an.
305 1031 364 1072 1141,
394 1017 413 1045 ‘⁸
433 1013 547 1071 buistis.
587 1013 661 1071 Onm
679 1012 773 1085 igitur
791 1013 847 1069 sim
864 1012 947 1070 vobis
965 1029 1051 1070 cansa
1061 1013 1197 1086 periculi,
1215 1013 1338 1085 dignum
1353 1019 1400 1072 est
1410 1019 1444 1071 nt
1457 1026 1583 1078 allant.

225 1138 241 1182 s
259 1079 345 1183 ²⁰¹⁰&
396 1103 415 1129 “
435 1118 483 1156 me
500 1098 630 1172 pesculo
647 1098 730 1170 orius
748 1099 890 1170 brem,
909 1102 940 1154 et
958 1097 1124 1154 nemesi
1141 1098 1221 1170 rega
1238 1099 1289 1171 qui
1306 1099 1382 1155 aas
1399 1099 1443 1155 rn-
1455 1092 1498 1143 no.
1511 1092 1561 1145 ves

254 1187 364 1234 caulos
395 1187 415 1213 “
436 1182 530 1239 duciis
548 1200 649 1255 pacem
667 1183 758 1253 fregit
776 1182 868 1237 aciem
887 1181 968 1253 prins
985 1182 1113 1238 allidam.
1151 1183 1216 1254 Ego
1234 1182 1361 1255 quidem,
1380 1187 1444 1238 tam
1456 1159 1491 1209 ¹⁴⁰·
1503 1164 1560 1210 ²⁹³·

229 1238 332 1283 mm
396 1270 415 1296 ‘⁶
435 1266 471 1323 de
481 1267 561 1338 regis
572 1265 719 1339 injustitia
731 1282 818 1337 qnam
835 1263 872 1320 de
884 1281 948 1320 mea
965 1264 1111 1321 confidens
1123 1256 1241 1332 virtute
1251 1266 1444 1338 jamjamque

395 1351 564 1421 “regalem
590 1365 716 1405 cuneum
741 1347 898 1412 diffindam,
917 1347 1017 1419 gladio
1041 1349 1131 1405 michi
1155 1350 1234 1405 riam
1257 1366 1311 1422 per
1331 1348 1443 1406 medios

396 1435 416 1461 “
436 1433 533 1489 hostes
549 1432 669 1505 perebo,
685 1435 791 1489 vostre
802 1429 919 1486 virtutis
931 1430 988 1486 erit
1000 1431 1137 1503 subsequi
1149 1450 1197 1488 me
1214 1438 1394 1504 preeuntem
1413 1437 1444 1487 et

396 1520 415 1546 “
435 1517 547 1572 imitari
565 1514 727 1572 ferientem.
772 1513 792 1569 J
792 1532 840 1570 am
857 1513 958 1571 videor
975 1514 1066 1571 michi
1084 1532 1216 1588 presago
1233 1516 1330 1573 animo
1347 1516 1443 1588 regies

394 1603 414 1630 “
433 1601 511 1657 acies
527 1598 715 1664 transvolare,
730 1614 887 1669 regemque
905 1597 1005 1670 gladio
1022 1598 1284 1655 transverberare.'’

438 1695 558 1750 Dixerat
584 1684 619 1748 e't
643 1707 741 1748 comes
766 1688 913 1746 Robertns
943 1690 985 1746 sic
997 1689 1101 1762 juveni
1129 1691 1288 1763 respondit,
1318 1691 1351 1747 in
1379 1692 1444 1748 loco

395 1792 476 1844 stans
493 1785 655 1842 eminenti:

229 1863 360 1909 ‘imm‘
433 1873 529 1928 “Non
553 1870 707 1941 indignum
728 1871 774 1922 est
800 1866 878 1938 qnod
903 1866 979 1923 ictus
1004 1866 1095 1940 primi
1118 1867 1293 1939 dignmtem
1318 1874 1380 1925 tam
1410 1884 1445 1923 ex

227 1913 370 2011 blm.
397 1958 417 1985 ‘⁴
435 1955 588 2012 nobilitate
612 1969 699 2025 quam
716 1951 827 2006 seue
852 1966 911 2020 qus
933 1950 1078 2021 preconis
1104 1951 1214 2007 videre
1241 1957 1394 2023 appetere,
1418 1952 1444 2007 ss

397 2042 417 2069 ‘⁸
437 2045 537 2096 temen
554 2037 591 2093 de
607 2034 760 2091 nobilitate
777 2032 943 2099 contendas,
962 2050 1017 2106 ego
1035 2032 1114 2090 filins
1130 2032 1209 2106 re'gis
1227 2041 1258 2091 et
1284 2053 1375 2108 nepos
1394 2054 1444 2092 an·

396 2125 415 2154 ‘⁴
435 2122 558 2187 tecello;
577 2120 602 2174 si
620 2117 657 2173 de
668 2118 787 2182 virtute,
806 2116 856 2173 hio
873 2120 941 2172 sunt
954 2116 1041 2173 multi
1059 2117 1164 2190 quibus
1181 2135 1265 2174 nemo
1278 2119 1443 2175 viventium

397 2209 417 2236 “
435 2209 533 2279 potest
549 2201 681 2275 preferri
698 2200 852 2273 probitate.
890 2199 950 2257 Sed
961 2200 1047 2272 longe
1065 2201 1123 2257 alia
1139 2219 1186 2258 me
1205 2206 1303 2258 movet
1315 2202 1446 2272 offensa,

397 2292 415 2318 “
434 2306 486 2344 rex
503 2287 592 2353 enim,
611 2290 714 2342 eontra
730 2288 944 2340 usamentum
968 2284 1046 2356 quod
1071 2287 1163 2341 sorori
1180 2303 1253 2341 meoe
1278 2284 1359 2353 fecit,
1377 2304 1445 2358 reg-

397 2375 416 2402 “
434 2390 506 2429 num
535 2369 694 2426 crudeliter
729 2367 894 2440 usurpavit,
925 2373 966 2435 et,
996 2369 1096 2427 omnia
1125 2370 1308 2438 conturbans,
1339 2371 1443 2428 multis

396 2456 553 2515 “milibus
571 2471 658 2511 causa
680 2453 760 2510 necis
777 2452 891 2516 atita
916 2452 955 2509 ed
980 2454 1202 2526 exemplumque
1228 2454 1274 2511 sni
1299 2455 1343 2510 nil
1365 2454 1443 2527 juris

396 2546 415 2573 ‘⁴
435 2539 610 2598 habentibus
627 2544 719 2594 terres
736 2536 894 2602 distribuit,
908 2536 977 2609 jure
994 2537 1209 2609 possidentibus
1228 2538 1359 2612 diripuit.
1394 2540 1443 2596 Ab

394 2629 414 2657 “
432 2625 505 2700 ipsis
523 2624 621 2696 itaque
637 2621 772 2694 nequiter
789 2620 991 2687 exheredatis,
1010 2620 1073 2677 Deo
1091 2626 1261 2695 cooperante
1285 2630 1316 2679 et
1333 2622 1443 2679 vindic·

395 2716 416 2742 “
439 2717 501 2768 tam
528 2707 778 2771 subministrante,
797 2705 879 2778 prins
896 2704 955 2762 erit
971 2706 1203 2778 aggrediendus:
1230 2707 1369 2779 respiciet
1387 2707 1444 2777 Qui

394 2798 413 2825 “
433 2794 550 2868 judicat
575 2791 707 2864 populos,
727 2794 795 2856 eto„
814 2794 844 2845 et
863 2789 1004 2860 injustum
1027 2790 1107 2861 juste
1134 2796 1306 2863 appetentes
1332 2791 1364 2846 in
1388 2792 1444 2847 hac

394 2882 413 2907 “
434 2884 518 2937 tanta
534 2874 708 2931 necessitate
732 2890 793 2929 non
817 2873 969 2945 relinquet.
1007 2872 1106 2929 Unum
1124 2889 1193 2929 vero
1218 2881 1271 2941 est,
1298 2892 1441 2947 proceres,

393 2966 412 2992 ‘⁴
432 2960 510 3036 quod
528 2959 611 3015 vobis
629 2956 727 3013 animo
745 2956 869 3012 firmiter
895 2956 1030 3028 ingerere
1046 2956 1122 3023 volo,
1143 2956 1220 3028 quod
1246 2975 1299 3029 per
1323 2957 1443 3030 paludes
1454 2959 1472 3009 f.
1485 2966 1543 3011 224.

393 3048 412 3073 “
432 3061 504 3117 quas
521 3040 729 3115 pertransistis,
748 3039 832 3094 nulla
848 3045 944 3112 potest
961 3054 1023 3094 esse
1040 3038 1220 3110 fugientibus
1233 3040 1376 3105 reversio,
1394 3040 1443 3097 hic

394 3132 480 3184 “est
510 3125 604 3199 igitur
633 3122 681 3178 vel
709 3121 885 3178 vincendum
910 3122 958 3178 vel
976 3121 1224 3177 succumbendum
1231 3144 1240 3187 ς
1272 3140 1338 3194 spes
1364 3123 1444 3195 fugas

393 3214 412 3240 “
432 3211 523 3274 nulle,
545 3209 601 3264 hoo
619 3207 713 3263 solum
731 3210 863 3278 superest
879 3211 914 3262 ut
931 3205 962 3260 in
979 3203 1082 3259 urbem
1100 3203 1207 3276 gladiis
1223 3204 1302 3260 viam
1323 3206 1442 3278 paretis.

393 3300 412 3324 “
434 3296 501 3352 Hoc
519 3297 627 3357 anum,
645 3289 723 3363 quod
746 3290 849 3361 lugere
875 3305 1020 3361 nusquam
1046 3287 1176 3360 potestis,
1195 3287 1271 3344 illud
1297 3294 1342 3345 ost
1366 3291 1444 3362 quod

393 3382 412 3410 ‘⁴
435 3379 534 3443 hodie,
553 3377 614 3432 Deo
638 3373 721 3429 vobis
738 3373 905 3446 adjuvante,
933 3371 1086 3429 victoriam
1115 3371 1273 3443 prestabit.
1316 3373 1443 3430 Necesse

394 3466 412 3491 “
432 3468 479 3520 est
496 3460 574 3517 enim
593 3463 626 3514 nt
644 3458 682 3513 ad
708 3457 883 3529 probitatem
910 3455 1061 3527 confugiat
1077 3453 1126 3510 oui
1152 3472 1211 3510 non
1237 3460 1334 3527 potest
1360 3455 1442 3512 alind

393 3551 412 3576 “
432 3564 495 3604 esse
514 3541 680 3615 diffugium.
718 3540 804 3597 Cives
821 3547 922 3597 antem
939 3538 1109 3605 Lincolniae,
1127 3537 1179 3609 qui
1195 3543 1275 3594 stant
1292 3539 1359 3594 urbi
1380 3557 1441 3596 suae

392 3635 411 3660 “
431 3630 571 3705 proxime,
591 3627 623 3681 in
641 3626 768 3697 impetus
784 3625 878 3681 vestri
896 3621 1053 3695 gravedine
1071 3621 1108 3677 ad
1129 3621 1230 3677 domos
1255 3639 1321 3677 suns
1347 3627 1442 3678 trans·

393 3719 411 3744 ‘⁴
431 3716 535 3786 fugere
559 3708 706 3766 ridebitis.
742 3706 954 3763 Verumtamen
971 3708 1074 3761 contra
1100 3721 1172 3785 qnps
1199 3704 1308 3775 geretis
1332 3704 1442 3761 bellurn

392 3803 412 3829 “
431 3797 591 3857 attendite:
617 3794 730 3849 Alanus
748 3790 903 3848 Britonu'm
922 3789 981 3845 dux
998 3792 1100 3845 contra
1126 3787 1221 3843 Deum
1241 3788 1374 3860 procedit
1398 3807 1443 3845 nr·

392 3887 411 3912 ‘⁶
430 3888 537 3950 metus,
556 3880 603 3937 vir
620 3877 763 3934 nefandus
788 3880 819 3932 et
845 3873 977 3946 omnium
1004 3870 1111 3945 genere
1136 3872 1278 3928 scelerum
1304 3873 1440 3945 pollutus,

392 3972 411 3997 “
431 3968 546 4024 malitia
563 3980 664 4037 parem
682 3961 808 4027 nescius,
827 3960 876 4015 cni
892 3974 1043 4029 nunqnam
1060 3955 1185 4012 nocendi
1202 3955 1295 4012 defuit
1313 3957 1442 4020 affectus,

392 4055 411 4080 “
430 4053 479 4109 oni
507 4067 539 4106 se
566 4064 625 4104 non
649 4063 711 4101 esse
737 4044 910 4101 erudelitate
934 4039 1193 4114 incomparabilem
1219 4040 1314 4096 solnm
1340 4046 1370 4098 st
1394 4060 1442 4098 sn·

391 4139 410 4164 “
429 4150 568 4209 premnm
585 4130 702 4187 videtur
729 4126 927 4201 opprobrium.
964 4122 1101 4180 Procedit
1125 4140 1238 4195 quoqne
1265 4128 1367 4180 contra
1390 4141 1442 4180 nos

391 4222 411 4248 ‘⁶
433 4236 529 4276 comes
557 4214 707 4273 Mellensis
734 4212 793 4267 doli
820 4209 954 4277 callidus,
981 4206 1102 4264 fallendi
1129 4206 1244 4272 artifex,
1271 4206 1319 4262 cui
1343 4207 1443 4263 innata

392 4304 412 4331 “
431 4307 476 4359 est
504 4303 537 4357 in
563 4298 650 4356 corde
676 4294 818 4370 nequitia,
847 4294 878 4349 in
902 4309 952 4349 ore
978 4290 1103 4356 fallacia,
1129 4290 1161 4344 in
1189 4306 1276 4362 opere
1302 4289 1441 4363 pigritia;

392 4389 411 4415 “
432 4384 645 4456 magnanimus
664 4398 722 4448 ore,
743 4376 937 4452 pusillanimis
954 4374 1059 4441 corde;
1081 4372 1118 4428 ad
1135 4371 1380 4445 congrediendum
1398 4373 1443 4427 nl-

391 4472 411 4498 “
430 4469 531 4536 timus,
551 4467 587 4522 sd
606 4462 830 4537 digrediendum
848 4460 977 4532 primum
989 4457 1091 4513 tardus
1103 4454 1142 4511 ad
1158 4472 1296 4528 pugnam,
1310 4456 1393 4511 velox
1404 4454 1441 4511 ad

392 4555 413 4581 “
432 4554 542 4624 lugam.
589 4548 757 4606 Procedant
781 4544 880 4602 centeri
907 4541 1038 4598 consules
1063 4545 1093 4596 et
1121 4555 1256 4612 proceres
1280 4538 1442 4595 labociniis

392 4638 411 4664 ‘¹
431 4636 548 4702 assueti,
568 4631 680 4705 rapinis
698 4629 831 4696 delibuti,
850 4624 1016 4684 homicidiis
1043 4622 1177 4696 saginati,
1198 4639 1297 4678 omnes
1323 4622 1441 4678 tandem

392 4722 412 4748 ‘⁴
431 4718 562 4794 perjurio
581 4714 778 4774 contaminati.
812 4710 875 4770 Vos
891 4709 996 4782 igitur,
1015 4707 1072 4765 viri
1090 4707 1188 4775 sortes,
1208 4721 1279 4778 qnos
1291 4722 1342 4762 rex
1359 4705 1441 4761 Hen-
