3628 5728
733 877 844 927 eruas
866 876 1056 927 ursromcs.
1238 879 1241 885 ·
1348 862 1413 926 493

363 1075 379 1102 “
402 1066 514 1133 liensis
544 1068 697 1155 episcopi,
723 1068 781 1133 sed
812 1068 852 1132 de
882 1066 1080 1132 auctoritate
1107 1067 1296 1152 apostolicae
1326 1038 1414 1131 sedis
1443 1086 1565 1180 spira.

362 1170 511 1257 “legati
569 1169 840 1237 Consecrabimus
870 1192 946 1235 eum
975 1169 1173 1235 auctoritate
1207 1191 1273 1255 qua
1302 1168 1412 1256 fungi-
1425 1199 1475 1243 uh,
1483 1141 1557 1253 12ζῷ

362 1280 379 1306 “
400 1295 484 1351 mur,
500 1273 592 1340 selvo
612 1273 688 1360 jure
714 1278 834 1350 vestro,
855 1272 968 1339 salvo1
990 1272 1067 1357 jure
1082 1270 1320 1336 Londoniensis
1345 1271 1413 1358 epi·
1426 1252 1570 1363 mei,

360 1382 379 1410 “
401 1374 516 1462 acopi.'’
563 1376 719 1444 Sacratae
745 1382 796 1441 est
822 1376 936 1461 itaque
954 1374 1032 1440 iiiito
1053 1395 1158 1439 nonas
1185 1374 1266 1439 Maii
1290 1373 1413 1439 Rober-
1426 1353 1483 1396 '⁰¹¹¹'

361 1484 416 1543 tus
452 1479 691 1565 wigorniensis
730 1479 901 1565 episcopus
942 1479 986 1543 ad
1021 1478 1125 1543 altare
1160 1476 1295 1552 Christi,
1335 1477 1415 1543 data

361 1581 563 1668 professione
587 1582 628 1647 de
652 1583 810 1648 canonica
835 1581 1039 1669 subjectione
1061 1602 1161 1666 quam
1186 1580 1285 1645 debet
1308 1578 1412 1645 archi-

360 1685 511 1771 episcopo
538 1691 572 1750 et
603 1684 836 1751 Oautuarieusi
859 1684 1014 1752 ecelesiae.
1060 1683 1124 1749 Die
1149 1682 1294 1749 crastiua
1320 1683 1414 1747 venit
1427 1689 1566 1797 Algi-prem*

359 1788 395 1851 in
421 1788 605 1874 capitulum
635 1787 870 1854 monachorum
901 1787 1054 1852 dominus
1085 1786 1214 1873 legatus
1240 1807 1309 1850 una
1338 1806 1413 1850 cum
1427 1804 1505 1863 caves
1514 1804 1573 1849 nom

358 1910 446 1956 novo
461 1889 683 1978 wigorniensi
704 1891 855 1976 episcopo
880 1895 915 1954 ee
934 1888 1193 1967 crescitarus,
1209 1853 1539 1954 sectaremini

358 2013 400 2057 ex
422 1998 517 2078 parte
540 1993 626 2079 regis
648 1994 828 2059 conventui
851 1991 1057 2058 deferentes:

394 2108 413 2134 ‘⁶
433 2107 594 2165 Ricardus²
612 2109 668 2164 Dei
678 2110 776 2181 gratia
786 2126 837 2163 rex
854 2108 981 2180 Angliae,
994 2107 1053 2163 dux
1069 2104 1257 2163 Narmanniae
1275 2110 1306 2161 et
1322 2105 1416 2177 Aqui·
1427 2101 1583 2198 ffgffiffl

358 2193 378 2219 ‘⁶
397 2193 514 2257 tenuius,
533 2198 564 2248 et
581 2210 678 2249 comes
695 2193 886 2265 Andagavim
905 2192 1021 2249 dilectis
1038 2192 1100 2247 suis
1117 2191 1210 2263 priori
1228 2190 1416 2247 Cautuarien·
1427 2203 1531 2247 nachor

359 2276 378 2302 ‘⁴
397 2262 439 2333 sis
464 2276 594 2334 ecclesia
621 2278 735 2349 totique
762 2278 855 2349 ipsius
882 2277 1010 2349 capitulo
1040 2276 1174 2332 salutem.
1222 2275 1414 2331 Deuotionem
1427 2254 1539 2355 iffi?

358 2360 379 2387 ‘¹
397 2366 525 2417 vestram
544 2361 620 2418 scire
637 2362 774 2418 volumus
793 2380 845 2418 uos
861 2360 958 2433 gratia
975 2360 1031 2417 Dei
1048 2359 1125 2432 apud
1142 2360 1312 2416 Messanam
1329 2360 1416 2432 plena

360 2447 379 2470 “
398 2446 528 2522 corporis
539 2452 570 2502 et
582 2448 673 2502 animi
684 2448 876 2520 prosperitate
885 2446 997 2518 vigere,
1009 2445 1135 2501 devobis
1147 2445 1226 2501 idem
1239 2445 1339 2502 audire
1349 2463 1415 2501 con·

358 2529 380 2555 ‘⁶
397 2529 481 2584 tinuo
499 2529 697 2587 desiderantes
713 2531 827 2587 affectu.
864 2529 913 2584 Ibi
931 2529 967 2585 de
985 2534 1078 2584 morte
1096 2529 1271 2585 venerabilis
1290 2531 1415 2587 (lentus-

358 2614 379 2638 “
397 2613 504 2669 riensis
516 2614 723 2686 archiepiscopi
734 2613 826 2687 patris
844 2612 939 2669 nostri
956 2613 1072 2684 plenius
1084 2630 1172 2685 quam
1184 2613 1415 2670 desideraremus

359 2699 379 2726 “
398 2697 558 2764 ratificati,
578 2697 609 2752 in
633 2698 726 2769 ipsius
750 2697 854 2753 mortis
871 2696 1092 2768 importunitate
1110 2697 1313 2753 vehementius
1329 2700 1413 2764 moti,

359 2787 378 2814 “
398 2785 529 2841 ecelesiae
540 2790 646 2841 vestrae
659 2785 696 2842 de
714 2784 885 2841 necessitate
903 2784 1106 2840 condoluimus
1121 2783 1302 2840 desolationi.
1341 2785 1415 2855 Quia

358 2871 378 2897 ‘¹
396 2875 495 2927 tamen
511 2871 559 2926 vir
576 2871 660 2927 bonas
677 2871 827 2927 memoria
844 2871 1020 2927 venerabilis
1033 2870 1252 2927 cantuariensis
1270 2871 1411 2946 archiepi·
1426 2874 1567 2919 andream·

358 2956 376 2980 “
396 2971 499 3027 scopus
517 2972 535 3009 a
545 2954 631 3010 nobis
649 2954 881 3010 irrevocabiliter
898 2958 1067 3020 recesserat,
1088 2954 1265 3026 quietantia
1283 2956 1412 3011 ecclesiae
1425 2926 1533 3026 iiiii&

357 3040 377 3065 ‘⁶
395 3038 533 3111 regimini
551 3039 644 3111 ipsius
663 3038 852 3095 consolationi
876 3037 972 3110 potius
996 3056 1084 3110 quam
1100 3039 1230 3095 lacrimis
1249 3046 1312 3095 erat
1329 3041 1413 3097 iusis-
1425 3026 1581 3127 gfffii'gffl,

359 3125 377 3150 ‘⁴
395 3122 527 3189 tendum,
547 3124 705 3196 diligenter
729 3128 758 3178 et
781 3128 892 3179 attente
908 3140 997 3195 penes
1014 3140 1067 3178 uos
1085 3124 1323 3190 deliberavimus,
1343 3142 1412 3197 quo·
1425 3129 1570 3179 aaronis

357 3209 376 3234 ‘¹
396 3208 484 3264 modo
513 3209 601 3265 citius
631 3215 662 3264 et
690 3209 796 3265 melius
826 3214 909 3264 tauto
938 3208 1033 3280 lapsui
1064 3210 1142 3265 foret
1171 3209 1412 3267 subveniendum.
1425 3188 1547 3222 'ww'

357 3289 526 3347 “Tandem
550 3292 608 3349 riri
633 3293 756 3351 illustris
780 3292 933 3357 Willelmi,
959 3294 1135 3350 venerabilis
1159 3294 1269 3350 Montis
1292 3295 1412 3367 Regalis

358 3375 376 3399 ‘⁴
396 3374 613 3446 archiepiscopi,
643 3374 859 3442 discretionem,
885 3376 982 3440 iidem,
1012 3376 1236 3449 providentiam,
1268 3396 1356 3450 quam
1381 3397 1412 3434 re

359 3457 376 3482 ‘⁶
397 3456 507 3529 pluries
531 3458 696 3525 didicimus,
722 3459 915 3525 attendentes,
946 3461 1107 3517 recolentes
1138 3462 1207 3533 quia
1235 3462 1306 3518 licet
1328 3464 1413 3520 uobis

358 3540 493 3612 “ipsum
523 3542 602 3596 fama
630 3543 831 3597 vehementius
856 3545 1096 3611 commendasset,
1123 3545 1224 3600 audito
1253 3551 1353 3602 tamen
1383 3555 1413 3604 et

358 3626 377 3651 “
398 3630 549 3697 expectato
566 3627 654 3696 louge
672 3626 977 3682 commendabiliorem
995 3628 1077 3694 fides,
1096 3628 1292 3698 providentia,
1316 3631 1412 3687 reddi-

357 3710 377 3735 “
396 3708 516 3776 dissent,
535 3715 625 3766 tantae
649 3710 780 3767 ecelesiae
804 3710 879 3766 tanti
898 3710 956 3766 viri
973 3712 1107 3783 regimen
1124 3713 1176 3769 sed
1193 3717 1224 3768 et
1240 3714 1296 3769 toti
1319 3732 1412 3783 reguo

357 3795 376 3820 ‘⁸
395 3798 496 3851 nostro
520 3792 710 3865 cognovimus
735 3794 931 3865 profuturum.
976 3795 1150 3868 Magnetum
1174 3798 1273 3870 itaque
1299 3806 1411 3856 nostro·

357 3878 375 3902 “
395 3895 471 3942 rum,
490 3875 784 3950 archiepiscoporum,
804 3877 1004 3949 episcoporum
1028 3879 1098 3935 freti
1116 3881 1248 3948 consilio,
1271 3883 1411 3954 praedicto

357 3961 376 3987 “
395 3961 556 4016 venerabili
568 3960 677 4015 Montis
695 3960 815 4031 Regalis
829 3960 1047 4034 archiepiscopo
1060 3962 1184 4036 dignum
1196 3965 1331 4021 duximus
1344 3985 1411 4040 sup-

357 4046 377 4071 “
395 4045 512 4116 plicare,
532 4045 670 4116 quatinus
689 4044 727 4099 ad
745 4044 961 4101 cantuariensis
978 4047 1109 4102 ecclesia
1127 4049 1224 4104 sedem
1236 4054 1266 4105 et
1276 4051 1410 4121 regimen

311 4188 321 4207 ,
358 4133 378 4159 “
396 4150 459 4189 sese
483 4133 567 4189 nobis
593 4131 787 4188 concederet³
812 4134 1057 4190 manuferendum.
1104 4135 1161 4205 Qui
1189 4143 1256 4208 post
1285 4139 1409 4196 multam
1422 4140 1552 4186 Hermae

357 4220 377 4245 “
397 4235 496 4273 secum
514 4220 561 4272 et⁴
579 4216 765 4288 magnatibus
783 4217 891 4273 nocuis
908 4217 1148 4274 deliberationem
1165 4222 1273 4277 nornis
1290 4222 1409 4278 tandem
1422 4194 1572 4289 fiiffiiiss„

357 4305 375 4329 '‘
395 4300 582 4373 adquiescere
600 4299 722 4371 dignum
741 4299 826 4354 duxit
850 4299 1050 4371 petitionibus.
1087 4301 1204 4358 Vestra
1227 4304 1321 4376 igitur
1344 4308 1409 4362 uui-

356 4387 375 4412 “
395 4385 529 4440 versitati
561 4383 718 4455 diligenter
751 4383 932 4447 mandamus,
964 4385 1102 4457 quatinus
1133 4392 1239 4443 vestra
1271 4388 1409 4445 bonitatis

357 4470 375 4495 '⁶
395 4467 504 4523 intuitu
522 4483 699 4539 precumque
720 4472 886 4523 nostrarum
906 4467 1044 4539 diligenti
1065 4469 1213 4536 instantia,
1227 4471 1322 4544 ipsum
1335 4491 1408 4544 prm·

388 4652 492 4719 1ειιίυο]
507 4652 592 4713 etism
602 4651 650 4702 ins.
663 4653 694 4705 C.
936 4653 1118 4723 moneant]
1131 4658 1307 4721 concederent,
1317 4659 1352 4711 A.
1365 4660 1395 4711 Β.

386 4731 397 4764 ²
409 4731 548 4799 Rieurdar]
559 4730 608 4784 See
614 4731 736 4796 Epistola
744 4730 855 4785 mutua
934 4730 944 4764 ⁴
957 4732 995 4799 et]
1009 4747 1060 4784 om.
1071 4733 1108 4784 A.
1120 4733 1150 4784 B.

353 4809 456 4871 nausa,
467 4811 517 4862 No.
528 4806 645 4862 cmxlvii.
657 4825 699 4877 pp.
708 4813 767 4877 829,
777 4815 836 4861 880.
