3646 5720
399 875 464 939 248
607 890 771 942 annvssn
792 890 954 942 mouscin
976 889 1252 944 caussamnrsrs

247 1089 304 1135 av·
312 1089 370 1136 11⁷4
400 1073 517 1142 Comes
539 1097 618 1142 vero
640 1077 741 1164 Hugo
767 1077 875 1165 Bigod
904 1068 1076 1145 civitatem
1101 1077 1347 1143 Norwicensem
1377 1096 1560 1150 summm

229 1157 383 1302 puppup
399 1178 558 1344 prpetuo
576 1178 1270 1348 pffssfia·{ibi,d³⁶mt,2,{,ffi²gfft,ffl9⁸·
1283 1179 1320 1243 sn
1350 1199 1389 1243 ea
1417 1165 1536 1344 epi-⁶⁵·

399 1300 611 1346 meream
675 1302 789 1360 ecr,e
827 1302 950 1368 cump
1061 1303 1095 1345 m
1190 1300 1452 1345 mmmrecess1.

400 1381 474 1447 Rex
503 1382 604 1448 etiam
631 1381 744 1468 junior
774 1388 809 1449 et
838 1404 944 1449 comes
975 1382 1141 1449 Flandriae
1170 1381 1333 1467 conjurati
1364 1381 1453 1466 quod

231 1493 367 1556 themna
398 1482 435 1547 in
458 1482 614 1568 angliam
636 1483 797 1562 venirent,
819 1505 921 1550 naves
944 1483 1066 1550 multas
1088 1488 1123 1549 et
1141 1483 1321 1549 exercitum
1344 1481 1454 1567 copio-

229 1544 363 1640 ΜΨ
398 1606 473 1649 sum
494 1585 538 1649 ad
567 1606 658 1650 mare
680 1585 853 1651 convenire
881 1584 1039 1651 fecenmt.
1084 1584 1159 1650 Rex
1187 1583 1336 1649 Francia
1366 1581 1453 1648 Nor-

399 1706 537 1751 mannos
567 1685 733 1763 infestare,
756 1685 820 1775 vel,
841 1685 871 1750 si
901 1686 983 1773 quid
1012 1689 1222 1771 temptarent,
1252 1704 1453 1770 compescere

399 1787 553 1853 decrevit
595 1787 669 1853 Rex
690 1786 822 1873 Angliae
844 1786 887 1851 ab
909 1786 1061 1852 omnibus
1083 1785 1150 1852 fere
1173 1784 1356 1863 comitibus,
1372 1784 1453 1850 fide·
1535 1778 1538 1783 ’

399 1888 487 1954 libus
509 1894 544 1954 et
565 1888 754 1954 infidelibus
776 1888 853 1966 suis,
875 1887 965 1953 solus
986 1887 1120 1954 relictus
1143 1892 1203 1968 est,
1226 1887 1308 1952 adeo
1330 1889 1371 1950 ut
1392 1884 1454 1950 vix
1503 1928 1506 1933 ·

399 1990 544 2077 aliquem
569 1990 706 2056 haberet
735 2012 778 2056 ex
800 1990 952 2056 omnibus
975 1990 1058 2056 caris
1080 1987 1148 2054 suis
1171 1989 1225 2055 cui
1246 2009 1282 2054 se
1303 1987 1453 2053 commit·

231 2096 494 2170 monstraret,
517 2091 571 2159 vel
597 2114 666 2158 suae
688 2092 809 2157 mentis
831 2091 993 2158 revelaret
1014 2091 1156 2157 fidenter
1177 2089 1328 2156 archana
1386 2088 1454 2153 Ex·

229 2159 381 2306 &Hm
400 2194 508 2259 tranei
537 2198 573 2259 et
601 2214 670 2259 non
698 2192 751 2258 sui
780 2193 1003 2279 sequebantur
1033 2214 1116 2271 eum,
1139 2213 1208 2258 non
1234 2192 1276 2257 ob
1306 2211 1453 2277 personae

399 2295 504 2380 ipsius
526 2294 744 2372 dilectionem,
765 2295 824 2360 sed
849 2294 891 2360 ob
918 2294 1066 2380 pecunias
1087 2292 1203 2359 multas
1225 2313 1325 2378 quam
1348 2291 1452 2356 effim-

399 2394 475 2461 dere
497 2396 675 2484 cogebatur
696 2396 918 2462 insatiabilem
940 2395 1164 2481 cupiditatem.
1210 2393 1367 2479 Undique
1390 2393 1452 2479 igi-

398 2503 456 2563 tur
484 2502 660 2575 coartatus,
690 2503 725 2563 et
754 2497 795 2563 de
825 2496 1052 2562 transmarinis
1082 2495 1178 2561 terris
1208 2495 1276 2560 suis
1299 2496 1393 2580 quasi
1416 2494 1452 2558 in

400 2598 661 2686 desperationem
683 2598 824 2676 ductus,1
846 2599 883 2663 in
904 2598 1061 2684 Angliam
1090 2596 1239 2663 celeriter
1269 2597 1452 2683 navigavit,

230 2706 440 2768 flammarent
466 2722 539 2767 eam
558 2700 678 2766 'saltem
707 2700 811 2766 solam
840 2700 905 2765 sibi
934 2704 1124 2765 reservaret
1170 2698 1244 2764 Rex
1273 2698 1386 2785 itaque
1416 2698 1453 2762 in

229 2767 350 2914 ff
399 2802 556 2890 Angliam
579 2802 715 2868 veniens
744 2803 781 2867 in
810 2802 907 2866 initio
937 2801 1058 2866 mensis
1081 2799 1174 2877 Julii,
1204 2804 1239 2864 et
1270 2798 1357 2865 felici
1388 2798 1452 2864 sibi

230 2882 519 2974 affidantes
545 2904 690 2983 consilio,
712 2903 823 2969 omnia
852 2902 946 2989 regni
971 2902 1104 2989 negotia
1134 2901 1229 2988 quasi
1257 2901 1452 2988 postposuit,

397 3011 431 3071 et
462 3006 558 3072 corde
584 3006 762 3092 poenitenti
784 3003 999 3071 cantuariam
1028 2998 1072 3070 ad
1102 3003 1262 3070 Sanctum
1292 3002 1451 3068 Thomam

399 3129 533 3195 peregre
555 3107 721 3194 profectus
742 3111 800 3173 est.
1191 3147 1195 3153 «
1566 3106 1570 3111 ’

231 3221 346 3272 flauas
444 3209 542 3276 Feria
570 3209 674 3296 igitur
695 3214 798 3287 sexta,
822 3212 940 3293 quarto
962 3208 1037 3273 idus
1060 3206 1151 3285 Julii,
1175 3207 1211 3270 in
1233 3212 1326 3273 veste
1347 3207 1451 3287 lanea,

206 3379 209 3387 ,
228 3271 377 3416 3¹13&th
399 3311 498 3377 nudis
527 3310 676 3398 pedibus,
699 3310 742 3376 ab
765 3309 899 3376 ecelesia
922 3308 1037 3375 Sancti
1059 3308 1228 3374 Dunstani
1250 3329 1325 3394 quas
1355 3308 1452 3396 longe

230 3374 374 3425 ‘mn'
398 3418 495 3478 extra
532 3412 648 3478 urbem
686 3413 794 3498 posita
831 3416 889 3489 est,
927 3432 1031 3496 usque
1067 3410 1110 3476 ad
1148 3409 1299 3476 tumbam
1338 3409 1453 3477 Sancti

398 3514 533 3581 Thomae
553 3515 710 3601 martyris
740 3514 943 3601 perveniens,
965 3513 1153 3598 ibidemque
1175 3512 1302 3578 diutius
1332 3518 1367 3579 et
1396 3514 1453 3580 de·

367 3622 475 3690 ,vote
505 3617 728 3701 procumbens,
755 3615 798 3680 ab
828 3614 980 3681 omnibus
1011 3614 1069 3699 qui
1098 3613 1254 3679 astabant
1283 3615 1452 3701 episcopis,

396 3716 582 3795 abbatibus,
605 3723 639 3784 et
669 3715 837 3783 monachis
859 3714 997 3803 singulis
1019 3713 1162 3781 ecclesiae
1186 3714 1311 3789 Christi
1333 3715 1451 3785 uolun-

397 3822 467 3885 tate
504 3824 686 3906 spontanea
722 3818 915 3886 verberatus
952 3822 1010 3882 est.
1056 3816 1285 3882 Perseveravit
1314 3819 1350 3882 in
1380 3839 1452 3884 ora·

226 3930 345 4033 &abac
396 3920 544 3987 tionibus
566 3921 690 3986 ibidem
715 3920 817 4007 juxta
838 3924 990 3984 sanctum
1021 3923 1200 4004 martyrem
1222 3923 1295 3984 tota
1317 3918 1371 3984 die
1392 3918 1452 3985 illa

396 4027 432 4088 et
455 4027 551 4088 nocte
563 4046 579 4102 ;-
595 4022 705 4088 cibum
727 4042 796 4087 non
818 4020 969 4106 sumpsit,
991 4041 1052 4085 nec
1073 4020 1116 4085 ad
1139 4020 1300 4105 requisita
1321 4019 1451 4087 natura

395 4145 543 4211 egressus
565 4129 624 4202 est,
647 4123 705 4189 sed
737 4129 777 4188 ut
798 4122 893 4187 venit
913 4122 963 4187 ita
992 4122 1180 4208 permansit,
1202 4143 1270 4187 non
1291 4126 1452 4208 tapetum,

226 4247 465 4344 mathema
500 4227 627 4313 aliquid
663 4224 854 4312 hujusmodi
892 4223 955 4289 sibi
987 4224 1129 4310 supponi
1168 4223 1325 4309 permisit.
1372 4224 1452 4290 Post

227 4349 308 4395 uara
398 4329 582 4394 matutinas
604 4327 718 4394 laudes
742 4326 896 4393 circuivit
917 4325 1036 4390 altaria
1050 4325 1227 4411 superioris
1250 4325 1393 4392 ecclssiae
1416 4331 1451 4392 et

397 4450 533 4516 corpora
555 4429 753 4495 Sanctorum
776 4428 861 4492 inibi
886 4427 1079 4513 jacentium,
1102 4432 1137 4492 et
1159 4426 1267 4492 denuo
1289 4428 1333 4492 ad
1362 4433 1450 4492 tum·

398 4531 475 4598 bam
506 4531 620 4599 Sancti
647 4531 782 4597 Thomas
812 4529 848 4593 in
878 4529 1018 4614 criptam
1047 4549 1198 4594 reversus
1228 4533 1286 4593 est
1332 4529 1454 4595 Lucas-

779 4796 788 4830 ¹
800 4795 903 4865 άαοιιιο]
917 4798 1024 4860 duobus,
1035 4797 1065 4851 C.
