3540 5738
703 833 816 886 orm
838 835 1031 885 merentem
1350 827 1392 891 99

327 1021 346 1048 “
369 1013 484 1080 sedem
517 1015 730 1102 apostolicam
761 1016 944 1104 appellasti
992 1017 1070 1083 Non
1093 1022 1144 1085 est
1166 1019 1286 1105 aliquis
1317 1041 1393 1086 nos·
1421 1019 1477 1062 sn.
1486 1023 1543 1064 ¹1³&

1404 1067 1452 1113 The
1461 1070 1555 1123 bishops

328 1121 462 1180 “trum
495 1117 554 1202 qui
586 1117 649 1184 hac
681 1118 721 1182 de
753 1139 852 1184 causa
867 1105 926 1185 ¹ad
958 1139 1103 1206 praesens
1135 1121 1274 1188 Romam
1308 1121 1560 1216 velitffidfflfflel·

327 1224 346 1249 “
368 1217 492 1283 videre.
550 1217 617 1284 Sed
650 1219 737 1286 sicut
767 1221 921 1286 venimus
952 1227 1166 1300 revertemur,
1189 1228 1224 1288 et
1256 1225 1524 1316 dominoffig'e

327 1326 345 1352 “
368 1325 483 1384 nostro
504 1319 746 1407 archiepiscopo
770 1321 851 1407 quid
871 1320 1053 1400 fecerimus,
1077 1323 1159 1408 quid
1180 1325 1390 1405 audierimus,

327 1428 345 1454 “
368 1419 574 1486 referemus.'’
619 1422 849 1488 Discesserunt
863 1423 967 1510 igitur
982 1424 1177 1503 abinvicem,
1189 1432 1225 1491 et
1238 1428 1389 1512 praedicti

327 1523 478 1588 canonici
500 1524 609 1589 alienu
639 1524 742 1590 inviti
766 1525 999 1611 relinquentes,
1022 1548 1098 1592 cnm
1121 1529 1290 1614 quadrigis
1320 1530 1389 1594 suis

327 1630 364 1689 et
395 1625 590 1711 supellectili
622 1647 690 1693 non
721 1627 792 1693 sine
816 1628 1015 1693 verecundie
1045 1629 1222 1694 redierunt.
1269 1629 1389 1696 Relata

327 1733 408 1790 sunt
437 1727 509 1794 hrec
535 1728 777 1815 archiepiscopo
789 1753 798 1810 ;
830 1728 886 1795 ille
909 1751 988 1795 vero
1020 1750 1088 1796 non
1119 1731 1245 1797 modice
1276 1736 1387 1797 motus
1399 1727 1512 1822 mill

327 1827 448 1906 animo,
481 1827 697 1896 Cantuariam
732 1853 766 1896 se
799 1831 918 1897 deferri
951 1832 1176 1918 precepisse
1207 1837 1283 1919 post
1316 1834 1386 1900 dies
1398 1827 1496 1924 ffgtf'gp

328 1931 464 2016 aliquot,
487 1934 539 1998 xi⁰
561 1933 688 2000 scilicet
708 1942 847 1998 kalendas
865 1943 1046 2009 Decembris,
1077 1935 1114 1998 in
1140 1955 1219 2021 pecc
1250 1936 1387 2020 quievit,

156 2043 406 2098 cenericum
431 2041 643 2113 patriarchatus
669 2042 714 2098 sui
738 2041 840 2114 quinto
867 2041 989 2098 decimo.
1037 2033 1111 2115 Quo
1134 2041 1273 2113 mortuo,
1296 2037 1389 2102 misit

154 2111 256 2240 {Q
329 2139 512 2204 conventus
535 2133 784 2200 Centuariensis
806 2135 983 2200 monachos
1006 2136 1179 2202 duodecim
1202 2139 1245 2204 ad
1276 2121 1548 2221 Deve-Etllgtffi,

329 2233 422 2311 riam
445 2240 479 2300 et
509 2234 653 2320 priorem
685 2234 732 2299 eis
767 2235 941 2300 constituit
962 2234 1166 2302 Willelmum
1195 2239 1234 2305 de
1258 2240 1388 2326 Longe·
1398 2227 1538 2320 0108&ss

330 2335 417 2400 villa
463 2335 607 2402 Vacavit
628 2340 740 2401 autem
764 2334 899 2401 ecclesia
931 2335 1179 2404 Cantuariensis
1210 2345 1286 2427 post
1317 2340 1385 2406 obi-

330 2435 583 2602 manillelmi
617 2438 713 2502 annis
747 2437 875 2502 duobus
909 2459 1020 2505 mense
1042 2461 1110 2506 uno
1141 2442 1387 2526 quatuordecim

329 2538 389 2603 die
405 2560 451 2604 ua

657 2799 1056 2869 Momm-XVII.
1417 2817 1540 2864 cumr.

225 3041 231 3053 Ι
282 2976 290 2986 ·
374 2951 426 3016 Ex
450 2961 633 3033 quorundam
657 2961 787 3018 veridico
812 2953 965 3018 auditum
988 2958 1039 3018 est
1067 2964 1163 3019 relatu
1189 2955 1278 3040 quod
1309 2964 1553 3072 αρυᾱέίῃιηοξὲιὲἓ.

250 3107 256 3120 ,
331 3053 549 3112 Windeshoram
560 3052 747 3108 unodierum
766 3057 860 3108 stante
878 3053 1270 3125 populoudcelebrationem
1288 3055 1384 3112 missae
1397 3076 1423 3115 st
1460 3072 1546 3116 indmr.

328 3136 378 3194 lnx
395 3137 530 3209 quaedam
548 3136 664 3192 infulsit
682 3137 714 3191 in
731 3135 917 3192 interioribus
931 3137 1068 3194 ecclesiae.
1106 3138 1168 3207 Quo
1187 3140 1304 3196 attoniti
1322 3141 1384 3212 qni·

330 3221 396 3277 dem
412 3223 489 3277 foras
507 3221 651 3286 exierunt,
665 3218 839 3286 et,'eleratis
858 3239 972 3278 sursum
991 3221 1092 3288 oculis,
1112 3224 1258 3295 aspiciunt
1270 3225 1384 3280 stellam

329 3315 474 3372 insolitam
493 3313 564 3369 caelo
581 3313 755 3378 radiantem,
775 3311 1107 3390 animadverteruntque
1128 3315 1165 3370 de
1183 3315 1273 3371 radiis
1292 3315 1384 3372 stellas

329 3409 424 3464 lucem
441 3405 521 3461 in'lns
540 3405 731 3461 descendisse.
769 3405 946 3461 Miracnlum
964 3406 1092 3461 succedit
1109 3406 1258 3463 miraculo.
1294 3406 1384 3463 Vide-

328 3491 409 3557 bunt
431 3490 520 3557 enim
542 3499 642 3571 plures
659 3513 776 3552 crucem
801 3514 865 3568 quae
890 3512 978 3568 super
996 3497 1087 3552 altare
1105 3498 1201 3553 stabat
1218 3517 1249 3554 se
1267 3516 1383 3556 moven-

329 3598 397 3659 tem,
416 3597 446 3647 et
463 3608 542 3646 nnnc
560 3589 680 3646 dextera
706 3588 866 3654 sinistram,
886 3605 965 3642 nnnc
990 3587 1108 3644 sinistra
1125 3589 1284 3656 dexteram,
1302 3608 1384 3646 more

293 3729 296 3734 ,
328 3675 526 3748 plangentium
545 3671 801 3741 constringentem.
840 3669 905 3724 Hoc
929 3668 1039 3725 factum
1063 3675 1108 3726 est
1130 3671 1223 3727 tertio.
1261 3671 1384 3729 Crucem

328 3765 430 3823 deinde
447 3757 609 3822 videbant
635 3767 728 3819 tetam
755 3767 879 3818 tremere
906 3766 936 3816 et
961 3760 1118 3818 defluenti¹
1142 3762 1266 3819 humore
1291 3767 1384 3818 totam

327 3867 428 3922 sudare
452 3869 511 3922 lere
536 3864 641 3921 mediae
669 3862 750 3918 horse
776 3861 890 3934 spatio;
922 3864 1079 3932 postremo
1106 3865 1203 3918 antem
1229 3863 1261 3917 in
1278 3854 1382 3933 pristi-

325 3981 403 4024 num
426 3973 536 4026 statum
558 3956 689 4022 reverti.
765 3951 771 3957 ’
830 4035 832 4039 ι

369 4063 576 4128 Rementem
600 4058 788 4144 Stephanus
811 4075 922 4122 mense
953 4054 1075 4121 Martio
1101 4075 1190 4121 mare
1216 4058 1381 4136 transivit,
1394 4074 1497 4128 stophen

327 4171 365 4230 ut
386 4164 626 4231 Normanniam
658 4181 787 4247 quoque
817 4179 886 4224 suae
917 4157 1037 4223 ditioni
1061 4157 1259 4244 subjugaret
1306 4129 1534 4229 Efficit-sisu

328 4267 417 4353 cujus
450 4267 599 4332 adventu
637 4263 774 4329 attoniti
808 4259 994 4327 Normanni
1029 4257 1279 4327 declinaverunt
1316 4259 1381 4327 ed⁸

358 4541 509 4608 Melicerte]
523 4539 633 4601 deflenti,
643 4539 689 4600 B.;
701 4537 829 4600 defluenti,
911 4535 992 4603 ¹Er]
1008 4544 1043 4599 et,
1054 4537 1085 4588 C.

326 4623 387 4676 ΔΩ.
910 4614 981 4681 ¹ard]
995 4620 1060 4682 post,
1073 4615 1103 4666 C.

1177 4700 1310 4763 e‘t·
