3588 5740
452 907 517 971 562
651 921 814 1011 osnyssn
836 920 997 974 nossem
1019 922 1295 977 connumerem

298 1107 421 1156 dmm
451 1110 472 1136 “
491 1124 590 1165 sorum
625 1113 790 1166 vestrorum
825 1108 961 1183 vestigiis
996 1108 1181 1179 inherentes,
1218 1110 1269 1184 qui
1306 1128 1361 1184 pro
1394 1111 1503 1169 tuenda

451 1194 471 1220 ‘⁸
489 1192 618 1249 eeeleeioe
634 1191 769 1250 libertate
786 1193 890 1251 esteroi
906 1193 1035 1251 nominis
1052 1195 1179 1268 gloriam
1196 1195 1396 1252 meruerunt.”

493 1288 536 1353 In
572 1288 662 1356 hune
698 1291 833 1356 modum
871 1291 1073 1379 seripsenmt
1109 1292 1216 1358 eidem
1258 1292 1501 1382 arehiepieoopo

447 1392 560 1458 coeteri
582 1392 771 1460 eerdineles.
800 1434 804 1448 ·
826 1392 911 1481 Regi
933 1416 1063 1481 quoque
1085 1394 1218 1481 scripsit
1239 1395 1393 1463 dominus
1415 1417 1502 1485 pepe

446 1513 512 1560 sle:

222 1584 224 1591 ’
277 1603 435 1653 letterotthe
483 1595 720 1654 “Innocentius²
739 1595 901 1670 episeopus,
920 1615 1024 1655 servus
1050 1616 1201 1655 servorum
1219 1598 1285 1666 Dei,
1303 1598 1416 1657 illustri
1433 1599 1501 1674 regi

341 1657 426 1761 m}
447 1680 467 1707 “
486 1678 604 1754 Angliae
621 1682 746 1738 salutem
763 1687 795 1737 et
811 1681 1001 1754 apostolieum
1023 1681 1266 1739 benedictionem.
1303 1682 1446 1754 Quoniam
1463 1684 1501 1740 de

276 1756 419 1853 ΨΜἛΘΡΝ·
447 1765 467 1791 “
485 1766 570 1836 regia
586 1764 762 1821 celsitudine
779 1782 861 1837 spem
878 1770 990 1822 certam
1009 1772 1040 1822 et
1056 1766 1193 1823 fiduciam
1210 1766 1385 1839 optinemus,
1402 1773 1438 1823 ut
1453 1785 1500 1824 eo-

228 1868 232 1887 ν
275 1856 398 1904 ohumhor
445 1849 467 1875 “
486 1849 591 1904 elesias
622 1856 653 1905 et
675 1849 827 1905 ministros
853 1849 1065 1906 eeclesiastioos
1089 1849 1180 1921 digne
1197 1856 1316 1924 sataget
1342 1852 1497 1919 honorare,

275 1907 432 2008 ffiffi
447 1935 466 1960 ‘⁴
484 1933 636 2006 ipsoeqne²
646 1939 706 1991 tuse
724 1933 901 1991 defensionis
919 1941 950 1990 et
960 1935 1150 2006 protectionis
1161 1937 1323 1992 munimine
1334 1936 1498 2003 eonfovere,

275 2010 361 2059 ΜΝ·
447 2016 619 2090 “regalem
648 2018 883 2090 magnitudinem
912 2018 951 2076 ed
976 2019 1039 2075 haeo
1067 2019 1174 2075 libenti
1202 2019 1301 2075 animo
1331 2020 1499 2093 apostolicis

360 2120 362 2123 ¹
446 2102 465 2127 “
485 2101 736 2161 exhortationibus
753 2101 926 2170 invitamus,
945 2109 976 2158 et
993 2101 1126 2158 animum
1143 2106 1229 2158 tunm
1246 2102 1284 2158 ed
1310 2120 1346 2159 ea
1362 2104 1498 2161 volumus

444 2186 465 2211 “
484 2183 632 2253 inducere,
662 2204 716 2259 per
741 2204 807 2258 quae
836 2184 914 2259 Regi
937 2201 1052 2258 regum,
1078 2183 1170 2257 (injus
1198 2185 1376 2259 propitiante
1404 2186 1501 2260 gloria

443 2268 464 2295 ⁴‘
481 2269 569 2341 regni
586 2269 700 2341 optines
717 2270 903 2341 dignitatem,
921 2270 1019 2342 dignis
1037 2270 1173 2342 operibus
1190 2271 1289 2328 valeas
1306 2272 1497 2344 eomplseere,

442 2354 463 2379 ‘⁴
482 2352 638 2427 Ipsiusqne
654 2348 712 2410 tibi
737 2354 913 2411 oonoiliare⁸
930 2354 1069 2411 favorem.
1106 2354 1169 2410 Nos
1187 2355 1287 2426 itaque
1311 2372 1366 2426 pro
1382 2355 1499 2412 dilectis

441 2443 461 2468 “
480 2441 551 2498 filiis
568 2442 676 2499 nostris
700 2443 851 2499 monachis
868 2442 1087 2499 Oautuarieusis
1111 2443 1241 2499 eoeleeiae
1267 2460 1369 2517 preces
1386 2451 1499 2517 aposto·

441 2530 462 2558 “
480 2529 554 2587 lioee
571 2531 759 2604 porrigimus,
779 2532 1031 2604 magnificentiam
1055 2538 1138 2588 tuam
1157 2549 1305 2604 rogamus,
1332 2550 1496 2599 monemus,

441 2614 461 2641 “
479 2618 511 2670 et
527 2614 561 2670 in
578 2614 703 2671 Domino
721 2615 862 2672 attentius
880 2615 1078 2682 exhortamur,
1098 2614 1238 2688 quatinds
1250 2615 1329 2688 ipsos
1348 2620 1498 2672 eteorum

440 2698 633 2756 “ecelesiam
658 2701 831 2773 propensius
857 2699 965 2755 habeas
992 2699 1219 2764 commendatos,
1242 2700 1352 2755 intuitu
1376 2718 1498 2773 precum

440 2785 460 2812 “
477 2788 644 2841 nostrumne
682 2791 714 2841 et
742 2785 779 2840 ob
816 2783 1011 2840 reverentiam
1048 2782 1170 2855 gloriosi
1210 2783 1353 2856 martyris
1386 2783 1497 2841 Ohristi

437 2876 459 2906 ‘⁴
477 2873 607 2938 Thomas,
634 2872 686 2944 qui
703 2871 845 2945 sangnine
868 2870 1005 2943 martyrii
1022 2869 1264 2927 cantuariensem
1280 2870 1434 2928 eeclesiam
1460 2873 1495 2927 il·

437 2962 456 2989 ‘⁴
474 2962 622 3027 lustravit,
641 2964 672 3016 et
688 2978 707 3016 s
723 2959 953 3032 malignantium
969 2958 1157 3032 propulsione
1174 2957 1314 3014 defendes
1331 2963 1363 3015 et
1380 2959 1426 3015 ei⁴
1443 2978 1497 3017 sua

437 3045 457 3071 ‘¹
473 3044 545 3117 jura
562 3044 679 3100 illibata
704 3044 823 3100 studeas
849 3049 881 3100 et
894 3044 1013 3115 ¹integro
1038 3059 1220 3099 conservare.
1257 3041 1368 3098 Datum
1393 3042 1495 3099 Roma

435 3129 456 3158 “
476 3127 554 3201 apud
572 3126 713 3184 Sanctum
724 3127 855 3195 Petrum,
873 3126 958 3183 nonis
976 3124 1088 3194 Martii,
1106 3124 1293 3197 pontificatus
1311 3125 1406 3183 nostri
1418 3144 1496 3182 auno

437 3215 456 3241 u
475 3211 600 3285 primo),

481 3305 674 3374 Oerdinales
696 3327 827 3394 quoque
852 3327 913 3395 pro
937 3304 1170 3373 Oontuerieusi
1192 3303 1330 3374 eeclesia
1359 3305 1493 3373 domino

434 3409 506 3497 regi
528 3409 732 3497 seripserunt
753 3410 790 3474 in
811 3409 902 3475 hune
923 3408 1081 3475 modum:

266 3531 401 3594 mesre,
472 3514 491 3541 ‘⁴
502 3510 655 3568 Rioardo⁸
679 3511 736 3568 Dei
761 3511 859 3584 gretia
884 3511 949 3583 regi
978 3508 1108 3583 Anglioe,
1143 3508 1213 3566 duei
1246 3509 1437 3566 Nomannioe
1463 3514 1495 3566 et

264 3582 413 3685 mla
435 3598 455 3625 ‘³
474 3596 664 3669 Aquitanniae
681 3602 712 3652 et
729 3596 831 3653 eomiti
847 3595 1038 3669 Andegaviae,
1058 3594 1207 3652 Johunnes
1231 3594 1288 3650 Dei
1305 3593 1494 3651 miseratione

265 3684 307 3728 e..
315 3664 378 3728 emt
433 3683 455 3724 ³⁶
473 3678 558 3737 etus
576 3679 677 3736 sance
694 3678 852 3736 eromenes
873 3679 1041 3747 messis,
1061 3684 1128 3747 see,
1152 3677 1186 3734 in
1208 3678 1347 3751 presens
1367 3678 1495 3735 rerem

263 3744 369 3786 purpose.
435 3765 562 3821 “etin
588 3760 706 3822 futur0⁶
730 3780 855 3835 regnare
885 3763 1083 3836 perhenniter.
1130 3762 1245 3833 Quanto
1280 3780 1435 3835 personam
1462 3768 1495 3819 et

433 3849 453 3876 “
472 3864 598 3919 regnum
626 3853 731 3905 vestras
761 3845 950 3903 sublimitatis
979 3845 1085 3917 majori
1119 3845 1325 3917 ampleotimur
1358 3845 1491 3915 ueritate,

433 3934 453 3960 “
471 3936 554 3988 tento
570 3931 744 4004 propensius
770 3930 874 4003 exequi
891 3929 1027 3987 volumus
1045 3933 1077 3985 et
1101 3928 1241 3986 debemus
1258 3946 1295 3986 ee
1320 3946 1386 4002 ques
1403 3929 1492 3987 saluti

432 4017 452 4042 ‘⁴
471 4022 576 4073 vestrm
595 4015 754 4088 expediunt
776 4019 807 4071 et
831 4013 944 4070 honori.
980 4012 1184 4071 Veruntamen
1208 4013 1321 4085 regiam
1344 4014 1419 4070 eerti
1443 4032 1492 4071 su·

431 4102 451 4127 “
470 4117 537 4156 mus
555 4116 616 4155 non
632 4099 726 4156 latere
750 4098 920 4163 sollertiam,
940 4097 1027 4169 quod,
1046 4096 1125 4154 inter
1148 4102 1254 4154 ooetern
1271 4096 1378 4170 quibus
1395 4103 1491 4171 potes·

431 4186 451 4211 ‘⁸
471 4184 510 4241 tie
528 4182 660 4240 divinem
685 4182 812 4255 gratiam
838 4180 1009 4255 promereri,
1029 4180 1213 4238 conservatio
1239 4185 1334 4237 statne
1352 4182 1490 4238 eeclesia·

432 4270 452 4297 “
470 4280 548 4324 rum*
561 4268 658 4340 regni,
682 4272 713 4323 et
741 4267 859 4322 illerum
883 4265 1031 4339 praeoipne
1048 4282 1114 4337 quae
1138 4264 1291 4338 religionis
1317 4269 1349 4321 et
1376 4265 1490 4322 ordinis

431 4353 451 4382 ‘⁴
469 4352 558 4409 titulo
575 4350 760 4419 decorantur,
779 4367 840 4407 nou
864 4349 1009 4406 modicam
1032 4349 1116 4406 vobis
1135 4348 1294 4421 adaugeret
1310 4347 1439 4422 gloriam
1456 4354 1490 4406 et

460 4561 469 4595 ¹
482 4559 654 4628 Innocentius]
669 4559 719 4613 See
728 4556 849 4625 Epistola
862 4555 929 4609 Oan-
1011 4552 1022 4586 ⁴
1033 4553 1069 4620 et]
1085 4552 1132 4612 eis,
1144 4553 1176 4604 B.

425 4641 572 4705 mettenses,
592 4642 644 4694 No.
667 4634 792 4703 eeoexlii„
813 4652 839 4704 p.
861 4641 929 4698 3⁹93
1013 4631 1163 4700 mimo]
1179 4631 1361 4698 Seellpistola
1372 4633 1484 4689 mnus

421 4721 499 4773 dated
508 4720 572 4788 Moy
584 4723 608 4783 7,
622 4724 696 4773 1198.
980 4712 1084 4777 rienses,
1094 4713 1146 4764 No.
1157 4712 1287 4776 ccccxliv..
1298 4730 1322 4779 p.
1334 4720 1394 4767 401.

459 4801 607 4869 'ipsotqad
622 4801 700 4867 ipsos,
712 4798 742 4852 O.
1014 4793 1136 4862 οΜινο]
1150 4794 1275 4859 futurum,
1285 4795 1316 4848 0.

459 4880 471 4914 ⁸
481 4880 631 4949 conditore]
646 4878 790 4941 oonsiliare,
799 4879 835 4931 A.
846 4877 879 4931 Β.
