3646 5720
650 889 656 897 '
726 905 839 956 ornus
861 905 1053 957 msromcn
1339 891 1405 958 259

229 1178 234 1187 ι
347 1111 439 1169 vens,
472 1089 746 1161 Centenariensem
778 1090 1060 1178 arehiepiscopum
1097 1090 1288 1178 appellavit
1338 1091 1403 1157 Ar-
1432 1096 1489 1142 AD·
1497 1097 1556 1144 11⁷&

348 1192 575 1281 ohiepisoopus
604 1216 624 1262 e
653 1198 780 1275 eontra,
809 1215 845 1261 se
874 1192 1004 1280 sibique
1034 1191 1184 1261 subditos
1213 1165 1559 1282 spostolieaeaffl
1654 1221 1659 1229 ·

347 1297 547 1380 preteetioni
569 1318 764 1385 supponens,
787 1296 897 1384 ipsum
926 1295 1074 1383 legatum
1099 1295 1321 1383 appellatione
1350 1283 1521 1383 so-ss‘ffl*

347 1397 491 1466 lenniter
505 1399 594 1467 fasta
615 1398 832 1487 provooevit¹
871 1397 1027 1465 Sentiens
1047 1404 1160 1466 eutem
1181 1399 1311 1486 legatus
1330 1399 1401 1465 vim

346 1500 451 1581 verbi,
474 1522 510 1566 se
532 1499 657 1568 etism²
678 1500 820 1567 ulterius
841 1499 878 1565 in
899 1498 1026 1587 Anglie
1045 1499 1175 1567 nullam
1197 1499 1319 1567 habere
1343 1521 1401 1587 po·
1413 1513 1557 1609 uholestq

347 1607 513 1682 essem,
533 1603 629 1690 qum
653 1608 774 1691 spone
803 1602 862 1670 ses
888 1602 1017 1669 invitus
1046 1602 1207 1691 legationi
1237 1603 1344 1683 esst,
1366 1566 1571 1712 stiffi

347 1705 439 1771 abire
467 1726 538 1772 non
566 1705 708 1774 distulit
761 1705 1048 1773 Intereedentibus
1080 1710 1194 1773 tamen
1226 1706 1401 1791 utriusque
1553 1698 1560 1712 ⁰

345 1813 441 1893 parte
469 1808 594 1887 amieis,
627 1806 866 1896 appellationes
899 1806 1007 1874 iactes
1043 1811 1162 1874 mntuo
1194 1807 1400 1885 dimiserunt,

345 1909 475 1976 enimes
507 1910 656 1977 irritatos
689 1909 935 1976 dissimulantes
968 1908 1144 1996 utrimque.
1196 1908 1251 1975 Ad
1289 1909 1400 1996 prexi-
1413 1928 1526 1973 nenne

345 2032 439 2075 mum
464 2008 592 2081 Pesehe
616 2011 796 2098 praedictus
818 2010 972 2099 Hugntio
996 2011 1092 2078 venit
1118 2009 1342 2090 Onntrreriam,
1366 1980 1570 2125 οὴῗιῗῖῗυέἑᾚ

346 2113 451 2199 ipsius
476 2114 544 2182 ers
570 2112 739 2182 smnus
767 2115 805 2180 n
834 2114 970 2182 emese
997 2113 1123 2181 neree
1148 2115 1324 2181 nemum
1349 2082 1570 2224 telepte·
1615 2197 1617 2201 ι

345 2216 466 2283 lenniis
486 2218 645 2284 interesse
665 2216 857 2306 despiciens,
872 2217 910 2282 in
929 2238 1059 2284 camera
1078 2216 1324 2304 arehiepiseopi,
1341 2217 1401 2283 ubi
1413 2182 1461 2227 ω
1485 2191 1550 2234 m

326 2318 413 2415 'fuit
441 2319 640 2406 hospitatus,
666 2341 743 2387 eum
774 2319 843 2386 suis
874 2318 1011 2386 delituit
1041 2320 1271 2387 servientibus.
1317 2320 1402 2387 Inde

345 2421 500 2496 recedens
533 2427 569 2488 et
602 2421 647 2488 ud
679 2441 770 2488 mere
803 2421 1008 2508 perveniens,
1040 2442 1115 2488 eum
1149 2427 1245 2489 teuto
1278 2422 1400 2489 effectu

345 2528 555 2591 transvectus
585 2529 646 2602 est,
660 2529 716 2603 ut,
739 2523 769 2590 si
791 2523 877 2590 forte
899 2528 1022 2590 ventus
1050 2523 1239 2590 transeunti
1265 2524 1402 2601 deesset,
1497 2600 1505 2611 ,

345 2647 511 2693 remorum
533 2627 660 2694 auxilio
682 2648 725 2692 ne
747 2625 871 2693 rediret
890 2626 947 2692 vel
968 2625 1096 2692 diutius
1118 2631 1302 2693 moraretur
1321 2647 1402 2712 quo-

346 2748 477 2814 eunque
497 2729 596 2796 modo
616 2723 870 2795 trensfretaret8
909 2726 1006 2793 Abiit
1027 2748 1105 2814 ergo
1126 2727 1305 2814 praedictus
1327 2727 1402 2793 Hu-

345 2830 441 2917 gutio
470 2830 558 2898 eirea
582 2830 706 2897 festum
735 2828 958 2915 apostolorum
987 2827 1078 2894 Petri
1104 2833 1139 2894 et
1168 2827 1274 2906 Pauli,
1300 2833 1336 2895 et
1365 2827 1506 2892 innuen
1514 2842 1561 2887 ens

345 2932 498 3017 proximo
520 2953 633 2999 mense
654 2931 807 3018 sequenti
828 2929 992 3018 applicuit
1013 2929 1099 2996 alter
1120 2929 1264 3016 quidam,
1285 2929 1401 2996 Vivie-
1413 2893 1572 3039 ΞΕΞῘΞΨ

344 3055 409 3100 nus
438 3034 580 3113 nomine,
606 3035 644 3100 in
673 3034 871 3100 Hiberniam
904 3038 940 3099 et
973 3030 1119 3119 Sootiam
1149 3032 1288 3120 legatus.
1335 3032 1402 3114 Qui
1413 3025 1503 3100 Juu·'

288 3149 306 3201 ‘a
345 3156 422 3202 eum
447 3137 587 3225 superbe
612 3157 702 3203 more
727 3136 877 3202 Romano
902 3135 994 3221 apud
1019 3135 1177 3214 Domum,
1202 3156 1272 3202 non
1293 3135 1402 3223 petita

344 3236 489 3317 lieentia
519 3238 583 3305 sibi
613 3236 797 3324 hospitium
826 3240 1011 3324 usurparet,
1033 3242 1068 3303 et
1092 3238 1267 3305 minaciter
1287 3237 1401 3326 loque·

344 3345 445 3419 retur,
476 3341 626 3407 dominos
657 3341 774 3407 domus
804 3339 978 3427 paululum
1007 3339 1176 3407 irritavit:
1205 3339 1295 3406 unde
1324 3363 1400 3408 eum

344 3443 489 3530 turpiter
511 3444 573 3511 eiei
596 3443 772 3522 debuisset,
794 3448 966 3530 assumpta
987 3441 1181 3510 humilitate
1204 3442 1304 3530 petiit
1323 3438 1399 3510 hos·

344 3544 468 3630 pitium
497 3545 680 3624 tentative,
712 3543 894 3631 statimque
919 3543 1063 3632 benigne
1090 3550 1270 3632 susceptus,
1298 3546 1399 3612 etiam

344 3647 409 3712 sibi
433 3647 624 3715 resistentes
651 3647 862 3715 collaudavit
1006 3724 1010 3729 .

389 3746 433 3814 In
455 3750 510 3816 die
532 3751 618 3817 festo
640 3750 757 3818 Mariae
771 3748 978 3839 Magdalenoe
992 3754 1158 3817 venerunt
1182 3747 1400 3817 Cantauriam
1412 3731 1568 3851 „hfffim
1610 3797 1612 3800 -

345 3850 498 3918 decanus
511 3858 546 3918 et
566 3858 681 3919 eantor
695 3852 869 3940 elerieique
890 3851 1002 3940 plures
1018 3850 1231 3918 carnotensis
1246 3852 1399 3932 eeclesiae,
1412 3848 1569 3944 {qm

344 3953 411 4039 qui,
427 3954 471 4020 ob
492 3952 650 4021 honorem
671 3959 706 4019 et
727 3976 872 4020 amorem
895 3952 1010 4020 Seneti
1030 3953 1166 4020 Thomae
1186 3953 1344 4041 martyris
1366 3959 1401 4020 et
1412 3950 1569 4046 fflfflssbm

344 4057 595 4125 Cantueriensis
621 4059 765 4127 eeclesiae
787 4059 1026 4139 exoellentism,
1052 4059 1223 4147 elegerunt
1245 4059 1282 4125 in
1311 4061 1399 4147 oapi·
1413 4051 1504 4104 ΜΨ·

343 4160 416 4227 tulo
438 4160 628 4249 Johennem
658 4161 700 4228 de
731 4160 911 4229 Selisberie
940 4162 984 4228 ed
1013 4161 1161 4250 regimen
1188 4162 1400 4229 Onrnotensis

343 4262 496 4331 ecelesiae.
543 4264 627 4331 Eret
657 4263 748 4331 enim
779 4263 835 4330 hie
868 4263 1038 4331 Johennes
1071 4284 1093 4329 a
1124 4264 1306 4352 juventute
1340 4286 1402 4332 sue

343 4365 595 4441 Oentueriensis
616 4367 761 4437 eoelesiae
783 4367 929 4449 derisus,
945 4367 1053 4461 primo
1067 4367 1280 4436 Theodbeldo
1294 4368 1400 4437 arehi-

377 4712 555 4782 ¹provocavir]
571 4712 713 4780 appellavit,
726 4712 757 4766 0.
787 4732 789 4736 ³
928 4713 1095 4779 ³querensque
1117 4714 1187 4764 medo
1204 4715 1397 4782 tramsretem]

375 4795 425 4845 'ae
436 4795 525 4862 aba]
540 4809 627 4859 seque,
638 4793 669 4846 C.
896 4795 1080 4859 quonammodo
1091 4794 1273 4859 trenssretevlt,
1285 4796 1316 4849 G.

1198 4917 1267 4981 122
