3572 5744
396 837 440 897 80
597 848 758 898 enavasu
782 849 942 898 uoracnr
967 849 1240 901 canruasrnsffls

228 1257 262 1299 An
271 1266 337 1316 argri-

227 1311 291 1349 mcnt
300 1318 324 1348 m
379 1338 383 1345 .

226 1357 335 1400 honoror
343 1356 383 1401 tlrc
397 1351 414 1377 “

226 1409 296 1450 abbot
304 1408 330 1450 ol

227 1458 249 1500 8.
258 1459 345 1509 Augus·

225 1508 282 1550 tiue'

225 1521 315 1620 agurist
325 1559 365 1603 tlrc
396 1559 411 1583 “

225 1609 369 1663 archbrahop.
395 1661 412 1687 u

555 1087 766 1154 Imcnrarro
788 1101 909 1153 causa
931 1100 1034 1164 euas1
1057 1102 1123 1153 rao
1145 1102 1286 1155 issara

442 1250 458 1276 “
482 1241 574 1306 Licet
599 1240 642 1305 ad
667 1245 821 1316 vestram,
845 1244 941 1325 pater
964 1237 1177 1318 serenissime,
1192 1246 1319 1327 spectet
1341 1241 1451 1328 provi-

437 1343 584 1409 dentiam
609 1363 689 1409 cura
714 1348 750 1407 et
775 1340 963 1407 sollicitudo
987 1341 1185 1409 universalis
1211 1342 1363 1421 ecclesie,
1379 1364 1451 1430 spe-

396 1453 414 1480 “
437 1446 564 1511 cialiter
589 1450 703 1511 tamen
726 1444 911 1531 Anglicana
937 1444 1073 1511 ecclesia
1099 1450 1220 1511 vestrae
1244 1445 1450 1512 celsitudinis

435 1549 564 1636 expetit
597 1547 871 1634 jurisdictionem,
902 1567 1001 1633 quam
1027 1568 1086 1634 per
1123 1548 1295 1614 matricem
1326 1548 1451 1614 scilicet

436 1651 707 1717 Cantuariensem
731 1650 909 1728 ecelesiam,
932 1650 1099 1717 mediante
1113 1651 1313 1738 Augustino,
1339 1651 1451 1718 Chris-

395 1757 536 1822 “tianae
573 1755 651 1820 fidei
693 1753 935 1831 seminiverbia,
976 1753 1019 1820 ab
1056 1753 1119 1821 hac
1156 1760 1271 1821 sancia
1301 1754 1451 1821 Romana

395 1868 410 1892 “
435 1858 569 1924 ecclesia
605 1857 753 1944 generosi
792 1856 962 1942 sanguinis
992 1857 1100 1922 traxit
1136 1856 1304 1943 originem
1368 1857 1449 1937 Quae

394 1970 411 1994 “
434 1983 509 2026 cum
531 1961 644 2026 lumen
671 1964 706 2024 et
734 1958 784 2025 sol
810 1980 879 2023 esse
909 1958 1015 2024 soleat
1040 1958 1228 2037 occidentis,
1251 1959 1450 2046 glorificavit

395 2073 410 2097 “
434 2086 507 2128 eam
537 2063 628 2128 Deus
657 2061 773 2125 multis
814 2061 1052 2146 praeconiorum
1084 2062 1246 2147 insigniis,
1277 2062 1449 2147 temporali

395 2176 411 2200 “
435 2166 560 2232 scilicet
596 2164 691 2252 copia
729 2163 955 2249 bonorumque
994 2164 1218 2251 spiritualium
1263 2164 1449 2230 manifestis

394 2278 410 2302 “
434 2268 564 2334 indiciis
587 2271 622 2331 et
636 2267 818 2331 innumeris
840 2266 1072 2333 miraculorum
1088 2267 1200 2353 signis.
1239 2266 1321 2347 Quae
1337 2272 1449 2333 tamen

394 2380 409 2404 “
433 2392 507 2436 cum
533 2370 680 2435 omnium
710 2370 870 2434 bonorum
901 2364 1000 2454 plena
1031 2370 1077 2433 sit
1107 2376 1142 2435 et
1170 2369 1298 2447 fertilis
1324 2370 1361 2433 in
1388 2369 1449 2436 hoc

394 2482 410 2506 “
433 2473 503 2538 solo
533 2493 630 2536 suum
661 2476 731 2536 tam
762 2491 920 2555 magnum
950 2477 985 2536 et
1015 2475 1086 2536 tam
1115 2471 1294 2555 gloriosum
1326 2472 1450 2537 minuit

435 2575 600 2651 meritum,
615 2573 703 2659 quod
724 2572 892 2637 ecclesiam
916 2578 1063 2637 nostram
1088 2572 1191 2638 filiam
1216 2596 1310 2639 suam
1325 2574 1450 2659 specia-

321 2707 364 2738 eur
394 2688 411 2712 “
433 2678 592 2743 lissimam
603 2681 742 2742 conatur
756 2674 949 2761 opprimere,
961 2696 1036 2741 cum
1051 2676 1183 2741 unicam
1198 2682 1234 2741 et
1248 2677 1448 2764 singularem

436 2781 548 2866 ipsius,
576 2801 676 2868 quam
705 2799 727 2844 a
766 2777 883 2864 primis
919 2777 1068 2845 noscitur
1103 2778 1267 2857 habuisse,
1298 2780 1447 2846 minuere

393 2895 409 2921 “
433 2885 553 2970 quaerit
575 2883 782 2969 dignitatem.
840 2880 926 2947 Oum
956 2881 1045 2947 enim
1076 2886 1129 2947 tot
1157 2882 1286 2969 fulgeat
1316 2883 1447 2961 divinis,

392 2993 485 3052 “tot
514 2987 717 3073 dignitatum
748 2982 892 3049 emineat
925 2983 1108 3069 praeconiis,
1139 2989 1180 3048 ut
1212 2983 1312 3069 hujus
1342 3006 1448 3051 sacro·

393 3098 409 3123 “
431 3094 554 3155 sancte
589 3088 747 3153 Romanae
785 3084 929 3151 ecclesiae
967 3085 1118 3171 specialis
1156 3085 1281 3151 existat
1317 3085 1388 3152 filia
1412 3093 1447 3153 et

392 3202 408 3225 “
431 3191 625 3277 Anglicanee
651 3192 759 3253 mater
784 3186 939 3264 ecclesiae,
963 3187 1076 3273 solque
1101 3188 1155 3264 sit,
1180 3192 1219 3252 ut
1242 3187 1397 3265 diximus,
1412 3193 1447 3254 ct

391 3303 408 3328 “
431 3294 543 3359 lumen
558 3291 745 3367 occidentis,
761 3311 836 3375 quae
858 3289 1035 3355 necessitas
1058 3295 1110 3355 est
1124 3295 1164 3355 ut
1178 3295 1248 3356 tam
1271 3292 1447 3356 enormiter

393 3406 526 3462 “suam
557 3402 627 3461 tam
657 3394 822 3480 copiosam
851 3396 972 3479 augeat
1001 3392 1149 3479 gloriam,
1178 3414 1337 3478 suamque
1377 3399 1446 3459 tam

392 3509 409 3534 “
433 3499 607 3586 propriam,
638 3505 708 3563 tam
738 3496 872 3563 unicam
902 3495 1069 3582 deprimat
1098 3501 1134 3561 et
1170 3496 1291 3582 spoliet
1319 3496 1447 3562 filiam?

393 3602 552 3687 “Inique
583 3601 681 3666 saevit
711 3600 768 3686 qui
800 3620 876 3664 suos
906 3598 1124 3685 persequitur.
1185 3597 1347 3665 Attamen
1377 3599 1447 3667 haec

392 3703 614 3790 “persecutio
644 3701 817 3767 familiaris
837 3700 996 3788 temporis
1025 3700 1184 3766 instantis
1206 3706 1266 3779 est,
1296 3724 1363 3767 non
1389 3723 1447 3767 an·

237 3839 284 3887 no
392 3808 518 3893 “tiqui
555 3806 600 3872 ab
637 3804 833 3871 orthodoxis
871 3804 1024 3890 patribus
1065 3804 1222 3869 instituti.
1282 3806 1314 3868 A
1340 3805 1447 3891 primo

221 3890 340 3971 aii⁰⁸a⁰
393 3920 409 3945 “
432 3910 555 3976 etenim
578 3914 725 3994 tempore
748 3929 813 3993 quo
835 3906 1021 3993 Anglicana
1042 3912 1157 3984 mater,
1182 3906 1338 3973 videlicet
1360 3908 1444 3974 Cun-

230 3990 317 4105 pvouw
393 4024 410 4049 “
432 4012 610 4079 tuariensis
632 4011 775 4087 ecclesia,
798 4010 949 4075 Romano
971 4010 1129 4096 processit
1159 4011 1202 4074 ab
1224 4014 1327 4088 utero,
1351 4016 1447 4078 tanta

222 4090 292 4172 vif
310 4091 334 4171 ἷξε
393 4126 409 4151 “
431 4138 507 4203 pax,
538 4120 635 4180 tanta
670 4100 790 4179 unitas
811 4112 899 4178 inter
927 4111 1049 4197 primos
1083 4117 1202 4198 patres,
1232 4111 1445 4198 archiepisco·

393 4230 409 4254 “
432 4241 492 4306 pos
514 4217 639 4282 scilicet
662 4214 918 4281 Cantuarienses
942 4220 977 4280 et
1006 4214 1144 4281 abbates
1167 4220 1307 4291 nostros,
1322 4216 1446 4292 extitit,

294 4380 305 4403 ,
392 4327 473 4386 “ut
510 4319 596 4385 idern
635 4318 729 4396 velle,
764 4318 853 4384 idem
886 4316 975 4383 nolle
1005 4317 1094 4382 inter
1120 4339 1174 4382 eos
1200 4322 1236 4382 et
1273 4317 1445 4403 utriusque

392 4434 408 4459 “
432 4426 614 4490 conventus
652 4419 805 4495 ecclesiae,
834 4441 923 4485 verae
952 4423 987 4483 et
1024 4418 1128 4483 firmae
1158 4419 1331 4485 vinculum
1360 4425 1446 4485 esset

392 4536 408 4562 “
432 4524 626 4601 dilectionis,
649 4523 732 4589 adeo
761 4528 802 4588 ut
824 4521 1059 4608 archiepiscopi
1086 4542 1153 4586 non
1176 4521 1287 4586 minus
1316 4529 1444 4599 nostrae,

392 4628 467 4692 “id
491 4633 550 4702 est,
577 4625 692 4690 Sancti
718 4625 900 4710 Augustini
929 4624 1143 4710 providerent
1172 4624 1323 4700 ecclesiae,
1344 4646 1444 4710 quam

392 4740 408 4765 “
431 4752 509 4804 sure,
538 4727 802 4814 metropolitanae
832 4727 902 4793 sedi
934 4726 1088 4793 videlicet
1115 4726 1354 4793 Oantuariensi.
1401 4727 1446 4792 Et
