3628 5728
724 887 839 942 ormi
859 888 1052 942 msromos.
1338 869 1405 943 507

355 1075 376 1105 ⁶⁶
393 1077 511 1145 usim,
522 1075 625 1135 mes.
654 1076 747 1135 nouo
764 1078 883 1151 queem
900 1052 932 1135 se
949 1077 1060 1135 solens
1076 1077 1223 1145 sonato,
1241 1077 1339 1151 passos
1355 1075 1403 1133 eu
1424 1082 1557 1180 „2523ss

354 1160 375 1188 ‘⁴
392 1162 584 1235 compatienti
600 1162 771 1235 compatior,
789 1162 842 1218 sed
861 1163 892 1218 in
918 1162 1010 1235 ipsius
1026 1161 1209 1235 passionibus
1226 1168 1257 1218 et
1276 1161 1402 1234 ignomi-
1415 1146 1528 1245 nidm-
1556 1166 1563 1180 ⁸

353 1246 374 1273 “
392 1246 451 1302 niis
462 1250 542 1302 totus
559 1246 648 1302 homo
659 1264 741 1302 meus
753 1246 874 1303 interior
885 1246 984 1319 gladio
1000 1245 1142 1320 passionis
1154 1250 1201 1302 est
1217 1247 1402 1302 uansfossus.
1457 1245 1543 1306 imm

353 1327 374 1355 ‘⁴
393 1327 467 1384 Cum
485 1335 583 1384 autem
605 1329 774 1401 hujusmodi
796 1330 906 1384 factum
922 1328 1067 1384 redundet
1091 1328 1124 1383 in
1149 1328 1289 1400 iujuriam
1313 1328 1404 1384 totius

352 1411 374 1439 “
390 1412 520 1468 ecclesiae
536 1411 718 1485 Anglicanae,
737 1412 775 1468 de
798 1413 945 1467 communi
966 1413 1092 1468 fratrum
1118 1415 1149 1468 et
1172 1412 1406 1485 coepiscoporum
1512 1426 1516 1439 ·

352 1494 373 1521 ‘⁶
389 1500 557 1550 neruorum
570 1494 779 1551 deliberatione
789 1494 945 1567 procedere
957 1494 1045 1550 debet
1055 1495 1209 1550 consilium
1221 1494 1300 1564 quod
1317 1512 1405 1567 super

352 1578 372 1605 “
392 1582 453 1633 tam
470 1578 562 1634 arduo
578 1579 697 1649 negotio
719 1578 801 1635 vobis
824 1577 890 1634 dari
912 1578 1076 1649 postulatis.
1112 1579 1204 1634 Porro
1220 1578 1247 1633 si
1263 1578 1404 1637 fratribus
1416 1589 1563 1639 Hedaoltues

352 1662 372 1687 “
391 1661 564 1717 inconsultis
581 1662 703 1717 verbum
720 1660 839 1733 aliquod
856 1661 972 1717 consilii
989 1679 1076 1734 super
1099 1661 1154 1717 hoc
1176 1659 1402 1733 praecipitarem,
1415 1642 1526 1737 ξξίξξξῖθ

353 1741 371 1768 “
391 1759 451 1796 non
476 1741 615 1800 inmerito
638 1758 754 1814 possem
779 1741 816 1796 ab
841 1740 884 1797 eis
912 1740 999 1812 argui
1025 1736 1134 1796 tantae¹
1159 1739 1402 1813 praesumptionis.
1415 1743 1573 1838 ffirma-

351 1823 503 1882 “Verum
526 1825 673 1898 largiente
690 1826 818 1882 Domino
836 1825 915 1897 quod
933 1826 1012 1881 solus
1031 1824 1155 1897 aggredi
1171 1842 1230 1879 non
1247 1842 1402 1896 praesumo,
1496 1806 1533 1840 ⁰¹²
1589 1832 1594 1846 '

352 1908 372 1935 ‘⁴
389 1913 538 1981 praeunte
563 1914 595 1965 ct
622 1908 834 1965 communicato
863 1909 984 1965 consilio
1013 1908 1124 1964 domini
1144 1906 1353 1964 Londoniensis
1373 1913 1405 1964 et

351 1993 372 2020 ⁴⁴
390 1992 516 2048 aliorum
533 1993 712 2049 confratrum
729 1998 855 2049 tractare
872 2010 931 2047 non
948 1991 1136 2048 afferemus?

394 2075 564 2142 Nolebant
585 2074 697 2143 enim*
718 2077 862 2164 episcopi
895 2076 1108 2164 singulariter
1130 2076 1208 2142 dare
1230 2075 1403 2142 consilium
1415 2098 1464 2144 ue
1471 2100 1537 2145 usa·

351 2178 453 2245 donec
487 2178 686 2245 diffiniretur
718 2179 755 2244 in
789 2180 954 2246 communi
986 2179 1067 2264 quid
1097 2179 1188 2245 facto
1221 2179 1299 2246 huic
1332 2150 1523 2247 mahildis

349 2282 476 2347 enormi
508 2304 591 2369 opus
625 2281 732 2348 esset⁶
777 2279 958 2348 convocati
989 2287 1070 2347 sunt
1102 2282 1216 2368 itaque
1250 2282 1402 2370 episcopi,

348 2388 384 2449 et
414 2383 548 2453 interim
581 2383 843 2470 archiepiscopus
872 2384 926 2449 die
956 2384 1097 2470 septima
1121 2385 1235 2449 eadem
1258 2386 1315 2449 via
1337 2403 1548 2470 quaflessoaa

349 2484 550 2551 educebatur
582 2485 737 2551 reductus
768 2490 820 2551 est
848 2486 885 2549 in
910 2485 1079 2551 ecelesiam
1111 2484 1226 2552 Sancti
1255 2486 1403 2566 Martini,
1414 2454 1518 2500 mm

352 2586 473 2673 dieque
496 2587 597 2653 tertia
620 2585 836 2653 Oantuariam
856 2587 1022 2674 profectus
1044 2587 1249 2653 Londonium
1271 2611 1404 2677 proper-

347 2690 428 2755 avit.
475 2689 578 2756 Facta
610 2695 661 2755 est
693 2690 798 2776 igitur
830 2689 1027 2756 coadunatio
1058 2691 1284 2778 episcoporum
1312 2694 1403 2780 apud
1414 2712 1548 2775 swanger

348 2790 557 2858 Windesores
586 2791 629 2856 ii0
658 2813 763 2857 nonas
795 2790 956 2871 Octobris,
986 2814 1054 2859 una
1083 2790 1162 2859 'cum
1195 2795 1315 2861 comite
1344 2764 1541 2867 Jo-ttl‘ttt‘

295 2943 298 2949 .
346 2893 457 2960 hanna
479 2899 520 2960 et
535 2893 946 2981 duobus‘archiepiscopis,
968 2894 1225 2982 Rothomagensi
1247 2865 1492 2964 videlicetOM

345 3002 381 3062 et
403 2995 608 3063 Eboracensi
646 2996 820 3063 Dederunt
841 2997 954 3084 itaque
968 2997 1189 3064 anathematis
1204 3000 1403 3065 sententiam

346 3098 383 3163 in
398 3121 510 3165 omnes
532 3099 788 3189 apprehensores
803 3099 1049 3187 archiepiscopi,
1064 3105 1299 3167 consentaneos
1321 3124 1402 3189 quo·

346 3222 410 3287 que
433 3207 468 3269 et
498 3202 696 3289 participes;
727 3201 815 3268 solus
848 3201 1061 3269 maessauus
1082 3203 1272 3270 absentavit
1303 3227 1337 3271 se
1367 3210 1539 3273 eausam.

346 3302 435 3389 fugit
465 3303 678 3370 Londoniam.
725 3304 831 3384 Quem
858 3326 965 3371 comes
990 3327 1008 3371 e
1030 3306 1172 3392 vestigio
1198 3307 1401 3394 subsequens
1412 3280 1527 3385 ddi?

346 3404 477 3471 obsedit
508 3427 568 3492 per
601 3406 671 3472 dies
704 3427 827 3491 paucos
858 3407 894 3471 in
919 3407 1028 3472 ‚Turre
1060 3407 1291 3477 Londoniensi.
1337 3409 1400 3477 Cui

346 3526 422 3572 cum
443 3508 656 3574 cancellarius
681 3529 750 3573 non
779 3507 906 3574 valeret
936 3510 1094 3587 resistere,
1126 3511 1235 3595 petita
1265 3513 1402 3580 licentia

345 3610 498 3696 pervenit
535 3609 757 3677 Oantuariam.
801 3610 930 3677 Deinde
961 3611 998 3675 in
1027 3612 1159 3678 castello
1192 3614 1569 3685 Dovorensissnsssss

344 3716 495 3799 receptus
533 3717 592 3780 est.
650 3712 875 3778 Inhibuerunt
911 3718 1023 3779 autem
1057 3715 1236 3801 justitiarii
1267 3718 1399 3806 Angliae
1411 3686 1494 3735 novor.
1596 3786 1599 3790 ,

345 3814 563 3902 burgensibus
584 3814 748 3893 Dovoriae,
770 3837 814 3881 ne
843 3816 1038 3902 praedictum
1071 3819 1302 3885 cancellarium
1326 3843 1398 3908 per-

344 3916 517 3982 mitterent
548 3915 769 3983 truusfretare.
814 3916 890 4004 Ipse
919 3923 1056 3984 autem⁷
1077 3919 1166 3985 idem
1188 3921 1274 3988 velle
1296 3923 1397 3988 simu»
1410 3955 1510 4016 Μ,

343 4018 436 4086 labat
468 4018 583 4086 addito
614 4018 754 4085 terribili
786 4019 983 4105 juramento.
1038 4020 1113 4088 Prae
1145 4024 1250 4091 nimia
1286 4018 1481 4092 tamenlum

343 4122 465 4188 mentis
486 4121 642 4210 arimatia
663 4143 797 4210 gemens
819 4128 855 4189 et
876 4123 1006 4207 auxius,
1021 4130 1113 4192 veste
1135 4126 1226 4192 virili
1248 4128 1399 4217 deposita

1545 1310 1569 1344 n.

374 4388 587 4457 ιι1]οιιι.Δ.Β.
790 4447 793 4453 ,
826 4438 831 4449 ,
890 4398 964 4453 emet
987 4392 1019 4443 Β.
1062 4392 1097 4443 A.
1119 4395 1194 4447 reads
1217 4395 1306 4461 “quid
1326 4395 1395 4449 facto

375 4470 490 4536 ΗΜ]
502 4477 607 4530 temera
619 4469 650 4521 0.
890 4473 906 4502 a
922 4469 982 4522 huic
1002 4472 1035 4522 de
1054 4479 1116 4524 nota
1131 4481 1183 4524 tum
1200 4475 1300 4526 enormi
1319 4476 1397 4541 hujus

375 4548 732 4617 ³tracturenoadrfferemar]
746 4564 797 4601 om.
808 4551 846 4600 A.
890 4553 906 4580 “
923 4565 987 4615 opus
1015 4552 1106 4612 emet?
1133 4552 1230 4604 altered
1257 4561 1285 4606 to
1308 4555 1396 4621 “quid

342 4631 373 4682 B.
890 4633 906 4658 “
922 4629 992 4681 facto
1009 4629 1068 4681 huic
1085 4633 1118 4683 de
1136 4640 1190 4683 tam
1207 4642 1270 4686 ncta
1287 4651 1316 4687 re
1332 4651 1395 4702 opus

376 4707 472 4775 ⁴ear‘ar]
487 4723 537 4760 orn.
551 4708 582 4760 O.
890 4710 907 4737 ‘⁴
922 4709 1015 4760 esset”

372 4787 456 4854 ‘quid
471 4824 479 4839 .
495 4825 503 4840 .
521 4787 616 4855 ΛΜ]
631 4787 692 4853 quid
702 4786 772 4840 laeto
782 4788 848 4839 huic
923 4786 1101 4856 ‘Davom
1115 4790 1266 4861 Deveremi,
1279 4794 1310 4849 C.

336 4868 370 4919 de
392 4874 453 4920 nota
474 4875 527 4922 tam
548 4876 576 4921 et
596 4866 747 4921 enormitate
775 4882 841 4935 opus
923 4866 1040 4937 lactea]
1054 4870 1140 4935 etiam,
1153 4872 1183 4928 O.
