3662 5728
431 826 495 889 160
630 841 792 891 oramen
815 840 975 891 nomem
998 841 1273 894 camuamarsm

261 1037 399 1153 &iffi
429 1030 636 1117 [anglicanis
659 1030 729 1117 ct]¹
751 1032 989 1110 transmarinis,
1011 1039 1046 1098 et
1068 1034 1243 1099 innumera
1264 1029 1481 1100 multitudine

259 1151 374 1245 Ἠῶ]
427 1133 540 1219 plebia.
586 1134 715 1220 Regina
737 1156 866 1221 quoque
893 1134 1039 1213 Alienor,
1062 1158 1180 1223 aroge
1202 1134 1403 1200 Francorum
1418 1132 1482 1198 Lo·

376 1231 383 1245 '
427 1235 544 1301 dovico
566 1236 747 1322 repudiata,
774 1259 848 1302 cum
874 1237 947 1323 ipso
977 1244 1131 1309 coronata
1155 1242 1213 1304 eat.
1261 1235 1480 1302 Considerann

425 1343 537 1403 autem
563 1339 769 1405 venerandus
793 1339 945 1426 pontifex
973 1338 1223 1405 Cantuarieneis
1248 1336 1479 1404 Theodbaldue

425 1440 524 1525 regiae
551 1441 671 1504 mentis
707 1446 822 1527 utpote
849 1440 1009 1526 juvenilia
1036 1440 1307 1516 mutabilitatem,
1336 1438 1480 1524 corporis

425 1539 618 1626 agilitatem,
634 1563 775 1628 eumque
797 1547 906 1607 totum
930 1563 1058 1608 cereum
1082 1542 1118 1606 in
1139 1541 1226 1607 vitia
1247 1539 1348 1617 flecti,
1361 1539 1478 1604 videns

426 1643 527 1707 ctiam
573 1643 725 1730 luporum
763 1644 945 1711 aulicorum
982 1644 1204 1709 inveteratam
1242 1641 1407 1707 malitiam
1445 1646 1479 1706 et

258 1759 415 1856 ffiffiioe
426 1745 648 1811 insatiabilem
678 1746 903 1833 cupiditatem,
935 1746 1076 1812 timebat
1108 1745 1236 1831 juveni,
1266 1744 1408 1810 timebat
1445 1750 1480 1808 et

259 1860 403 1956 ffippmtpl'
426 1846 510 1962 eibi3
528 1847 647 1932 juveni
662 1848 804 1934 quidem,
827 1869 869 1914 ne
891 1847 1147 1933 malignantium
1170 1845 1381 1912 adulatorum
1403 1844 1479 1910 tabe

259 1961 335 2005 orior.
426 1948 621 2026 inficeretur,
655 1949 812 2036 fieretque
844 1950 1064 2015 monitoribus
1097 1970 1193 2035 aeper
1205 1972 1214 2028 ;
1236 1947 1301 2013 sibi
1327 1968 1415 2025 vero,
1437 1969 1479 2012 nc

425 2050 497 2137 ipso
520 2048 750 2118 dissimulante
775 2052 912 2139 juvenis
937 2073 997 2117 rex
1019 2072 1150 2139 greeaue
1172 2072 1249 2115 auos
1271 2071 1292 2115 a
1313 2051 1371 2115 via
1392 2049 1479 2115 veri·

426 2152 506 2217 tatis
543 2158 716 2231 averteret,
754 2160 789 2220 et
826 2154 1011 2241 subjugatis
1049 2154 1144 2239 regni
1182 2151 1379 2218 adversariis
1415 2150 1480 2215 Dei

426 2253 593 2320 ecclesiam
630 2255 848 2343 impugnaret.
894 2257 973 2343 Egit
1017 2255 1123 2342 igitur
1155 2254 1246 2340 apud
1282 2274 1401 2340 regem,
1439 2257 1479 2318 ut

427 2356 541 2421 atatim
571 2357 608 2421 in
638 2357 735 2422 initio
769 2358 864 2444 regni
895 2356 1125 2423 cancellariam
1147 2355 1343 2422 concederet
1364 2354 1479 2421 clerico

425 2480 485 2523 suo
519 2457 653 2525 Thomee
687 2460 916 2536 Londonienei,
940 2460 994 2526 cui
1034 2480 1122 2524 anno
1146 2458 1315 2544 praeterito
1354 2456 1480 2523 (lantu-

426 2561 563 2626 arieneie
607 2561 750 2627 ecclesiae
795 2562 931 2627 dederat
967 2560 1275 2628 archidiaconatum.
1338 2568 1649 2635 cernebatflerb,130.,

427 2671 534 2742 quippe
552 2670 681 2742 pontifex
703 2663 878 2749 praefatum
902 2663 1070 2741 Thomam,
1092 2662 1258 2748 frequenti
1279 2660 1482 2748 experientia
1493 2651 1538 2701 lib.
1550 2648 1575 2701 it
1587 2665 1610 2700 ⁰·
1624 2654 1649 2701 ⁸·

422 2750 494 2836 jam
517 2750 640 2829 doctus,
659 2761 689 2815 in
706 2761 829 2833 agendis
848 2768 1009 2826 strennum,
1022 2761 1053 2816 in
1071 2760 1202 2816 consillia
1220 2759 1321 2825 fidum,
1334 2759 1366 2814 in
1383 2758 1480 2814 dubiis

428 2857 573 2904 securum,
593 2841 625 2894 in
649 2839 780 2896 adversis
805 2841 1035 2912 magnanimum,
1055 2840 1087 2895 in
1114 2843 1257 2911 apparatu
1281 2838 1479 2910 magnificum,

427 2924 459 2978 in
476 2923 628 2993 largiendo
645 2924 828 2988 munificum,
844 2924 881 2980 ad
904 2924 990 2995 jusea
1006 2930 1165 2997 promtum,
1187 2923 1219 2977 in
1237 2922 1377 2995 obsequio
1395 2922 1479 2977 eodu-

427 3002 500 3068 lum,
520 3002 555 3058 et
572 3004 604 3058 in
621 3004 700 3058 omni
718 3021 805 3076 opere
823 3004 979 3075 providum
997 3010 1027 3060 et
1044 2995 1230 3070 discretum,
1249 3001 1326 3057 unde
1344 3007 1375 3056 et
1391 3001 1480 3056 talem

428 3083 495 3137 aula
513 3083 636 3154 dignum
653 3088 684 3138 et
701 3084 776 3138 aulae
794 3088 913 3155 gratum
925 3084 1059 3140 futurum
1076 3103 1131 3141 nec
1152 3083 1289 3139 inmerito
1307 3081 1478 3144 arbimatur,

428 3183 548 3236 sperans
567 3166 671 3221 exinde
689 3167 777 3239 ietiua
796 3184 849 3239 ope
862 3173 893 3222 et
910 3185 1000 3238 opera
1011 3169 1225 3240 interregnum
1243 3172 1274 3222 et
1286 3166 1480 3222 sacerdotium

428 3244 575 3318 deinceps,
588 3245 668 3316 pacis
687 3246 813 3316 gratiam
832 3252 862 3301 et
879 3247 1030 3303 vinculum
1048 3248 1175 3302 firmum.
1221 3237 1363 3303 Thomas
1377 3237 1481 3325 igitur

428 3325 641 3391 cancellarius
669 3325 777 3392 factus
807 3327 931 3392 aulicos
961 3349 1074 3394 omnes
1103 3327 1223 3394 facetia
1250 3327 1422 3414 superavit
1446 3330 1481 3390 et

427 3426 541 3514 gloria,
572 3434 613 3494 ut
642 3428 679 3494 in
701 3429 795 3495 brevi
825 3430 912 3516 regie
946 3436 1052 3496 rector
1085 3430 1267 3496 efficeretur
1305 3427 1364 3495 et2
1385 3427 1480 3515 quasi

428 3528 606 3617 magister.8

260 3636 386 3732 gurm
474 3634 515 3697 In
537 3633 727 3700 Nativitate
749 3633 886 3700 Domini
908 3635 1022 3701 tenuit
1043 3657 1103 3701 rex
1126 3634 1252 3701 curiam
1275 3654 1369 3699 auam
1391 3631 1481 3717 apud

261 3739 407 3792 aaran.
428 3734 745 3814 Beremundeseiam,
777 3735 844 3812 ubi,
867 3756 943 3801 cum
973 3736 1179 3823 principibus
1213 3736 1283 3801 suia
1318 3736 1359 3801 de
1391 3740 1482 3799 statu

427 3837 521 3925 regni
552 3844 587 3904 et
617 3859 696 3925 pace
728 3838 935 3905 reformanda
969 3843 1124 3917 tractans,
1163 3837 1335 3925 proposuit
1371 3836 1481 3902 animo

427 3940 627 4028 alienigenae
649 3945 765 4028 gentes
780 3942 821 4007 de
836 3963 936 4029 regno
959 3941 1149 4030 propellere,
1164 3946 1200 4008 et
1221 3937 1481 4006 munitiunculae

240 4099 243 4105 ,
356 4124 358 4129 y
429 4045 587 4130 pessimae
609 4065 668 4130 per
690 4049 796 4110 totam
818 4043 975 4131 Angliam
998 4044 1188 4110 solotenus
1211 4042 1378 4129 dissipare.

1432 4183 1482 4193 ἢ

463 4266 860 4338 ¹Aapliccuu'a‘ct]0111,A,213‚²
883 4273 933 4324 im,
984 4251 1057 4309 11⁶5,
1078 4262 1103 4312 p.
1124 4250 1181 4309 162,
1200 4246 1291 4297 below.
1329 4245 1355 4296 lt
1376 4245 1482 4310 balonga

430 4350 461 4405 G.
632 4328 643 4340 ’
981 4325 1192 4395 properlytothe
1203 4340 1266 4391 year
1278 4326 1350 4376 1155.

462 4441 521 4507 ἐι]
535 4458 586 4493 om.
599 4441 629 4494 O.
646 4441 716 4492 Here
729 4440 787 4494 MS.
801 4443 831 4495 C.
840 4441 931 4493 ineerta
1013 4404 1382 4495 ³ssepffl⁰⁰dlflsspmgnph
1390 4400 1481 4453 should

428 4522 473 4572 the
495 4522 581 4572 notice
598 4521 628 4572 ol
647 4522 689 4574 the
708 4522 884 4574 consecration
903 4521 932 4574 of
979 4483 1157 4548 bewml'ffl
1167 4483 1230 4533 '¹⁰¹
1247 4484 1291 4534 ¹¹¹²
1310 4481 1482 4547 ΡΕΝῙῙΘῙΡΕΒ·

428 4601 525 4650 anea
545 4600 637 4665 bishop
666 4601 697 4651 or
719 4602 823 4664 amar,
845 4600 929 4653 onim
978 4578 1042 4708 ἓξ
1056 4561 1483 4708 fflssgffnlgflffifflff

428 4695 518 4731 occure
537 4679 564 4729 in
584 4679 641 4732 MS.
658 4681 689 4732 B.
708 4683 788 4732 under
804 4681 849 4733 the
868 4697 929 4749 year
978 4721 1063 4785 Gne.)
1076 4721 1142 4774 S.T.
1155 4719 1184 4773 Ο.
1196 4719 1214 4771 ᾗ.
1225 4726 1283 4772 391,
