3646 5720
749 882 864 973 ornan
885 923 1077 973 eremmon
1372 910 1435 973 311

387 1106 442 1173 vel
473 1106 674 1186 formidaret,
703 1105 831 1192 jndicio
865 1105 1013 1171 omnium
1035 1104 1233 1172 inexilium
1262 1108 1356 1173 aetus
1378 1110 1437 1173 eat
1449 1100 1608 1209 ms
1717 1111 1719 1115 ’

388 1208 576 1275 Nemeum
605 1212 690 1274 earet
718 1228 838 1295 genere
866 1206 1092 1273 nobilissimus
1113 1211 1149 1274 et
1170 1207 1275 1294 ipsius
1296 1207 1436 1296 impera·
1449 1213 1601 1310 ffifflpnn
1634 1272 1640 1285 ,

387 1310 468 1376 toris
501 1310 770 1398 consanguineus,
805 1309 900 1375 miles
934 1310 1089 1396 optimus,
1113 1313 1243 1376 statura
1275 1330 1436 1397 prooerna

386 1414 639 1501 generositatem
673 1434 768 1480 suam
797 1418 832 1480 et
860 1413 958 1480 lamae
990 1413 1130 1501 gloriam
1160 1412 1266 1480 nimia
1295 1413 1437 1480 foedavit

386 1515 530 1582 avaritia
551 1519 586 1582 et
607 1514 812 1582 infidelitate.
858 1514 942 1582 Erat
963 1514 1053 1581 enim
1075 1518 1179 1581 tenax
1199 1513 1261 1593 sui,
1276 1514 1357 1581 boni
1378 1535 1437 1582 eu-

386 1618 485 1704 pidue
506 1617 616 1696 alieni,
638 1617 807 1704 superbus,
829 1616 936 1683 elatus
958 1616 1107 1695 nimium,
1122 1619 1167 1695 et,
1182 1615 1271 1702 quod
1291 1616 1436 1683 maxime

387 1720 569 1808 prinoipem
591 1720 735 1797 dedeeet
749 1720 811 1785 vix
832 1718 932 1786 alioui
954 1717 1053 1784 fidem
1071 1724 1268 1786 oonaervana
1289 1717 1437 1788 illesam.

387 1821 487 1889 Unde
508 1826 605 1888 tanto
619 1822 695 1888 odio
715 1821 817 1887 etiam
838 1819 1065 1887 auia-habitur
1088 1825 1147 1899 oet,
1162 1824 1202 1887 ut
1216 1841 1291 1887 oum
1314 1819 1437 1887 duellio

386 1924 596 2011 adjudicatus
627 1923 850 1993 innoeentiam
883 1942 979 1988 suam
1014 1942 1156 2010 purgare
1189 1943 1258 1988 non
1290 1914 1437 2001 auderet,

387 2027 459 2113 ipso
480 2027 517 2092 in
539 2027 798 2096 munitissimum
819 2026 966 2113 fugiente
988 2025 1187 2113 praesidium,
1203 2025 1314 2092 omnia
1332 2024 1438 2112 ipsius

387 2129 523 2196 eaetella
544 2133 580 2196 et
601 2129 754 2197 civitatee
775 2129 812 2194 in
833 2148 952 2193 manue
973 2127 1180 2213 imperatoria
1202 2127 1328 2194 tradita
1349 2132 1436 2193 sunt

389 2230 544 2297 Sentiena
565 2235 677 2297 autem
700 2229 790 2316 quod
812 2229 902 2295 inter
922 2233 977 2295 tot
997 2234 1033 2294 et
1053 2234 1166 2295 tantos
1188 2228 1366 2295 unifines
1380 2223 1579 2319 ιὼξοῖζζξξ

387 2333 549 2412 ternarios
579 2354 711 2399 securus
743 2353 812 2397 ease
842 2352 910 2398 non
941 2331 1060 2417 potuit
1091 2331 1237 2397 abeundi
1269 2325 1605 2420 lieentiamfflfflffig?

388 2434 488 2522 petiit
501 2440 537 2500 at
551 2433 705 2512 obtinuit,
719 2433 768 2500 sie
785 2437 898 2498 tamen
912 2436 954 2497 ut
966 2431 1158 2518 imperatori
1173 2453 1216 2498 ex
1233 2437 1437 2499 sacramento
1449 2387 1540 2520 ⁰¹¹?ssss
1547 2436 1595 2471 ⁰¹¹¹·

384 2536 567 2622 juramenti
597 2536 696 2602 fidem
730 2535 859 2612 faceret
891 2534 980 2620 quod
1013 2533 1105 2600 nullo
1133 2533 1176 2626 ¹in
1206 2476 1523 2602 allemanniamm

388 2639 511 2705 rediret
532 2637 709 2716 molimine,
732 2637 798 2703 nisi
831 2636 1105 2723 eximperatoris
1126 2637 1275 2723 gratuita
1303 2637 1439 2703 benivo-

389 2738 502 2806 lentia.
545 2737 649 2804 Venit
670 2738 775 2825 igitur
796 2737 839 2803 ad
860 2758 971 2824 regem
992 2736 1124 2823 Angliae
1157 2737 1194 2802 in
1224 2736 1439 2817 Normannia,

390 2860 606 2928 prooeeeuque
629 2839 787 2926 temporie
810 2838 951 2905 eundem
972 2859 1093 2925 regam,
1107 2843 1148 2903 ut
1162 2838 1357 2925 proedietum
1380 2844 1439 2921 est,
1452 2831 1598 2938 fflss'm

391 2943 427 3008 in
449 2942 606 3029 Angliam
629 2944 762 3008 eeoutue
784 2962 805 3007 a
828 2939 1033 3007 Cantuaritie
1062 2939 1240 3006 honorifioe
1269 2946 1441 3028 suseeptus
1452 2933 1595 3037 &33⁶⁸

391 3047 450 3110 eet.
494 3043 643 3109 Adorato
674 3043 788 3128 itaque
817 3042 890 3108 Deo
911 3047 948 3107 et
974 3040 1097 3108 Sanoto
1127 3041 1255 3109 Thoma
1283 3048 1440 3130 martyre,
1454 3034 1569 3087 mm*

391 3144 598 3210 Lundonlam
620 3143 798 3230 perrluetua
813 3147 871 3220 eat
887 3146 923 3208 et
936 3146 1009 3208 toto
1030 3142 1098 3207 lere
1120 3162 1208 3208 anno
1222 3142 1266 3208 ad
1280 3164 1440 3232 expensae

390 3245 477 3332 regie
499 3245 536 3310 in
557 3244 708 3332 Anglioin
730 3243 855 3310 deliciis
877 3242 1116 3329 perendinavit

436 3346 564 3412 Exacta
597 3350 709 3411 autem
731 3350 767 3410 et
787 3348 964 3411 attenuata
992 3343 1160 3431 paulisper
1182 3346 1348 3411 adventus
1369 3347 1441 3434 ejua
1452 3342 1591 3451 iffi.

391 3442 520 3526 laetitia,
554 3445 809 3512 cantuarienses
842 3444 1002 3523 monaehi,
1026 3466 1085 3531 per
1115 3445 1198 3512 alios
1230 3447 1367 3514 nuntior
1397 3448 1440 3513 ad
1453 3417 1578 3549 ³2⁶3?

392 3569 502 3635 regem
524 3547 628 3625 citati,
643 3547 785 3633 priorem
807 3566 905 3611 suum
927 3545 1074 3611 Alanum
1094 3545 1243 3632 aliosque
1265 3548 1441 3615 monaohoe
1452 3508 1593 3658 ἓξὲὼῑῖξ

391 3649 581 3737 Radingum
618 3648 781 3714 miserunt
809 3647 853 3713 ad
882 3668 1000 3733 regem,
1026 3646 1063 3711 in
1093 3647 1191 3714 initio
1223 3650 1345 3715 mensis
1370 3650 1440 3715 Au·
1593 3636 1600 3648 ⁹

391 3751 490 3839 gusti.
535 3750 567 3815 A
589 3771 665 3837 rege
687 3750 801 3836 itaque
824 3748 923 3814 simul
945 3751 981 3813 et
1002 3747 1046 3814 ab
1068 3746 1183 3814 aulicis
1209 3750 1316 3836 speeie
1342 3756 1441 3817 tenue

391 3851 569 3918 honorifioe
599 3851 752 3936 suseepti,
783 3849 825 3914 de
855 3868 925 3927 auo,
946 3848 1049 3915 immo
1080 3849 1224 3917 eeclesiae
1261 3849 1334 3931 Dei,
1364 3873 1442 3939 pro·

391 3953 554 4020 movendo
584 3952 719 4040 negotio
751 3972 821 4017 non
851 3951 1014 4018 modioam
1047 3970 1140 4037 rpem
1162 3951 1221 4018 aed
1244 3957 1280 4017 et
1300 3953 1441 4020 multam

391 4058 604 4141 sumpserunt
625 4052 866 4119 oonfidentiam.
912 4051 980 4118 Sed
1004 4056 1081 4139 poet
1102 4051 1210 4119 multa
1232 4054 1322 4140 paoie
1344 4044 1542 4140 eollo-m

392 4157 479 4243 quia,
501 4155 636 4222 tandem
658 4154 805 4242 personis
820 4174 903 4239 quaa
924 4152 1092 4241 elegerant
1113 4155 1150 4219 in
1172 4155 1343 4223 audientia
1356 4146 1584 4251 regiepffifgffl

392 4258 548 4326 seoretius
581 4262 695 4323 tamen
726 4256 916 4334 nominatio,
950 4276 1085 4322 aversus
1117 4261 1169 4322 est
1199 4255 1242 4323 ab
1279 4256 1327 4324 ein
1357 4260 1444 4348 regis

391 4361 531 4439 animur,
554 4379 629 4427 eum
658 4357 798 4445 singulis
821 4358 916 4444 quasi
939 4357 1170 4425 rationabilem
1196 4360 1445 4428 exeusationem

391 4462 734 4549 p1mtenderetquare
764 4459 814 4524 illi
845 4458 900 4524 vol
927 4458 980 4524 illi
1010 4460 1116 4525 nollet
1144 4462 1312 4530 ementire.
1357 4462 1444 4530 Hor·

391 4569 484 4631 tatur
513 4564 655 4650 deniqne
683 4562 827 4649 Priorem
850 4567 885 4627 et
906 4566 1042 4628 oaeteros
1071 4567 1112 4629 ut
1134 4562 1269 4629 domum
1299 4565 1444 4646 redeant

392 4666 505 4734 dioena
526 4665 616 4752 quod
636 4668 804 4752 oporteret
833 4684 888 4730 eoo
917 4662 1017 4729 aliter
1038 4684 1131 4730 orare
1153 4668 1189 4731 et
1209 4664 1303 4733 alind
1325 4667 1445 4736 habere

392 4766 574 4836 eonsilium.
619 4764 703 4833 Erat
722 4763 811 4833 enim
833 4763 925 4831 fama
945 4763 1038 4852 vulgi
1061 4785 1171 4854 regem
1193 4768 1393 4838 omnimodis
1406 4790 1446 4837 eo
