<?xml version="1.0" encoding="UTF-8"?>
<!DOCTYPE html PUBLIC "-//W3C//DTD XHTML 1.0 Transitional//EN"
    "http://www.w3.org/TR/xhtml1/DTD/xhtml1-transitional.dtd">
<html xmlns="http://www.w3.org/1999/xhtml" xml:lang="en" lang="en">
 <head>
  <title>
</title>
<meta http-equiv="Content-Type" content="text/html;charset=utf-8" />
  <meta name='ocr-system' content='tesseract 3.04.00' />
  <meta name='ocr-capabilities' content='ocr_page ocr_carea ocr_par ocr_line ocrx_word'/>
</head>
<body>
  <div class='ocr_page' id='page_1' title='image "./historicalworks00offigoog_0449.png"; bbox 0 0 3666 5724; ppageno 0'>
   <div class='ocr_carea' id='block_1_1' title="bbox 743 877 1422 940">
    <p class='ocr_par' dir='ltr' id='par_1_1' title="bbox 743 877 1422 940">
     <span class='ocr_line' id='line_1_1' title="bbox 743 877 1422 940; baseline -0.001 0"><span class='ocrx_word' id='word_1_1' title='bbox 743 890 856 940; x_wconf 78' lang='lat' dir='ltr'>orsas</span> <span class='ocrx_word' id='word_1_2' title='bbox 877 889 1070 940; x_wconf 75' lang='grc' dir='ltr'>ιιιειοιιιοι.</span> <span class='ocrx_word' id='word_1_3' title='bbox 1358 877 1422 940; x_wconf 84' lang='grc'>385</span> 
     </span>
    </p>
   </div>
   <div class='ocr_carea' id='block_1_2' title="bbox 376 1076 1573 1152">
    <p class='ocr_par' dir='ltr' id='par_1_2' title="bbox 376 1076 1573 1152">
     <span class='ocr_line' id='line_1_2' title="bbox 376 1076 1573 1152; baseline 0.001 -19"><span class='ocrx_word' id='word_1_4' title='bbox 376 1077 423 1105; x_wconf 88' lang='lat'><strong>“</strong></span> <span class='ocrx_word' id='word_1_5' title='bbox 413 1094 543 1152; x_wconf 77' lang='lat' dir='ltr'>ipsorum</span> <span class='ocrx_word' id='word_1_6' title='bbox 568 1077 696 1134; x_wconf 81' lang='lat' dir='ltr'>fratrum</span> <span class='ocrx_word' id='word_1_7' title='bbox 720 1081 829 1134; x_wconf 89' lang='lat' dir='ltr'>temere</span> <span class='ocrx_word' id='word_1_8' title='bbox 853 1076 1056 1149; x_wconf 82' lang='lat' dir='ltr'>promulgasti,</span> <span class='ocrx_word' id='word_1_9' title='bbox 1083 1077 1199 1149; x_wconf 88' lang='lat' dir='ltr'>publice</span> <span class='ocrx_word' id='word_1_10' title='bbox 1224 1077 1342 1133; x_wconf 88' lang='lat' dir='ltr'>nunties</span> <span class='ocrx_word' id='word_1_11' title='bbox 1364 1094 1424 1133; x_wconf 92' lang='lat' dir='ltr'>non</span> <span class='ocrx_word' id='word_1_12' title='bbox 1452 1088 1508 1134; x_wconf 73' lang='lat' dir='ltr'>al).</span> <span class='ocrx_word' id='word_1_13' title='bbox 1515 1090 1573 1134; x_wconf 78' lang='grc' dir='ltr'>ιιιι.</span> 
     </span>
    </p>
   </div>
   <div class='ocr_carea' id='block_1_3' title="bbox 413 1139 1592 1251">
    <p class='ocr_par' dir='ltr' id='par_1_3' title="bbox 413 1139 1592 1251">
     <span class='ocr_line' id='line_1_3' title="bbox 413 1139 1592 1251; baseline -0.002 -34"><span class='ocrx_word' id='word_1_14' title='bbox 413 1166 523 1227; x_wconf 88' lang='lat' dir='ltr'>tenere,</span> <span class='ocrx_word' id='word_1_15' title='bbox 541 1178 576 1218; x_wconf 87' lang='lat' dir='ltr'>ao</span> <span class='ocrx_word' id='word_1_16' title='bbox 600 1161 638 1216; x_wconf 91' lang='lat' dir='ltr'>de</span> <span class='ocrx_word' id='word_1_17' title='bbox 661 1165 767 1217; x_wconf 76' lang='lat' dir='ltr'>catere</span> <span class='ocrx_word' id='word_1_18' title='bbox 790 1160 933 1232; x_wconf 86' lang='lat' dir='ltr'>pandente</span> <span class='ocrx_word' id='word_1_19' title='bbox 956 1159 1011 1216; x_wconf 92' lang='lat' dir='ltr'>lite</span> <span class='ocrx_word' id='word_1_20' title='bbox 1028 1160 1107 1216; x_wconf 85' lang='lat' dir='ltr'>circa</span> <span class='ocrx_word' id='word_1_21' title='bbox 1126 1164 1236 1217; x_wconf 89' lang='lat' dir='ltr'>statum</span> <span class='ocrx_word' id='word_1_22' title='bbox 1254 1161 1424 1216; x_wconf 80' lang='lat' dir='ltr'>monasterii</span> <span class='ocrx_word' id='word_1_23' title='bbox 1436 1139 1592 1251; x_wconf 51' lang='lat' dir='ltr'>whmgb</span> 
     </span>
    </p>
   </div>
   <div class='ocr_carea' id='block_1_4' title="bbox 348 1242 1588 1401">
    <p class='ocr_par' dir='ltr' id='par_1_4' title="bbox 348 1242 1588 1401">
     <span class='ocr_line' id='line_1_4' title="bbox 375 1242 1588 1317; baseline -0.002 -15"><span class='ocrx_word' id='word_1_24' title='bbox 375 1248 394 1274; x_wconf 81' lang='lat'>⁴¹</span> <span class='ocrx_word' id='word_1_25' title='bbox 411 1246 456 1301; x_wconf 92' lang='lat' dir='ltr'>nil</span> <span class='ocrx_word' id='word_1_26' title='bbox 473 1245 618 1301; x_wconf 90' lang='lat' dir='ltr'>immutes.</span> <span class='ocrx_word' id='word_1_27' title='bbox 656 1243 788 1301; x_wconf 78' lang='lat' dir='ltr'>Sciturus</span> <span class='ocrx_word' id='word_1_28' title='bbox 807 1243 884 1317; x_wconf 87' lang='lat' dir='ltr'>quod</span> <span class='ocrx_word' id='word_1_29' title='bbox 902 1262 928 1299; x_wconf 81' lang='lat' dir='ltr'>si</span> <span class='ocrx_word' id='word_1_30' title='bbox 919 1244 1002 1300; x_wconf 91' lang='lat' dir='ltr'>Deo</span> <span class='ocrx_word' id='word_1_31' title='bbox 1020 1249 1051 1300; x_wconf 91' lang='lat' dir='ltr'>et</span> <span class='ocrx_word' id='word_1_32' title='bbox 1068 1244 1151 1301; x_wconf 90' lang='lat' dir='ltr'>nobis</span> <span class='ocrx_word' id='word_1_33' title='bbox 1167 1244 1223 1299; x_wconf 90' lang='lat' dir='ltr'>hao</span> <span class='ocrx_word' id='word_1_34' title='bbox 1241 1242 1306 1299; x_wconf 86' lang='lat' dir='ltr'>vice</span> <span class='ocrx_word' id='word_1_35' title='bbox 1324 1244 1421 1301; x_wconf 88' lang='lat' dir='ltr'>inobe-</span> <span class='ocrx_word' id='word_1_36' title='bbox 1436 1258 1588 1301; x_wconf 72' lang='lat' dir='ltr'>consentin</span> 
     </span>
     <span class='ocr_line' id='line_1_5' title="bbox 348 1308 1585 1401; baseline -0.005 -15"><span class='ocrx_word' id='word_1_37' title='bbox 348 1350 352 1355; x_wconf 80' lang='grc'><strong>’</strong></span> <span class='ocrx_word' id='word_1_38' title='bbox 374 1331 393 1357; x_wconf 85' lang='grc'><em>“</em></span> <span class='ocrx_word' id='word_1_39' title='bbox 412 1329 496 1386; x_wconf 90' lang='lat' dir='ltr'>diens</span> <span class='ocrx_word' id='word_1_40' title='bbox 512 1329 602 1386; x_wconf 84' lang='lat' dir='ltr'>lucris</span> <span class='ocrx_word' id='word_1_41' title='bbox 620 1334 651 1385; x_wconf 89' lang='lat' dir='ltr'>et</span> <span class='ocrx_word' id='word_1_42' title='bbox 668 1328 796 1395; x_wconf 83' lang='lat' dir='ltr'>rebellis,</span> <span class='ocrx_word' id='word_1_43' title='bbox 814 1334 845 1386; x_wconf 89' lang='lat' dir='ltr'>et</span> <span class='ocrx_word' id='word_1_44' title='bbox 862 1329 940 1385; x_wconf 82' lang='lat' dir='ltr'>infra</span> <span class='ocrx_word' id='word_1_45' title='bbox 957 1346 1021 1385; x_wconf 83' lang='lat' dir='ltr'>xxx.</span> <span class='ocrx_word' id='word_1_46' title='bbox 1041 1328 1104 1385; x_wconf 89' lang='lat' dir='ltr'>dies</span> <span class='ocrx_word' id='word_1_47' title='bbox 1120 1334 1187 1401; x_wconf 91' lang='lat' dir='ltr'>post</span> <span class='ocrx_word' id='word_1_48' title='bbox 1208 1329 1425 1401; x_wconf 87' lang='lat' dir='ltr'>susceptionem</span> <span class='ocrx_word' id='word_1_49' title='bbox 1437 1310 1512 1361; x_wconf 53' lang='grc' dir='ltr'>Μ’</span> <span class='ocrx_word' id='word_1_50' title='bbox 1521 1308 1585 1359; x_wconf 64' lang='lat'>‘¹⁸5⁸</span> 
     </span>
    </p>
   </div>
   <div class='ocr_carea' id='block_1_5' title="bbox 374 1411 1530 1819">
    <p class='ocr_par' dir='ltr' id='par_1_5' title="bbox 374 1411 1425 1486">
     <span class='ocr_line' id='line_1_6' title="bbox 374 1411 1425 1486; baseline -0.002 -17"><span class='ocrx_word' id='word_1_51' title='bbox 374 1417 393 1441; x_wconf 91' lang='lat'>“</span> <span class='ocrx_word' id='word_1_52' title='bbox 413 1412 600 1485; x_wconf 73' lang='lat' dir='ltr'>presentium</span> <span class='ocrx_word' id='word_1_53' title='bbox 629 1417 807 1486; x_wconf 73' lang='lat' dir='ltr'>praeceptum</span> <span class='ocrx_word' id='word_1_54' title='bbox 833 1417 967 1469; x_wconf 88' lang='lat' dir='ltr'>nostrum</span> <span class='ocrx_word' id='word_1_55' title='bbox 997 1412 1146 1469; x_wconf 75' lang='lat' dir='ltr'>distuleris</span> <span class='ocrx_word' id='word_1_56' title='bbox 1176 1411 1346 1485; x_wconf 86' lang='lat' dir='ltr'>adimplere,</span> <span class='ocrx_word' id='word_1_57' title='bbox 1372 1429 1425 1467; x_wconf 89' lang='lat' dir='ltr'>nos</span> 
     </span>
    </p>

    <p class='ocr_par' dir='ltr' id='par_1_6' title="bbox 374 1495 1425 1569">
     <span class='ocr_line' id='line_1_7' title="bbox 374 1495 1425 1569; baseline -0.001 -17"><span class='ocrx_word' id='word_1_58' title='bbox 374 1499 393 1524; x_wconf 87' lang='lat'><strong>“</strong></span> <span class='ocrx_word' id='word_1_59' title='bbox 412 1498 548 1553; x_wconf 88' lang='lat' dir='ltr'>universa</span> <span class='ocrx_word' id='word_1_60' title='bbox 573 1514 638 1569; x_wconf 85' lang='lat' dir='ltr'>ques</span> <span class='ocrx_word' id='word_1_61' title='bbox 662 1496 851 1569; x_wconf 81' lang='lat' dir='ltr'>prediximus</span> <span class='ocrx_word' id='word_1_62' title='bbox 878 1497 951 1553; x_wconf 89' lang='lat' dir='ltr'>alios</span> <span class='ocrx_word' id='word_1_63' title='bbox 978 1498 1083 1569; x_wconf 87' lang='lat' dir='ltr'>exequi</span> <span class='ocrx_word' id='word_1_64' title='bbox 1107 1496 1257 1563; x_wconf 81' lang='lat' dir='ltr'>faciemus,</span> <span class='ocrx_word' id='word_1_65' title='bbox 1277 1502 1308 1552; x_wconf 90' lang='lat' dir='ltr'>et</span> <span class='ocrx_word' id='word_1_66' title='bbox 1324 1495 1425 1551; x_wconf 84' lang='lat' dir='ltr'>suffra·</span> 
     </span>
    </p>

    <p class='ocr_par' dir='ltr' id='par_1_7' title="bbox 374 1574 1530 1736">
     <span class='ocr_line' id='line_1_8' title="bbox 374 1574 1530 1653; baseline -0.003 -16"><span class='ocrx_word' id='word_1_67' title='bbox 374 1581 393 1608; x_wconf 91' lang='lat'>“</span> <span class='ocrx_word' id='word_1_68' title='bbox 413 1581 515 1652; x_wconf 86' lang='lat' dir='ltr'>ganeis</span> <span class='ocrx_word' id='word_1_69' title='bbox 526 1580 586 1637; x_wconf 88' lang='lat' dir='ltr'>tuis</span> <span class='ocrx_word' id='word_1_70' title='bbox 598 1579 731 1637; x_wconf 73' lang='lat' dir='ltr'>distmcte</span> <span class='ocrx_word' id='word_1_71' title='bbox 743 1579 957 1653; x_wconf 74' lang='lat' dir='ltr'>praecipiemus,</span> <span class='ocrx_word' id='word_1_72' title='bbox 969 1586 1015 1646; x_wconf 84' lang='lat' dir='ltr'>ut,</span> <span class='ocrx_word' id='word_1_73' title='bbox 1033 1582 1111 1637; x_wconf 90' lang='lat' dir='ltr'>sicut</span> <span class='ocrx_word' id='word_1_74' title='bbox 1127 1579 1211 1637; x_wconf 87' lang='lat' dir='ltr'>nobis</span> <span class='ocrx_word' id='word_1_75' title='bbox 1228 1578 1426 1636; x_wconf 88' lang='lat' dir='ltr'>obedientiam</span> <span class='ocrx_word' id='word_1_76' title='bbox 1522 1574 1530 1583; x_wconf 78' lang='grc'>’</span> 
     </span>
     <span class='ocr_line' id='line_1_9' title="bbox 374 1663 1425 1736; baseline 0.002 -18"><span class='ocrx_word' id='word_1_77' title='bbox 374 1664 543 1720; x_wconf 87' lang='lat' dir='ltr'>“debitam</span> <span class='ocrx_word' id='word_1_78' title='bbox 571 1664 729 1730; x_wconf 72' lang='lat' dir='ltr'><strong>subtrahis,</strong></span> <span class='ocrx_word' id='word_1_79' title='bbox 757 1665 800 1720; x_wconf 91' lang='lat' dir='ltr'>ita</span> <span class='ocrx_word' id='word_1_80' title='bbox 820 1663 877 1736; x_wconf 89' lang='lat' dir='ltr'>ipsi</span> <span class='ocrx_word' id='word_1_81' title='bbox 901 1664 958 1720; x_wconf 91' lang='lat' dir='ltr'>tibi</span> <span class='ocrx_word' id='word_1_82' title='bbox 989 1664 1116 1720; x_wconf 88' lang='lat' dir='ltr'>absoluti</span> <span class='ocrx_word' id='word_1_83' title='bbox 1145 1680 1165 1719; x_wconf 87' lang='lat' dir='ltr'>a</span> <span class='ocrx_word' id='word_1_84' title='bbox 1193 1663 1277 1719; x_wconf 90' lang='lat' dir='ltr'>nobis</span> <span class='ocrx_word' id='word_1_85' title='bbox 1307 1679 1425 1720; x_wconf 89' lang='lat' dir='ltr'>omnem</span> 
     </span>
    </p>

    <p class='ocr_par' dir='ltr' id='par_1_8' title="bbox 375 1745 1283 1819">
     <span class='ocr_line' id='line_1_10' title="bbox 375 1745 1283 1819; baseline 0 -16"><span class='ocrx_word' id='word_1_86' title='bbox 375 1751 394 1777; x_wconf 81' lang='lat'>‘⁸</span> <span class='ocrx_word' id='word_1_87' title='bbox 413 1747 608 1804; x_wconf 85' lang='lat' dir='ltr'>obedientiam</span> <span class='ocrx_word' id='word_1_88' title='bbox 625 1752 656 1804; x_wconf 88' lang='lat' dir='ltr'>et</span> <span class='ocrx_word' id='word_1_89' title='bbox 671 1747 864 1804; x_wconf 82' lang='lat' dir='ltr'>reverentiam</span> <span class='ocrx_word' id='word_1_90' title='bbox 882 1746 1028 1819; x_wconf 74' lang='lat' dir='ltr'>denegent</span> <span class='ocrx_word' id='word_1_91' title='bbox 1045 1753 1076 1804; x_wconf 90' lang='lat' dir='ltr'>et</span> <span class='ocrx_word' id='word_1_92' title='bbox 1093 1745 1283 1804; x_wconf 89' lang='lat' dir='ltr'>honorem.&#39;&#39;¹</span> 
     </span>
    </p>
   </div>
   <div class='ocr_carea' id='block_1_6' title="bbox 374 1830 1426 2021">
    <p class='ocr_par' dir='ltr' id='par_1_9' title="bbox 374 1830 1426 2021">
     <span class='ocr_line' id='line_1_11' title="bbox 419 1830 1426 1918; baseline 0.003 -22"><span class='ocrx_word' id='word_1_93' title='bbox 419 1831 588 1918; x_wconf 86' lang='lat' dir='ltr'>Episcopis</span> <span class='ocrx_word' id='word_1_94' title='bbox 622 1852 752 1917; x_wconf 87' lang='lat' dir='ltr'>quoque</span> <span class='ocrx_word' id='word_1_95' title='bbox 785 1836 820 1898; x_wconf 87' lang='lat' dir='ltr'>et</span> <span class='ocrx_word' id='word_1_96' title='bbox 853 1831 1040 1911; x_wconf 89' lang='lat' dir='ltr'>abbatibus,</span> <span class='ocrx_word' id='word_1_97' title='bbox 1063 1853 1146 1918; x_wconf 90' lang='lat' dir='ltr'>quos</span> <span class='ocrx_word' id='word_1_98' title='bbox 1179 1832 1286 1918; x_wconf 89' lang='lat' dir='ltr'>operis</span> <span class='ocrx_word' id='word_1_99' title='bbox 1324 1830 1426 1917; x_wconf 85' lang='lat' dir='ltr'>hujus</span> 
     </span>
     <span class='ocr_line' id='line_1_12' title="bbox 374 1931 1348 2021; baseline -0.003 -21"><span class='ocrx_word' id='word_1_100' title='bbox 374 1934 584 2021; x_wconf 79' lang='lat' dir='ltr'>delegaverat</span> <span class='ocrx_word' id='word_1_101' title='bbox 605 1937 804 2011; x_wconf 83' lang='lat' dir='ltr'>executores,</span> <span class='ocrx_word' id='word_1_102' title='bbox 827 1931 1018 2019; x_wconf 88' lang='lat' dir='ltr'>hujusmodi</span> <span class='ocrx_word' id='word_1_103' title='bbox 1041 1934 1134 1999; x_wconf 87' lang='lat' dir='ltr'>misit</span> <span class='ocrx_word' id='word_1_104' title='bbox 1156 1933 1348 2019; x_wconf 85' lang='lat' dir='ltr'>epistolam.</span> 
     </span>
    </p>
   </div>
   <div class='ocr_carea' id='block_1_7' title="bbox 377 2033 1590 2287">
    <p class='ocr_par' dir='ltr' id='par_1_10' title="bbox 377 2033 1590 2287">
     <span class='ocr_line' id='line_1_13' title="bbox 411 2033 1555 2107; baseline -0.005 -16.847"><span class='ocrx_word' id='word_1_105' title='bbox 411 2035 600 2091; x_wconf 66' lang='lat' dir='ltr'>“Urbanusl</span> <span class='ocrx_word' id='word_1_106' title='bbox 611 2034 773 2107; x_wconf 84' lang='lat' dir='ltr'>episcopus,</span> <span class='ocrx_word' id='word_1_107' title='bbox 787 2051 888 2090; x_wconf 85' lang='lat' dir='ltr'>servus</span> <span class='ocrx_word' id='word_1_108' title='bbox 899 2051 1049 2091; x_wconf 87' lang='lat' dir='ltr'>servorum</span> <span class='ocrx_word' id='word_1_109' title='bbox 1061 2034 1127 2101; x_wconf 89' lang='lat' dir='ltr'>Dei,</span> <span class='ocrx_word' id='word_1_110' title='bbox 1142 2033 1357 2091; x_wconf 83' lang='lat' dir='ltr'>venerabilibus</span> <span class='ocrx_word' id='word_1_111' title='bbox 1369 2034 1427 2089; x_wconf 79' lang='lat' dir='ltr'>ira·</span> <span class='ocrx_word' id='word_1_112' title='bbox 1441 2040 1521 2085; x_wconf 73' lang='lat' dir='ltr'>Ietta</span> <span class='ocrx_word' id='word_1_113' title='bbox 1529 2040 1555 2085; x_wconf 85' lang='lat' dir='ltr'>to</span> 
     </span>
     <span class='ocr_line' id='line_1_14' title="bbox 377 2091 1590 2191; baseline -0.002 -16"><span class='ocrx_word' id='word_1_114' title='bbox 377 2123 396 2148; x_wconf 75' lang='lat'>‘⁸</span> <span class='ocrx_word' id='word_1_115' title='bbox 415 2119 510 2176; x_wconf 90' lang='lat' dir='ltr'>tribus</span> <span class='ocrx_word' id='word_1_116' title='bbox 527 2118 717 2176; x_wconf 88' lang='lat' dir='ltr'>Bathoniensi</span> <span class='ocrx_word' id='word_1_117' title='bbox 742 2124 773 2175; x_wconf 92' lang='lat' dir='ltr'>et</span> <span class='ocrx_word' id='word_1_118' title='bbox 793 2118 967 2175; x_wconf 85' lang='lat' dir='ltr'>Gicestrensi</span> <span class='ocrx_word' id='word_1_119' title='bbox 992 2118 1143 2191; x_wconf 88' lang='lat' dir='ltr'>episcopis,</span> <span class='ocrx_word' id='word_1_120' title='bbox 1163 2125 1193 2175; x_wconf 92' lang='lat' dir='ltr'>et</span> <span class='ocrx_word' id='word_1_121' title='bbox 1217 2118 1333 2174; x_wconf 87' lang='lat' dir='ltr'>dilectis</span> <span class='ocrx_word' id='word_1_122' title='bbox 1358 2091 1590 2185; x_wconf 53' lang='lat' dir='ltr'>liliisolfflssffl</span> 
     </span>
     <span class='ocr_line' id='line_1_15' title="bbox 377 2191 1580 2287; baseline -0.003 -28"><span class='ocrx_word' id='word_1_123' title='bbox 377 2208 396 2233; x_wconf 85' lang='lat'>¹‘</span> <span class='ocrx_word' id='word_1_124' title='bbox 416 2203 452 2259; x_wconf 90' lang='lat' dir='ltr'>de</span> <span class='ocrx_word' id='word_1_125' title='bbox 469 2203 553 2258; x_wconf 90' lang='lat' dir='ltr'>Bello</span> <span class='ocrx_word' id='word_1_126' title='bbox 571 2208 602 2258; x_wconf 92' lang='lat' dir='ltr'>et</span> <span class='ocrx_word' id='word_1_127' title='bbox 619 2202 655 2259; x_wconf 91' lang='lat' dir='ltr'>de</span> <span class='ocrx_word' id='word_1_128' title='bbox 672 2202 849 2258; x_wconf 79' lang='lat' dir='ltr'>Fanreshem</span> <span class='ocrx_word' id='word_1_129' title='bbox 867 2194 954 2258; x_wconf 78' lang='lat' dir='ltr'>abbat</span> <span class='ocrx_word' id='word_1_130' title='bbox 955 2202 1029 2269; x_wconf 90' lang='lat' dir='ltr'>ibus,</span> <span class='ocrx_word' id='word_1_131' title='bbox 1049 2203 1173 2259; x_wconf 88' lang='lat' dir='ltr'>salutem</span> <span class='ocrx_word' id='word_1_132' title='bbox 1191 2209 1221 2259; x_wconf 90' lang='lat' dir='ltr'>et</span> <span class='ocrx_word' id='word_1_133' title='bbox 1239 2202 1428 2275; x_wconf 88' lang='lat' dir='ltr'>apostolicam</span> <span class='ocrx_word' id='word_1_134' title='bbox 1440 2191 1580 2287; x_wconf 54' lang='lat' dir='ltr'>ffiffi·</span> 
     </span>
    </p>
   </div>
   <div class='ocr_carea' id='block_1_8' title="bbox 377 2285 1587 2444">
    <p class='ocr_par' dir='ltr' id='par_1_11' title="bbox 377 2285 1587 2444">
     <span class='ocr_line' id='line_1_16' title="bbox 377 2285 1578 2387; baseline -0.007 -43"><span class='ocrx_word' id='word_1_135' title='bbox 377 2287 656 2344; x_wconf 89' lang='lat' dir='ltr'>“benedictionem</span> <span class='ocrx_word' id='word_1_136' title='bbox 693 2285 776 2342; x_wconf 83' lang='lat' dir='ltr'>Licet</span> <span class='ocrx_word' id='word_1_137' title='bbox 793 2286 897 2344; x_wconf 76' lang='lat' dir='ltr'>iratres</span> <span class='ocrx_word' id='word_1_138' title='bbox 914 2292 945 2343; x_wconf 91' lang='lat' dir='ltr'>et</span> <span class='ocrx_word' id='word_1_139' title='bbox 961 2287 1145 2360; x_wconf 76' lang='lat' dir='ltr'>coepiscopos</span> <span class='ocrx_word' id='word_1_140' title='bbox 1165 2291 1279 2343; x_wconf 90' lang='lat' dir='ltr'>nostros</span> <span class='ocrx_word' id='word_1_141' title='bbox 1301 2292 1332 2343; x_wconf 90' lang='lat' dir='ltr'>et</span> <span class='ocrx_word' id='word_1_142' title='bbox 1352 2304 1428 2360; x_wconf 89' lang='lat' dir='ltr'>prse-</span> <span class='ocrx_word' id='word_1_143' title='bbox 1440 2293 1578 2387; x_wconf 53' lang='lat' dir='ltr'>“bmssssfjd</span> 
     </span>
     <span class='ocr_line' id='line_1_17' title="bbox 377 2344 1587 2444; baseline -0.002 -17"><span class='ocrx_word' id='word_1_144' title='bbox 377 2373 396 2399; x_wconf 77' lang='lat'>‘⁸</span> <span class='ocrx_word' id='word_1_145' title='bbox 416 2371 501 2444; x_wconf 88' lang='lat' dir='ltr'>cipue</span> <span class='ocrx_word' id='word_1_146' title='bbox 518 2370 618 2442; x_wconf 90' lang='lat' dir='ltr'>quiin</span> <span class='ocrx_word' id='word_1_147' title='bbox 635 2369 758 2426; x_wconf 86' lang='lat' dir='ltr'>ecclesia</span> <span class='ocrx_word' id='word_1_148' title='bbox 775 2369 831 2425; x_wconf 91' lang='lat' dir='ltr'>Dei</span> <span class='ocrx_word' id='word_1_149' title='bbox 857 2369 955 2427; x_wconf 90' lang='lat' dir='ltr'>locum</span> <span class='ocrx_word' id='word_1_150' title='bbox 974 2370 1106 2442; x_wconf 87' lang='lat' dir='ltr'>optinent</span> <span class='ocrx_word' id='word_1_151' title='bbox 1124 2369 1288 2442; x_wconf 86' lang='lat' dir='ltr'>digniorem</span> <span class='ocrx_word' id='word_1_152' title='bbox 1310 2344 1488 2443; x_wconf 59' lang='lat' dir='ltr'>specialiB‘l</span> <span class='ocrx_word' id='word_1_153' title='bbox 1440 2393 1587 2442; x_wconf 58' lang='lat' dir='ltr'>mm</span> 
     </span>
    </p>
   </div>
   <div class='ocr_carea' id='block_1_9' title="bbox 377 2445 1566 2539">
    <p class='ocr_par' dir='ltr' id='par_1_12' title="bbox 377 2445 1566 2539">
     <span class='ocr_line' id='line_1_18' title="bbox 377 2445 1566 2539; baseline -0.007 -27"><span class='ocrx_word' id='word_1_154' title='bbox 377 2457 568 2511; x_wconf 85' lang='lat' dir='ltr'>“teneamur</span> <span class='ocrx_word' id='word_1_155' title='bbox 591 2453 712 2510; x_wconf 87' lang='lat' dir='ltr'>caritate</span> <span class='ocrx_word' id='word_1_156' title='bbox 737 2454 871 2525; x_wconf 86' lang='lat' dir='ltr'>diligere,</span> <span class='ocrx_word' id='word_1_157' title='bbox 891 2454 950 2511; x_wconf 89' lang='lat' dir='ltr'>et&#39;</span> <span class='ocrx_word' id='word_1_158' title='bbox 940 2472 972 2509; x_wconf 86' lang='grc' dir='ltr'>ιιι</span> <span class='ocrx_word' id='word_1_159' title='bbox 997 2461 1138 2527; x_wconf 85' lang='lat' dir='ltr'>quantum</span> <span class='ocrx_word' id='word_1_160' title='bbox 1162 2471 1229 2509; x_wconf 88' lang='lat' dir='ltr'>cum</span> <span class='ocrx_word' id='word_1_161' title='bbox 1249 2454 1312 2510; x_wconf 86' lang='lat' dir='ltr'>Deo</span> <span class='ocrx_word' id='word_1_162' title='bbox 1329 2470 1428 2525; x_wconf 87' lang='lat' dir='ltr'>possu-</span> <span class='ocrx_word' id='word_1_163' title='bbox 1440 2445 1566 2539; x_wconf 50' lang='lat' dir='ltr'>mm</span> 
     </span>
    </p>
   </div>
   <div class='ocr_carea' id='block_1_10' title="bbox 379 2541 1559 4535">
    <p class='ocr_par' dir='ltr' id='par_1_13' title="bbox 379 2541 1559 4535">
     <span class='ocr_line' id='line_1_19' title="bbox 379 2541 1559 2613; baseline -0.003 -15"><span class='ocrx_word' id='word_1_164' title='bbox 379 2545 398 2571; x_wconf 87' lang='lat'><strong>“</strong></span> <span class='ocrx_word' id='word_1_165' title='bbox 418 2560 483 2598; x_wconf 91' lang='lat' dir='ltr'>mus</span> <span class='ocrx_word' id='word_1_166' title='bbox 499 2543 650 2605; x_wconf 86' lang='lat' dir='ltr'>honorare,</span> <span class='ocrx_word' id='word_1_167' title='bbox 667 2557 735 2596; x_wconf 92' lang='lat' dir='ltr'>cum</span> <span class='ocrx_word' id='word_1_168' title='bbox 759 2545 858 2596; x_wconf 85' lang='lat' dir='ltr'>tamen</span> <span class='ocrx_word' id='word_1_169' title='bbox 883 2542 965 2598; x_wconf 89' lang='lat' dir='ltr'>ah&#39;</span> <span class='ocrx_word' id='word_1_170' title='bbox 939 2560 981 2597; x_wconf 81' lang='lat' dir='ltr'>ers</span> <span class='ocrx_word' id='word_1_171' title='bbox 1007 2541 1127 2613; x_wconf 87' lang='lat' dir='ltr'>aliquod</span> <span class='ocrx_word' id='word_1_172' title='bbox 1152 2559 1272 2598; x_wconf 80' lang='lat' dir='ltr'>enorme</span> <span class='ocrx_word' id='word_1_173' title='bbox 1296 2541 1429 2597; x_wconf 90' lang='lat' dir='ltr'>commit·</span> <span class='ocrx_word' id='word_1_174' title='bbox 1442 2545 1559 2590; x_wconf 72' lang='lat' dir='ltr'>mandate·</span> 
     </span>
     <span class='ocr_line' id='line_1_20' title="bbox 379 2622 1430 2698; baseline -0.002 -16"><span class='ocrx_word' id='word_1_175' title='bbox 379 2629 397 2654; x_wconf 82' lang='lat'>‘¹</span> <span class='ocrx_word' id='word_1_176' title='bbox 417 2627 499 2690; x_wconf 88' lang='lat' dir='ltr'>titur,</span> <span class='ocrx_word' id='word_1_177' title='bbox 525 2629 607 2681; x_wconf 90' lang='lat' dir='ltr'>tanto</span> <span class='ocrx_word' id='word_1_178' title='bbox 631 2622 669 2680; x_wconf 87' lang='lat' dir='ltr'>ad</span> <span class='ocrx_word' id='word_1_179' title='bbox 693 2624 901 2681; x_wconf 82' lang='lat' dir='ltr'>correctionem</span> <span class='ocrx_word' id='word_1_180' title='bbox 925 2624 1054 2698; x_wconf 89' lang='lat' dir='ltr'>ipsorum</span> <span class='ocrx_word' id='word_1_181' title='bbox 1078 2625 1259 2698; x_wconf 75' lang='lat' dir='ltr'>propensiori</span> <span class='ocrx_word' id='word_1_182' title='bbox 1286 2642 1356 2681; x_wconf 89' lang='lat' dir='ltr'>cura</span> <span class='ocrx_word' id='word_1_183' title='bbox 1381 2625 1430 2680; x_wconf 91' lang='lat' dir='ltr'>de-</span> 
     </span>
     <span class='ocr_line' id='line_1_21' title="bbox 381 2704 1540 2782; baseline -0.001 -17"><span class='ocrx_word' id='word_1_184' title='bbox 381 2711 400 2738; x_wconf 83' lang='lat'>“</span> <span class='ocrx_word' id='word_1_185' title='bbox 418 2706 700 2776; x_wconf 57' lang='lat' dir='ltr'>bemnsfintendere,</span> <span class='ocrx_word' id='word_1_186' title='bbox 724 2713 833 2779; x_wconf 85' lang='lat' dir='ltr'>quanto</span> <span class='ocrx_word' id='word_1_187' title='bbox 859 2708 891 2763; x_wconf 90' lang='lat' dir='ltr'>in</span> <span class='ocrx_word' id='word_1_188' title='bbox 917 2709 1045 2782; x_wconf 88' lang='lat' dir='ltr'>ipsorum</span> <span class='ocrx_word' id='word_1_189' title='bbox 1073 2710 1168 2780; x_wconf 90' lang='lat' dir='ltr'>culpis</span> <span class='ocrx_word' id='word_1_190' title='bbox 1193 2727 1246 2781; x_wconf 91' lang='lat' dir='ltr'>pro</span> <span class='ocrx_word' id='word_1_191' title='bbox 1269 2708 1430 2765; x_wconf 87' lang='lat' dir='ltr'>eminentia</span> <span class='ocrx_word' id='word_1_192' title='bbox 1539 2704 1540 2707; x_wconf 58' lang='grc'>’</span> 
     </span>
     <span class='ocr_line' id='line_1_22' title="bbox 380 2791 1430 2864; baseline -0.001 -16"><span class='ocrx_word' id='word_1_193' title='bbox 380 2796 399 2820; x_wconf 89' lang='grc'>“</span> <span class='ocrx_word' id='word_1_194' title='bbox 419 2792 571 2863; x_wconf 84' lang='lat' dir='ltr'>diguitatis</span> <span class='ocrx_word' id='word_1_195' title='bbox 600 2791 803 2847; x_wconf 71' lang='lat' dir='ltr'>ecclesiastiea</span> <span class='ocrx_word' id='word_1_196' title='bbox 829 2792 990 2847; x_wconf 87' lang='lat' dir='ltr'>honestatis</span> <span class='ocrx_word' id='word_1_197' title='bbox 1015 2792 1169 2851; x_wconf 86' lang='lat' dir='ltr'>sinceritas</span> <span class='ocrx_word' id='word_1_198' title='bbox 1198 2792 1323 2864; x_wconf 89' lang='lat' dir='ltr'>amplius</span> <span class='ocrx_word' id='word_1_199' title='bbox 1350 2792 1430 2848; x_wconf 88' lang='lat' dir='ltr'>deni·</span> 
     </span>
     <span class='ocr_line' id='line_1_23' title="bbox 381 2874 1427 2948; baseline 0 -17"><span class='ocrx_word' id='word_1_200' title='bbox 381 2880 399 2903; x_wconf 91' lang='lat'>“</span> <span class='ocrx_word' id='word_1_201' title='bbox 419 2880 530 2947; x_wconf 86' lang='lat' dir='ltr'>gratur.</span> <span class='ocrx_word' id='word_1_202' title='bbox 570 2875 646 2931; x_wconf 86' lang='lat' dir='ltr'>Sane</span> <span class='ocrx_word' id='word_1_203' title='bbox 664 2875 805 2931; x_wconf 85' lang='lat' dir='ltr'>clamores</span> <span class='ocrx_word' id='word_1_204' title='bbox 823 2874 997 2932; x_wconf 88' lang='lat' dir='ltr'>dilectorum</span> <span class='ocrx_word' id='word_1_205' title='bbox 1016 2876 1143 2931; x_wconf 89' lang='lat' dir='ltr'>filiorum</span> <span class='ocrx_word' id='word_1_206' title='bbox 1161 2880 1327 2932; x_wconf 79' lang='lat' dir='ltr'>nostrorum</span> <span class='ocrx_word' id='word_1_207' title='bbox 1349 2876 1427 2948; x_wconf 90' lang='lat' dir='ltr'>prio·</span> 
     </span>
     <span class='ocr_line' id='line_1_24' title="bbox 381 2957 1429 3032; baseline 0.003 -19"><span class='ocrx_word' id='word_1_208' title='bbox 381 2962 399 2986; x_wconf 83' lang='lat'>‘⁴</span> <span class='ocrx_word' id='word_1_209' title='bbox 418 2959 459 3015; x_wconf 84' lang='lat' dir='ltr'>ris</span> <span class='ocrx_word' id='word_1_210' title='bbox 476 2963 507 3014; x_wconf 91' lang='lat' dir='ltr'>et</span> <span class='ocrx_word' id='word_1_211' title='bbox 525 2960 649 3014; x_wconf 85' lang='lat' dir='ltr'>fratrum</span> <span class='ocrx_word' id='word_1_212' title='bbox 668 2958 884 3015; x_wconf 75' lang='lat' dir='ltr'>cantuariensis</span> <span class='ocrx_word' id='word_1_213' title='bbox 902 2958 1032 3015; x_wconf 77' lang='lat' dir='ltr'>ecclesiae</span> <span class='ocrx_word' id='word_1_214' title='bbox 1054 2957 1157 3016; x_wconf 86' lang='lat' dir='ltr'>contra</span> <span class='ocrx_word' id='word_1_215' title='bbox 1175 2961 1346 3031; x_wconf 86' lang='lat' dir='ltr'>gravamina</span> <span class='ocrx_word' id='word_1_216' title='bbox 1364 2978 1429 3032; x_wconf 78' lang='lat' dir='ltr'>qum</span> 
     </span>
     <span class='ocr_line' id='line_1_25' title="bbox 382 3040 1433 3115; baseline 0 -18"><span class='ocrx_word' id='word_1_217' title='bbox 382 3045 400 3069; x_wconf 87' lang='lat'>“</span> <span class='ocrx_word' id='word_1_218' title='bbox 421 3061 439 3097; x_wconf 91' lang='lat' dir='ltr'>a</span> <span class='ocrx_word' id='word_1_219' title='bbox 465 3042 667 3098; x_wconf 80' lang='lat' dir='ltr'>Cantuarisnsi</span> <span class='ocrx_word' id='word_1_220' title='bbox 694 3040 909 3113; x_wconf 77' lang='lat' dir='ltr'>archiepiscopo</span> <span class='ocrx_word' id='word_1_221' title='bbox 935 3041 1099 3115; x_wconf 89' lang='lat' dir='ltr'>patiuntur,</span> <span class='ocrx_word' id='word_1_222' title='bbox 1122 3042 1297 3114; x_wconf 88' lang='lat' dir='ltr'>jamdudum</span> <span class='ocrx_word' id='word_1_223' title='bbox 1324 3043 1433 3115; x_wconf 89' lang='lat' dir='ltr'>recepi-</span> 
     </span>
     <span class='ocr_line' id='line_1_26' title="bbox 382 3124 1432 3199; baseline 0.003 -19"><span class='ocrx_word' id='word_1_224' title='bbox 382 3129 402 3154; x_wconf 90' lang='lat'><strong>“</strong></span> <span class='ocrx_word' id='word_1_225' title='bbox 420 3144 501 3193; x_wconf 89' lang='lat' dir='ltr'>mus;</span> <span class='ocrx_word' id='word_1_226' title='bbox 521 3131 551 3180; x_wconf 93' lang='lat' dir='ltr'>et</span> <span class='ocrx_word' id='word_1_227' title='bbox 568 3125 640 3181; x_wconf 88' lang='lat' dir='ltr'>licet</span> <span class='ocrx_word' id='word_1_228' title='bbox 657 3125 752 3180; x_wconf 90' lang='lat' dir='ltr'>eidem</span> <span class='ocrx_word' id='word_1_229' title='bbox 771 3124 987 3199; x_wconf 89' lang='lat' dir='ltr'>archiepiscopo</span> <span class='ocrx_word' id='word_1_230' title='bbox 1004 3126 1131 3182; x_wconf 74' lang='lat' dir='ltr'>libenter</span> <span class='ocrx_word' id='word_1_231' title='bbox 1147 3126 1274 3183; x_wconf 84' lang='lat' dir='ltr'>velimus</span> <span class='ocrx_word' id='word_1_232' title='bbox 1292 3126 1324 3182; x_wconf 92' lang='lat' dir='ltr'>iu</span> <span class='ocrx_word' id='word_1_233' title='bbox 1343 3144 1432 3199; x_wconf 90' lang='lat' dir='ltr'>quan·</span> 
     </span>
     <span class='ocr_line' id='line_1_27' title="bbox 382 3208 1435 3283; baseline 0.002 -19"><span class='ocrx_word' id='word_1_234' title='bbox 382 3210 400 3237; x_wconf 82' lang='lat'>‘⁴</span> <span class='ocrx_word' id='word_1_235' title='bbox 422 3214 486 3264; x_wconf 90' lang='lat' dir='ltr'>tum</span> <span class='ocrx_word' id='word_1_236' title='bbox 506 3226 657 3282; x_wconf 88' lang='lat' dir='ltr'>possumus</span> <span class='ocrx_word' id='word_1_237' title='bbox 678 3227 746 3264; x_wconf 87' lang='lat' dir='ltr'>curu</span> <span class='ocrx_word' id='word_1_238' title='bbox 770 3208 883 3265; x_wconf 89' lang='lat' dir='ltr'>ratione</span> <span class='ocrx_word' id='word_1_239' title='bbox 907 3209 1031 3275; x_wconf 81' lang='lat' dir='ltr'>deferre,</span> <span class='ocrx_word' id='word_1_240' title='bbox 1053 3209 1123 3282; x_wconf 84' lang='lat' dir='ltr'>quia</span> <span class='ocrx_word' id='word_1_241' title='bbox 1147 3216 1247 3267; x_wconf 90' lang='lat' dir='ltr'>tamen</span> <span class='ocrx_word' id='word_1_242' title='bbox 1271 3210 1435 3283; x_wconf 91' lang='lat' dir='ltr'>postposita</span> 
     </span>
     <span class='ocr_line' id='line_1_28' title="bbox 383 3290 1435 3367; baseline 0.002 -20"><span class='ocrx_word' id='word_1_243' title='bbox 383 3293 402 3318; x_wconf 75' lang='lat'>‘⁸</span> <span class='ocrx_word' id='word_1_244' title='bbox 422 3291 586 3347; x_wconf 90' lang='lat' dir='ltr'>reverentia</span> <span class='ocrx_word' id='word_1_245' title='bbox 603 3290 805 3347; x_wconf 85' lang='lat' dir='ltr'>mandatorum</span> <span class='ocrx_word' id='word_1_246' title='bbox 822 3296 989 3347; x_wconf 90' lang='lat' dir='ltr'>nostrorum</span> <span class='ocrx_word' id='word_1_247' title='bbox 1007 3292 1096 3347; x_wconf 87' lang='lat' dir='ltr'>nimis</span> <span class='ocrx_word' id='word_1_248' title='bbox 1116 3292 1234 3349; x_wconf 83' lang='lat' dir='ltr'>videtur</span> <span class='ocrx_word' id='word_1_249' title='bbox 1254 3292 1286 3348; x_wconf 92' lang='lat' dir='ltr'>in</span> <span class='ocrx_word' id='word_1_250' title='bbox 1310 3294 1435 3367; x_wconf 84' lang='lat' dir='ltr'>inceptus</span> 
     </span>
     <span class='ocr_line' id='line_1_29' title="bbox 384 3374 1436 3450; baseline 0.001 -19"><span class='ocrx_word' id='word_1_251' title='bbox 384 3376 403 3402; x_wconf 82' lang='lat'>‘⁴</span> <span class='ocrx_word' id='word_1_252' title='bbox 423 3374 615 3447; x_wconf 87' lang='lat' dir='ltr'>oppressionis</span> <span class='ocrx_word' id='word_1_253' title='bbox 631 3376 779 3446; x_wconf 91' lang='lat' dir='ltr'>proposito</span> <span class='ocrx_word' id='word_1_254' title='bbox 796 3375 963 3447; x_wconf 87' lang='lat' dir='ltr'>perdurare,</span> <span class='ocrx_word' id='word_1_255' title='bbox 975 3376 1039 3448; x_wconf 85' lang='lat' dir='ltr'>jam</span> <span class='ocrx_word' id='word_1_256' title='bbox 1053 3378 1197 3433; x_wconf 86' lang='lat' dir='ltr'>sustinere</span> <span class='ocrx_word' id='word_1_257' title='bbox 1211 3395 1266 3432; x_wconf 92' lang='lat' dir='ltr'>nec</span> <span class='ocrx_word' id='word_1_258' title='bbox 1284 3395 1436 3450; x_wconf 87' lang='lat' dir='ltr'>possumus</span> 
     </span>
     <span class='ocr_line' id='line_1_30' title="bbox 383 3458 1436 3532; baseline 0.004 -20"><span class='ocrx_word' id='word_1_259' title='bbox 383 3461 402 3486; x_wconf 79' lang='lat'>‘⁴</span> <span class='ocrx_word' id='word_1_260' title='bbox 422 3475 475 3513; x_wconf 89' lang='lat' dir='ltr'>nec</span> <span class='ocrx_word' id='word_1_261' title='bbox 499 3458 649 3523; x_wconf 86' lang='lat' dir='ltr'>debemus,</span> <span class='ocrx_word' id='word_1_262' title='bbox 672 3458 743 3531; x_wconf 90' lang='lat' dir='ltr'>quin</span> <span class='ocrx_word' id='word_1_263' title='bbox 766 3458 975 3531; x_wconf 73' lang='lat' dir='ltr'>tranquillitati</span> <span class='ocrx_word' id='word_1_264' title='bbox 999 3461 1209 3532; x_wconf 72' lang='lat' dir='ltr'>praedictorum</span> <span class='ocrx_word' id='word_1_265' title='bbox 1233 3461 1358 3516; x_wconf 83' lang='lat' dir='ltr'>fratrum</span> <span class='ocrx_word' id='word_1_266' title='bbox 1382 3479 1436 3532; x_wconf 86' lang='lat' dir='ltr'>pro</span> 
     </span>
     <span class='ocr_line' id='line_1_31' title="bbox 386 3540 1436 3617; baseline 0.003 -21"><span class='ocrx_word' id='word_1_267' title='bbox 386 3545 404 3570; x_wconf 75' lang='lat'>‘⁸</span> <span class='ocrx_word' id='word_1_268' title='bbox 424 3540 517 3597; x_wconf 87' lang='lat' dir='ltr'>nostri</span> <span class='ocrx_word' id='word_1_269' title='bbox 535 3540 622 3595; x_wconf 88' lang='lat' dir='ltr'>officii</span> <span class='ocrx_word' id='word_1_270' title='bbox 639 3540 737 3597; x_wconf 89' lang='lat' dir='ltr'>debito</span> <span class='ocrx_word' id='word_1_271' title='bbox 756 3542 950 3598; x_wconf 86' lang='lat' dir='ltr'>consulamus.</span> <span class='ocrx_word' id='word_1_272' title='bbox 987 3542 1062 3599; x_wconf 81' lang='lat' dir='ltr'>Cum</span> <span class='ocrx_word' id='word_1_273' title='bbox 1079 3544 1172 3616; x_wconf 84' lang='lat' dir='ltr'>igitur</span> <span class='ocrx_word' id='word_1_274' title='bbox 1191 3546 1224 3600; x_wconf 90' lang='lat' dir='ltr'>in</span> <span class='ocrx_word' id='word_1_275' title='bbox 1241 3563 1331 3617; x_wconf 89' lang='lat' dir='ltr'>grave</span> <span class='ocrx_word' id='word_1_276' title='bbox 1349 3545 1436 3601; x_wconf 88' lang='lat' dir='ltr'>detri-</span> 
     </span>
     <span class='ocr_line' id='line_1_32' title="bbox 386 3624 1437 3700; baseline 0.005 -21"><span class='ocrx_word' id='word_1_277' title='bbox 386 3628 405 3653; x_wconf 87' lang='lat'>“</span> <span class='ocrx_word' id='word_1_278' title='bbox 425 3631 557 3680; x_wconf 88' lang='lat' dir='ltr'>mentum</span> <span class='ocrx_word' id='word_1_279' title='bbox 575 3624 705 3697; x_wconf 89' lang='lat' dir='ltr'>ejusdem</span> <span class='ocrx_word' id='word_1_280' title='bbox 726 3625 857 3681; x_wconf 81' lang='lat' dir='ltr'>ecclesiae</span> <span class='ocrx_word' id='word_1_281' title='bbox 879 3625 1013 3697; x_wconf 86' lang='lat' dir='ltr'>quaedam</span> <span class='ocrx_word' id='word_1_282' title='bbox 1038 3629 1149 3700; x_wconf 88' lang='lat' dir='ltr'>capella</span> <span class='ocrx_word' id='word_1_283' title='bbox 1172 3647 1190 3683; x_wconf 87' lang='lat' dir='ltr'>a</span> <span class='ocrx_word' id='word_1_284' title='bbox 1207 3633 1369 3684; x_wconf 87' lang='lat' dir='ltr'>memorato</span> <span class='ocrx_word' id='word_1_285' title='bbox 1393 3646 1437 3683; x_wconf 90' lang='lat' dir='ltr'>ar·</span> 
     </span>
     <span class='ocr_line' id='line_1_33' title="bbox 387 3708 1438 3784; baseline 0.003 -19"><span class='ocrx_word' id='word_1_286' title='bbox 387 3712 405 3738; x_wconf 77' lang='lat'>‘⁸</span> <span class='ocrx_word' id='word_1_287' title='bbox 425 3709 609 3782; x_wconf 86' lang='lat' dir='ltr'>chiepiscopo</span> <span class='ocrx_word' id='word_1_288' title='bbox 637 3708 753 3780; x_wconf 89' lang='lat' dir='ltr'>incepta</span> <span class='ocrx_word' id='word_1_289' title='bbox 780 3709 881 3776; x_wconf 81' lang='lat' dir='ltr'>inerit,</span> <span class='ocrx_word' id='word_1_290' title='bbox 911 3715 950 3776; x_wconf 92' lang='lat' dir='ltr'>et,</span> <span class='ocrx_word' id='word_1_291' title='bbox 977 3716 1043 3782; x_wconf 90' lang='lat' dir='ltr'>post</span> <span class='ocrx_word' id='word_1_292' title='bbox 1069 3712 1294 3784; x_wconf 85' lang='lat' dir='ltr'>appellationem</span> <span class='ocrx_word' id='word_1_293' title='bbox 1318 3711 1356 3767; x_wconf 91' lang='lat' dir='ltr'>ad</span> <span class='ocrx_word' id='word_1_294' title='bbox 1385 3730 1438 3768; x_wconf 89' lang='lat' dir='ltr'>nos</span> 
     </span>
     <span class='ocr_line' id='line_1_34' title="bbox 388 3792 1439 3866; baseline 0.002 -19"><span class='ocrx_word' id='word_1_295' title='bbox 388 3794 533 3849; x_wconf 83' lang='lat' dir='ltr'>“factam</span> <span class='ocrx_word' id='word_1_296' title='bbox 559 3797 590 3848; x_wconf 91' lang='lat' dir='ltr'>et</span> <span class='ocrx_word' id='word_1_297' title='bbox 616 3792 821 3849; x_wconf 89' lang='lat' dir='ltr'>inhibitionem</span> <span class='ocrx_word' id='word_1_298' title='bbox 849 3798 979 3849; x_wconf 89' lang='lat' dir='ltr'>nostram</span> <span class='ocrx_word' id='word_1_299' title='bbox 1007 3812 1044 3850; x_wconf 90' lang='lat' dir='ltr'>ne</span> <span class='ocrx_word' id='word_1_300' title='bbox 1069 3795 1194 3851; x_wconf 90' lang='lat' dir='ltr'>ulterius</span> <span class='ocrx_word' id='word_1_301' title='bbox 1217 3795 1439 3866; x_wconf 77' lang='lat' dir='ltr'>progrederetur</span> 
     </span>
     <span class='ocr_line' id='line_1_35' title="bbox 389 3876 1437 3950; baseline 0 -17"><span class='ocrx_word' id='word_1_302' title='bbox 389 3879 407 3904; x_wconf 91' lang='lat'><strong>“</strong></span> <span class='ocrx_word' id='word_1_303' title='bbox 427 3896 509 3949; x_wconf 86' lang='lat' dir='ltr'>opus,</span> <span class='ocrx_word' id='word_1_304' title='bbox 527 3878 566 3933; x_wconf 89' lang='lat' dir='ltr'>sit</span> <span class='ocrx_word' id='word_1_305' title='bbox 584 3877 616 3932; x_wconf 91' lang='lat' dir='ltr'>in</span> <span class='ocrx_word' id='word_1_306' title='bbox 634 3876 767 3933; x_wconf 84' lang='lat' dir='ltr'>fraudem</span> <span class='ocrx_word' id='word_1_307' title='bbox 792 3876 996 3949; x_wconf 89' lang='lat' dir='ltr'>prohibitionis</span> <span class='ocrx_word' id='word_1_308' title='bbox 1013 3877 1076 3950; x_wconf 88' lang='lat' dir='ltr'>ejus</span> <span class='ocrx_word' id='word_1_309' title='bbox 1094 3885 1181 3948; x_wconf 90' lang='lat' dir='ltr'>prout</span> <span class='ocrx_word' id='word_1_310' title='bbox 1204 3877 1348 3935; x_wconf 88' lang='lat' dir='ltr'>oredimus</span> <span class='ocrx_word' id='word_1_311' title='bbox 1371 3896 1437 3935; x_wconf 91' lang='lat' dir='ltr'>con·</span> 
     </span>
     <span class='ocr_line' id='line_1_36' title="bbox 389 3960 1438 4034; baseline 0 -17"><span class='ocrx_word' id='word_1_312' title='bbox 389 3965 407 3991; x_wconf 76' lang='lat'>‘⁶</span> <span class='ocrx_word' id='word_1_313' title='bbox 427 3966 581 4028; x_wconf 88' lang='lat' dir='ltr'>summata,</span> <span class='ocrx_word' id='word_1_314' title='bbox 600 3962 643 4017; x_wconf 87' lang='lat' dir='ltr'>ita</span> <span class='ocrx_word' id='word_1_315' title='bbox 660 3961 738 4034; x_wconf 87' lang='lat' dir='ltr'>qnod</span> <span class='ocrx_word' id='word_1_316' title='bbox 755 3960 874 4033; x_wconf 88' lang='lat' dir='ltr'>qnidam</span> <span class='ocrx_word' id='word_1_317' title='bbox 893 3961 1024 4016; x_wconf 87' lang='lat' dir='ltr'>canonici</span> <span class='ocrx_word' id='word_1_318' title='bbox 1045 3962 1122 4017; x_wconf 87' lang='lat' dir='ltr'>circa</span> <span class='ocrx_word' id='word_1_319' title='bbox 1141 3980 1206 4018; x_wconf 88' lang='lat' dir='ltr'>eam</span> <span class='ocrx_word' id='word_1_320' title='bbox 1226 3981 1280 4019; x_wconf 88' lang='lat' dir='ltr'>sua</span> <span class='ocrx_word' id='word_1_321' title='bbox 1299 3963 1438 4018; x_wconf 88' lang='lat' dir='ltr'>dicuutur</span> 
     </span>
     <span class='ocr_line' id='line_1_37' title="bbox 389 4044 1438 4116; baseline 0.004 -18"><span class='ocrx_word' id='word_1_322' title='bbox 389 4047 406 4072; x_wconf 80' lang='lat'>‘⁸</span> <span class='ocrx_word' id='word_1_323' title='bbox 426 4044 593 4100; x_wconf 85' lang='lat' dir='ltr'>habitacula</span> <span class='ocrx_word' id='word_1_324' title='bbox 610 4046 813 4111; x_wconf 86' lang='lat' dir='ltr'>construxisse,</span> <span class='ocrx_word' id='word_1_325' title='bbox 826 4050 857 4100; x_wconf 89' lang='lat' dir='ltr'>et</span> <span class='ocrx_word' id='word_1_326' title='bbox 874 4044 906 4098; x_wconf 93' lang='lat' dir='ltr'>in</span> <span class='ocrx_word' id='word_1_327' title='bbox 925 4044 989 4115; x_wconf 88' lang='lat' dir='ltr'>ipsa</span> <span class='ocrx_word' id='word_1_328' title='bbox 1006 4046 1117 4116; x_wconf 89' lang='lat' dir='ltr'>pariter</span> <span class='ocrx_word' id='word_1_329' title='bbox 1135 4045 1236 4102; x_wconf 87' lang='lat' dir='ltr'>divina</span> <span class='ocrx_word' id='word_1_330' title='bbox 1253 4045 1347 4102; x_wconf 84' lang='lat' dir='ltr'>officia</span> <span class='ocrx_word' id='word_1_331' title='bbox 1364 4047 1438 4102; x_wconf 86' lang='lat' dir='ltr'>cele·</span> 
     </span>
     <span class='ocr_line' id='line_1_38' title="bbox 389 4128 1439 4203; baseline 0.002 -20"><span class='ocrx_word' id='word_1_332' title='bbox 389 4130 408 4156; x_wconf 83' lang='lat'>‘¹</span> <span class='ocrx_word' id='word_1_333' title='bbox 428 4129 535 4194; x_wconf 80' lang='lat' dir='ltr'>bracae,</span> <span class='ocrx_word' id='word_1_334' title='bbox 558 4128 653 4185; x_wconf 89' lang='lat' dir='ltr'>eidem</span> <span class='ocrx_word' id='word_1_335' title='bbox 676 4129 893 4201; x_wconf 85' lang='lat' dir='ltr'>archiepiscopo</span> <span class='ocrx_word' id='word_1_336' title='bbox 920 4128 952 4183; x_wconf 92' lang='lat' dir='ltr'>in</span> <span class='ocrx_word' id='word_1_337' title='bbox 979 4128 1151 4185; x_wconf 75' lang='lat' dir='ltr'>obedientia</span> <span class='ocrx_word' id='word_1_338' title='bbox 1173 4130 1284 4187; x_wconf 85' lang='lat' dir='ltr'>virtute</span> <span class='ocrx_word' id='word_1_339' title='bbox 1304 4132 1439 4203; x_wconf 78' lang='lat' dir='ltr'>precepi-</span> 
     </span>
     <span class='ocr_line' id='line_1_39' title="bbox 391 4211 1443 4277; baseline 0.002 -12"><span class='ocrx_word' id='word_1_340' title='bbox 391 4213 409 4237; x_wconf 83' lang='lat'><em>“</em></span> <span class='ocrx_word' id='word_1_341' title='bbox 430 4215 516 4276; x_wconf 67' lang='grc' dir='ltr'>ιιιιιιι,θ</span> <span class='ocrx_word' id='word_1_342' title='bbox 536 4215 581 4277; x_wconf 91' lang='lat' dir='ltr'>ut,</span> <span class='ocrx_word' id='word_1_343' title='bbox 603 4213 750 4268; x_wconf 85' lang='lat' dir='ltr'>suetiam</span> <span class='ocrx_word' id='word_1_344' title='bbox 771 4229 830 4268; x_wconf 92' lang='lat' dir='ltr'>nou</span> <span class='ocrx_word' id='word_1_345' title='bbox 850 4213 984 4268; x_wconf 84' lang='lat' dir='ltr'>obstante</span> <span class='ocrx_word' id='word_1_346' title='bbox 1002 4212 1028 4268; x_wconf 91' lang='lat' dir='ltr'>si</span> <span class='ocrx_word' id='word_1_347' title='bbox 1052 4211 1155 4268; x_wconf 89' lang='lat' dir='ltr'>absens</span> <span class='ocrx_word' id='word_1_348' title='bbox 1181 4213 1219 4268; x_wconf 89' lang='lat' dir='ltr'>ab</span> <span class='ocrx_word' id='word_1_349' title='bbox 1245 4213 1367 4269; x_wconf 87' lang='lat' dir='ltr'>ecclesia</span> <span class='ocrx_word' id='word_1_350' title='bbox 1389 4230 1443 4269; x_wconf 90' lang='lat' dir='ltr'>sus</span> 
     </span>
     <span class='ocr_line' id='line_1_40' title="bbox 392 4294 1442 4369; baseline 0.003 -20"><span class='ocrx_word' id='word_1_351' title='bbox 392 4296 410 4322; x_wconf 79' lang='lat'>‘⁶</span> <span class='ocrx_word' id='word_1_352' title='bbox 431 4294 529 4361; x_wconf 75' lang='lat' dir='ltr'>luerit,</span> <span class='ocrx_word' id='word_1_353' title='bbox 550 4294 690 4368; x_wconf 88' lang='lat' dir='ltr'>quicquid</span> <span class='ocrx_word' id='word_1_354' title='bbox 708 4302 774 4368; x_wconf 84' lang='lat' dir='ltr'>post</span> <span class='ocrx_word' id='word_1_355' title='bbox 792 4296 1018 4369; x_wconf 87' lang='lat' dir='ltr'>appellationem</span> <span class='ocrx_word' id='word_1_356' title='bbox 1039 4295 1077 4351; x_wconf 88' lang='lat' dir='ltr'>ad</span> <span class='ocrx_word' id='word_1_357' title='bbox 1097 4314 1149 4351; x_wconf 93' lang='lat' dir='ltr'>nos</span> <span class='ocrx_word' id='word_1_358' title='bbox 1172 4298 1281 4351; x_wconf 81' lang='lat' dir='ltr'>iactam</span> <span class='ocrx_word' id='word_1_359' title='bbox 1302 4297 1348 4352; x_wconf 89' lang='lat' dir='ltr'>vel</span> <span class='ocrx_word' id='word_1_360' title='bbox 1368 4297 1442 4352; x_wconf 91' lang='lat' dir='ltr'>inhi-</span> 
     </span>
     <span class='ocr_line' id='line_1_41' title="bbox 392 4378 1443 4453; baseline 0.004 -21"><span class='ocrx_word' id='word_1_361' title='bbox 392 4381 410 4406; x_wconf 88' lang='lat'>“</span> <span class='ocrx_word' id='word_1_362' title='bbox 432 4378 572 4434; x_wconf 86' lang='lat' dir='ltr'>bitionem</span> <span class='ocrx_word' id='word_1_363' title='bbox 591 4384 719 4435; x_wconf 71' lang='lat' dir='ltr'>noemam</span> <span class='ocrx_word' id='word_1_364' title='bbox 739 4382 771 4435; x_wconf 91' lang='lat' dir='ltr'>in</span> <span class='ocrx_word' id='word_1_365' title='bbox 791 4397 878 4451; x_wconf 89' lang='lat' dir='ltr'>opere</span> <span class='ocrx_word' id='word_1_366' title='bbox 897 4380 1017 4452; x_wconf 76' lang='lat' dir='ltr'>capellae</span> <span class='ocrx_word' id='word_1_367' title='bbox 1038 4384 1136 4435; x_wconf 89' lang='lat' dir='ltr'>actum</span> <span class='ocrx_word' id='word_1_368' title='bbox 1148 4385 1201 4447; x_wconf 86' lang='lat' dir='ltr'>est,</span> <span class='ocrx_word' id='word_1_369' title='bbox 1221 4382 1281 4436; x_wconf 84' lang='lat' dir='ltr'>suis</span> <span class='ocrx_word' id='word_1_370' title='bbox 1300 4381 1443 4453; x_wconf 84' lang='lat' dir='ltr'>expensis,</span> 
     </span>
     <span class='ocr_line' id='line_1_42' title="bbox 392 4458 1443 4535; baseline 0.001 -19"><span class='ocrx_word' id='word_1_371' title='bbox 392 4462 412 4489; x_wconf 87' lang='lat'>“</span> <span class='ocrx_word' id='word_1_372' title='bbox 430 4479 490 4516; x_wconf 91' lang='lat' dir='ltr'>non</span> <span class='ocrx_word' id='word_1_373' title='bbox 509 4458 627 4517; x_wconf 84' lang='lat' dir='ltr'>differat</span> <span class='ocrx_word' id='word_1_374' title='bbox 647 4458 792 4529; x_wconf 88' lang='lat' dir='ltr'>demoliri,</span> <span class='ocrx_word' id='word_1_375' title='bbox 818 4480 956 4519; x_wconf 86' lang='lat' dir='ltr'>revocans</span> <span class='ocrx_word' id='word_1_376' title='bbox 975 4467 1005 4518; x_wconf 91' lang='lat' dir='ltr'>et</span> <span class='ocrx_word' id='word_1_377' title='bbox 1024 4460 1169 4520; x_wconf 76' lang='lat' dir='ltr'>deducam</span> <span class='ocrx_word' id='word_1_378' title='bbox 1188 4481 1307 4535; x_wconf 91' lang='lat' dir='ltr'>prorsus</span> <span class='ocrx_word' id='word_1_379' title='bbox 1328 4464 1358 4518; x_wconf 92' lang='lat' dir='ltr'>in</span> <span class='ocrx_word' id='word_1_380' title='bbox 1377 4464 1443 4518; x_wconf 85' lang='lat' dir='ltr'>irri-</span> 
     </span>
    </p>
   </div>
   <div class='ocr_carea' id='block_1_11' title="bbox 395 4595 1442 4604">
    <p class='ocr_par' dir='ltr' id='par_1_14' title="bbox 395 4595 1442 4604">
     <span class='ocr_line' id='line_1_43' title="bbox 395 4595 1442 4604; baseline 0 -3"><span class='ocrx_word' id='word_1_381' title='bbox 395 4596 473 4603; x_wconf 69' lang='grc'>-.-</span> <span class='ocrx_word' id='word_1_382' title='bbox 964 4595 1223 4602; x_wconf 64' lang='grc'>-...-.-..-.--.-.-.</span> <span class='ocrx_word' id='word_1_383' title='bbox 1251 4596 1327 4601; x_wconf 80' lang='grc'><strong><em>-..-</em></strong></span> <span class='ocrx_word' id='word_1_384' title='bbox 1343 4596 1442 4604; x_wconf 63' lang='lat'>...—</span> 
     </span>
    </p>
   </div>
   <div class='ocr_carea' id='block_1_12' title="bbox 395 4669 1446 4972">
    <p class='ocr_par' dir='ltr' id='par_1_15' title="bbox 395 4669 1446 4972">
     <span class='ocr_line' id='line_1_44' title="bbox 427 4669 1446 4738; baseline 0.002 -18"><span class='ocrx_word' id='word_1_385' title='bbox 427 4670 435 4702; x_wconf 90' lang='lat'>¹</span> <span class='ocrx_word' id='word_1_386' title='bbox 449 4669 574 4736; x_wconf 74' lang='lat' dir='ltr'>bonores]</span> <span class='ocrx_word' id='word_1_387' title='bbox 601 4671 719 4721; x_wconf 81' lang='lat' dir='ltr'>“Datum</span> <span class='ocrx_word' id='word_1_388' title='bbox 731 4669 850 4730; x_wconf 78' lang='lat' dir='ltr'>Feraria,</span> <span class='ocrx_word' id='word_1_389' title='bbox 861 4672 898 4720; x_wconf 75' lang='grc' dir='ltr'>ιιο</span> <span class='ocrx_word' id='word_1_390' title='bbox 977 4670 988 4703; x_wconf 79' lang='lat'><em>²</em></span> <span class='ocrx_word' id='word_1_391' title='bbox 1003 4670 1134 4738; x_wconf 79' lang='lat' dir='ltr'>Urbanus]</span> <span class='ocrx_word' id='word_1_392' title='bbox 1155 4672 1203 4721; x_wconf 81' lang='lat' dir='ltr'>See</span> <span class='ocrx_word' id='word_1_393' title='bbox 1215 4670 1306 4734; x_wconf 82' lang='lat' dir='ltr'>Epislt.</span> <span class='ocrx_word' id='word_1_394' title='bbox 1317 4671 1446 4734; x_wconf 63' lang='lat' dir='ltr'>cantuar„</span> 
     </span>
     <span class='ocr_line' id='line_1_45' title="bbox 395 4748 1295 4815; baseline -0.001 -16"><span class='ocrx_word' id='word_1_395' title='bbox 395 4753 411 4779; x_wconf 89' lang='lat'><strong>“</strong></span> <span class='ocrx_word' id='word_1_396' title='bbox 430 4764 513 4800; x_wconf 89' lang='lat' dir='ltr'>nouas</span> <span class='ocrx_word' id='word_1_397' title='bbox 537 4748 684 4811; x_wconf 49' lang='lat' dir='ltr'>Octobris?</span> <span class='ocrx_word' id='word_1_398' title='bbox 695 4750 759 4815; x_wconf 81' lang='lat' dir='ltr'>Epp.</span> <span class='ocrx_word' id='word_1_399' title='bbox 777 4749 852 4800; x_wconf 81' lang='lat' dir='ltr'>Cant.</span> <span class='ocrx_word' id='word_1_400' title='bbox 874 4765 898 4813; x_wconf 88' lang='lat' dir='ltr'>p.</span> <span class='ocrx_word' id='word_1_401' title='bbox 946 4750 995 4800; x_wconf 86' lang='lat' dir='ltr'>No.</span> <span class='ocrx_word' id='word_1_402' title='bbox 1008 4748 1104 4810; x_wconf 61' lang='lat' dir='ltr'>cxxix„</span> <span class='ocrx_word' id='word_1_403' title='bbox 1114 4764 1157 4815; x_wconf 91' lang='lat' dir='ltr'>pp.</span> <span class='ocrx_word' id='word_1_404' title='bbox 1172 4754 1228 4810; x_wconf 77' lang='lat'>102,</span> <span class='ocrx_word' id='word_1_405' title='bbox 1241 4754 1295 4799; x_wconf 75' lang='lat'>103.</span> 
     </span>
     <span class='ocr_line' id='line_1_46' title="bbox 401 4827 1438 4895; baseline 0.003 -16"><span class='ocrx_word' id='word_1_406' title='bbox 401 4835 445 4879; x_wconf 76' lang='lat'>102</span> <span class='ocrx_word' id='word_1_407' title='bbox 458 4850 465 4891; x_wconf 78' lang='lat'>3</span> <span class='ocrx_word' id='word_1_408' title='bbox 483 4843 526 4878; x_wconf 85' lang='lat' dir='ltr'>see</span> <span class='ocrx_word' id='word_1_409' title='bbox 538 4829 628 4891; x_wconf 80' lang='lat' dir='ltr'>above,</span> <span class='ocrx_word' id='word_1_410' title='bbox 639 4843 665 4892; x_wconf 90' lang='lat' dir='ltr'>p.</span> <span class='ocrx_word' id='word_1_411' title='bbox 678 4832 727 4879; x_wconf 83' lang='lat' dir='ltr'>tl.&#39;</span> <span class='ocrx_word' id='word_1_412' title='bbox 979 4828 991 4861; x_wconf 82' lang='lat'>⁸</span> <span class='ocrx_word' id='word_1_413' title='bbox 999 4828 1173 4895; x_wconf 72' lang='lat' dir='ltr'>precepimus]</span> <span class='ocrx_word' id='word_1_414' title='bbox 1188 4827 1355 4893; x_wconf 75' lang='lat' dir='ltr'>precipimus,</span> <span class='ocrx_word' id='word_1_415' title='bbox 1367 4831 1397 4881; x_wconf 90' lang='lat' dir='ltr'>B.</span> <span class='ocrx_word' id='word_1_416' title='bbox 1409 4831 1438 4882; x_wconf 83' lang='lat' dir='ltr'>C.</span> 
     </span>
     <span class='ocr_line' id='line_1_47' title="bbox 485 4907 1313 4972; baseline 0.005 -23"><span class='ocrx_word' id='word_1_417' title='bbox 485 4907 546 4951; x_wconf 69' lang='lat' dir='ltr'>Adt-</span> <span class='ocrx_word' id='word_1_418' title='bbox 1246 4925 1268 4971; x_wconf 81' lang='grc' dir='ltr'><strong>Β</strong></span> <span class='ocrx_word' id='word_1_419' title='bbox 1290 4924 1313 4972; x_wconf 74' lang='grc' dir='ltr'>Β</span> 
     </span>
    </p>
   </div>
   <div class='ocr_carea' id='block_1_13' title="bbox 0 0 1870 5724">
    <p class='ocr_par' dir='ltr' id='par_1_16' title="bbox 0 0 1870 5724">
     <span class='ocr_line' id='line_1_48' title="bbox 0 0 1870 5724; baseline 0 0"><span class='ocrx_word' id='word_1_420' title='bbox 0 0 1870 5724; x_wconf 95' lang='lat' dir='ltr'> </span> 
     </span>
    </p>
   </div>
  </div>
 </body>
</html>
