3646 5720
734 789 847 840 orsae
869 790 1060 841 nrsromoa
1350 779 1415 845 309

408 972 582 1040 Renovate
614 980 665 1041 est
697 981 819 1052 autem,
854 998 965 1043 mense
999 976 1097 1053 Maio,
1130 976 1295 1044 discordia
1325 976 1414 1043 inter
1439 999 1562 1046 anans.

364 1097 473 1162 regem
506 1076 653 1143 Franciae
687 1082 723 1143 et
755 1078 908 1144 comitem
941 1078 1117 1157 Flandriae,
1145 1084 1180 1145 et
1210 1079 1247 1144 in
1279 1083 1412 1145 tantum
1426 1062 1566 1175 mm

362 1182 468 1254 aucta
492 1183 531 1243 ut
554 1179 595 1245 da
617 1199 697 1264 pace
720 1200 795 1264 quaa
817 1200 906 1246 anno
936 1181 1106 1267 praeterito
1128 1203 1187 1267 per
1208 1202 1319 1267 regem
1342 1180 1411 1246 An·
1424 1180 1520 1275 ᾗῇ

361 1277 439 1363 gliae
462 1279 549 1344 inter
571 1300 627 1345 eos
641 1285 713 1346 erat
735 1281 917 1367 composita
933 1281 1021 1348 vires
1044 1282 1214 1348 videretur
1235 1282 1413 1368 sumpsisse

361 1378 561 1464 malignitas.
608 1378 901 1466 congregaverunt
922 1382 1012 1447 enim
1034 1380 1285 1449 multitudinem
1305 1403 1412 1447 arma-

361 1484 479 1556 torum,
503 1486 544 1546 ut
564 1480 628 1545 sibi
650 1481 838 1547 adinvicem
867 1482 960 1548 nullo
983 1483 1150 1548 mediante
1172 1487 1411 1549 concurrerent.

361 1580 506 1647 Protulit
520 1583 669 1649 hac‘vioe
683 1605 743 1649 rex
759 1584 959 1650 Francorum
974 1584 1149 1673 Philippus
1171 1585 1303 1672 signum
1325 1585 1412 1671 regis
1424 1602 1554 1657 musea

361 1681 496 1758 Karoli;
525 1685 615 1770 quod
647 1706 669 1751 a
700 1690 847 1770 tempore
878 1686 1010 1771 praefati
1041 1686 1201 1772 principis
1235 1706 1340 1771 usque
1374 1654 1540 1750 indii-liiii

360 1806 504 1869 praesens
536 1787 668 1874 signum
700 1790 772 1852 erat
793 1786 830 1852 in
852 1786 993 1854 Francia
1025 1789 1142 1855 mortis
1168 1787 1222 1853 vel
1253 1753 1553 1854 domnalifdssh's

361 1885 406 1951 Et
427 1886 499 1954 haec
520 1893 592 1954 erat
614 1876 713 1953 causa
732 1888 912 1967 discordia,
934 1888 1044 1974 quod¹
1066 1889 1195 1955 obierat
1207 1909 1315 1975 nuper
1336 1887 1410 1952 abs·

359 2010 424 2074 que
446 1990 557 2057 liberis
579 1991 746 2057 comitissa
768 1991 942 2069 Flandriae,
965 1993 1059 2078 cujus
1080 1997 1152 2059 erat
1173 1991 1409 2075 patrimonium
1420 1992 1566 2092 {chiffl

359 2095 448 2156 terra
478 2092 754 2159 viromandorum
784 2114 860 2158 cum
889 2094 1092 2180 appendiciis
1123 2093 1200 2171 suis,
1232 2114 1306 2178 quae
1340 2096 1577 2199 emm-⁰¹1⁸&

358 2191 416 2258 nia
441 2193 485 2258 ad
506 2215 617 2281 regem
639 2193 797 2273 Franciae,
821 2200 938 2281 utpote
961 2195 1132 2261 dominum
1164 2194 1271 2272 fundi,
1306 2194 1530 2282 perti-mma

357 2314 435 2359 nere
456 2295 676 2397 videbantur.⁴
713 2296 779 2362 Sed
802 2318 909 2363 comes
931 2296 1098 2363 Flandriae
1120 2318 1187 2362 non
1209 2301 1261 2363 est
1280 2296 1408 2362 veritus

357 2395 529 2461 dominum
560 2419 657 2463 suurn
689 2404 724 2463 et
753 2419 796 2463 ex
833 2397 925 2464 fonto
955 2398 1167 2484 baptismatis
1197 2397 1304 2462 filium
1330 2397 1407 2483 jure

357 2496 469 2563 debito
491 2499 631 2584 privare,
655 2499 713 2565 sed
735 2504 771 2565 et
791 2499 892 2564 armis
921 2498 1077 2565 lacessere
1099 2519 1167 2565 non
1189 2498 1319 2585 puduit
1364 2497 1407 2563 In

356 2598 659 2686 detrimentumque
685 2600 811 2666 domini
842 2598 894 2665 s'ui
924 2601 1068 2666 duxerat
1093 2599 1198 2666 filiam
1219 2599 1306 2686 regis
1327 2598 1407 2664 Por·
1419 2605 1562 2709 Q&

356 2700 502 2787 tigelliae,
525 2724 625 2788 quam
657 2724 732 2768 cum
763 2702 870 2768 multo
902 2703 991 2769 fastu
1013 2707 1049 2768 at
1070 2701 1231 2789 superbia
1261 2705 1349 2766 nutu
1372 2705 1538 2803 atfflffi

355 2801 521 2887 adjutorio
554 2804 641 2890 regis
663 2803 804 2890 Angliae,
827 2809 905 2870 ante
939 2825 1060 2891 paucos
1093 2803 1163 2868 dies
1195 2801 1338 2867 duxerat
1371 2801 1408 2867 in

355 2904 555 2971 Flandriam.
601 2905 812 2972 Exercitibus
840 2906 954 2991 itaque
983 2907 1028 2971 ad
1056 2904 1275 2991 praeliandum
1298 2903 1405 2968 utrm-

355 3026 418 3090 que
440 3008 573 3092 paratis‚
595 3028 656 3072 rex
677 3006 810 3093 Angliae
839 3007 944 3072 tantis
970 3005 1067 3071 malis
1089 3004 1270 3091 prudenter
1291 3004 1405 3070 obvia-
1418 3011 1531 3109 3332«

353 3106 414 3171 vit.
459 3107 613 3193 Acceptis
636 3107 725 3172 enim
747 3107 836 3173 inter
850 3128 906 3173 eos
927 3128 1032 3192 usque
1054 3105 1091 3170 in
1105 3126 1231 3171 armum
1252 3103 1403 3180 induciis
1417 3112 1567 3217 ἕξω

353 3207 499 3295 singulos
514 3209 558 3274 ad
579 3209 714 3295 propria
732 3208 894 3295 compulit
914 3208 1077 3295 repedare.
1124 3206 1200 3294 Ipse
1222 3226 1353 3293 quoque
1368 3204 1405 3270 in
1417 3213 1494 3258 area

352 3308 509 3394 Anguem
531 3330 689 3387 reversus,
714 3309 829 3375 Sancti
851 3308 987 3374 Thomee
1008 3308 1180 3372 liminibus
1202 3306 1293 3382 visis,
1313 3305 1404 3370 Lun-

352 3408 487 3475 doniam
508 3410 612 3487 venit,
636 3415 672 3475 et
693 3410 730 3474 in
745 3409 900 3476 Gualiam
922 3414 1134 3494 non‘paucos
1156 3407 1280 3474 milites
1302 3408 1403 3476 misit.

352 3509 541 3597 Eruperant
571 3512 660 3578 enim
684 3510 872 3586 Gualenses,
896 3514 932 3575 et
952 3510 1039 3595 regis
1070 3508 1220 3574 absentia
1251 3507 1402 3573 effienati
1414 3521 1570 3621 mim

350 3612 509 3700 plurimos
531 3634 574 3679 ex
595 3613 785 3679 hominibus
807 3613 893 3697 regis
915 3611 1103 3678 occiderant
1123 3608 1258 3697 Anglos.

395 3715 468 3781 Hoc
490 3720 601 3781 autem
633 3713 767 3800 expleto
796 3713 939 3801 negotio,
961 3711 1105 3778 ecclesiae
1127 3708 1530 3811 Cantuancnsislfflpp

349 3817 485 3902 cupiens
522 3839 582 3883 rex
615 3810 741 3882 statum
774 3816 951 3902 pristinum
989 3814 1174 3890 reformare,
1206 3812 1400 3899 spectabiles
1412 3818 1567 3922 ἥξω.

349 3918 485 3983 nuntios
512 3919 606 3984 misit
630 3917 855 3994 cantuariam,
878 3915 1083 4001 Randulfum
1105 3913 1231 3981 scilieet
1247 3913 1399 4000 justicia·

348 4019 436 4084 rium
459 4019 600 4106 Angliae,
623 4019 813 4106 episcopum
843 4016 1099 4093 Norwicensem,
1122 4014 1310 4101 episcopum
1333 4013 1399 4080 Ro·

346 4120 482 4199 feneam,
497 4121 765 4189 archidiaconum
780 4117 1060 4194 Oantuariensem,
1075 4116 1342 4182 archidiaconum
1357 4116 1399 4182 de

346 4222 477 4300 Derebi,
493 4229 528 4289 et
549 4223 739 4289 Hubertum
755 4218 916 4288 Walterii
962 4220 1011 4284 Hi
1033 4241 1111 4306 ergo
1134 4240 1177 4284 ex
1195 4223 1289 4304 parte
1312 4218 1399 4305 regis

346 4324 383 4388 in
405 4324 588 4412 capitulum
619 4323 809 4390 cantuariae
832 4323 1003 4389 venientes
1033 4325 1234 4386 monuerunt
1255 4340 1566 4438 muron-gogo&

345 4432 419 4492 tum
441 4427 552 4492 verbis
576 4426 729 4513 pacificis,
752 4431 793 4490 ut
822 4425 865 4490 ad
896 4423 1086 4511 eligendum
1115 4421 1395 4509 archiepiscopum
1408 4447 1537 4498 terem

379 4628 477 4697 ¹quar]
491 4645 542 4682 om.
555 4630 585 4683 c.
862 4629 869 4696 ι
927 4623 1156 4694 *cumaeam
1171 4640 1222 4679 om.
1235 4625 1266 4678 o.
