3628 5728
737 898 850 949 ornas
872 897 1062 949 nmmarcs.
1354 885 1419 950 stt
1488 862 1491 869 ’

371 1091 390 1119 “
408 1094 497 1162 prout
514 1089 590 1145 rillio
604 1088 682 1162 jnria
699 1087 870 1161 expostulat,
890 1088 1062 1155 aestimetur,
1081 1105 1134 1143 uec
1151 1090 1185 1143 tu
1202 1085 1307 1142 honori
1327 1103 1420 1143 sacro·
1452 1108 1578 1154 mm

370 1178 390 1205 ‘⁴
408 1180 516 1231 sancta
534 1173 674 1230 Romana
692 1172 820 1230 ecclesias
838 1171 940 1228 matris
957 1175 1016 1229 tuae
1033 1171 1160 1229 videaris
1182 1175 1272 1242 prout
1293 1170 1422 1242 oportuit
1434 1158 1575 1267 ulma!

371 1261 390 1287 ‘⁸
409 1257 556 1314 detulisse.
593 1257 676 1314 Licet
693 1263 791 1313 autem
808 1257 988 1329 propositum
1005 1256 1090 1315 nobis
1107 1256 1146 1312 sit
1163 1254 1344 1312 fraternitati
1361 1260 1420 1309 tuae
1433 1273 1572 1326 caerulcae

371 1346 390 1371 ⁸‘
411 1346 552 1414 quantum
577 1358 644 1396 cum
669 1341 733 1396 Deo
757 1358 911 1414 possumus
936 1341 1098 1407 deferendi,
1118 1346 1148 1396 et
1165 1355 1320 1412 personam
1338 1343 1420 1394 tuam
1434 1322 1590 1424 “ffi'ssjm

371 1430 389 1455 “
409 1427 441 1483 in
466 1426 601 1482 omnibus
626 1444 692 1499 quaa
716 1443 770 1499 pro
799 1426 893 1482 officio
919 1426 1004 1481 nobis
1030 1426 1205 1481 incumbunt
1233 1424 1420 1480 statuerimus
1434 1423 1519 1469 rausa

369 1514 389 1540 ⁴⁶
409 1512 562 1576 honorare,
581 1510 651 1582 quia
675 1516 774 1566 tamen
799 1510 959 1565 eorundem
986 1511 1112 1565 fratrum
1136 1525 1286 1583 pressuras
1310 1509 1421 1580 pariter

370 1597 388 1625 ‘⁴
408 1599 440 1650 et
463 1595 606 1650 clamores
631 1611 698 1650 cum
722 1595 799 1652 bona
823 1593 1001 1650 conscientia
1025 1593 1175 1664 praeterire
1200 1590 1307 1647 classis
1330 1592 1422 1647 oculis

370 1682 388 1707 ‘¹
408 1696 463 1736 nso
481 1696 632 1750 possumus
649 1695 705 1734 neo
721 1677 871 1745 debemus,
890 1678 1068 1734 fraternitati
1091 1682 1151 1732 tuae
1168 1676 1205 1732 de
1224 1676 1346 1731 consilio
1364 1677 1422 1730 fra·

370 1767 388 1794 ‘⁴
407 1768 488 1819 trum
505 1769 671 1819 nostrorum
689 1781 742 1836 per
760 1761 919 1835 apostolica
936 1762 1046 1832 scripta
1063 1760 1234 1816 mandamus
1247 1766 1278 1815 st
1290 1759 1422 1815 districtc

370 1852 389 1877 “
409 1847 603 1920 precipimus,
623 1847 761 1920 quatinus
779 1848 859 1903 omni
878 1846 1106 1903 contradictione
1124 1852 1156 1901 et
1172 1845 1322 1901 occasione
1345 1851 1422 1915 post-

371 1935 388 1962 “
409 1932 513 2005 posita,
542 1948 576 1986 ec
603 1931 692 1987 etiam
718 1948 777 1986 non
804 1932 937 1987 obstante
963 1931 989 1986 si
1014 1936 1044 1985 te
1071 1930 1172 1986 abesse
1197 1928 1356 2000 contigerit
1386 1930 1422 1984 ab

371 2018 391 2045 “
409 2014 532 2071 ecclesia
549 2021 610 2082 tua,
629 2014 769 2086 quicquid
785 2018 852 2087 post
869 2013 1096 2086 appellationem
1115 2013 1152 2069 ad
1170 2012 1269 2069 sedem
1286 2014 1423 2084 apostoli-

371 2103 390 2131 “
409 2115 474 2155 eam
492 2099 599 2154 factam
616 2098 665 2154 vel
689 2098 911 2170 praedecessoris
928 2099 1023 2153 nostri
1040 2096 1268 2170 prohibitionem
1287 2097 1319 2151 in
1336 2113 1423 2168 opere

372 2188 389 2213 “
411 2184 529 2255 capellae
548 2188 644 2239 actum
671 2190 716 2238 est
739 2201 798 2239 nou
815 2182 932 2239 differas
950 2183 1095 2248 demoliri,
1114 2199 1254 2237 revocans
1279 2188 1309 2237 et
1334 2182 1423 2237 dedu-

372 2273 391 2300 ‘⁴
411 2285 479 2325 cens
503 2284 622 2339 prorsus
646 2267 678 2322 in
704 2267 820 2323 irritum
844 2266 985 2338 quicquid
1005 2266 1041 2322 de
1066 2266 1254 2322 instituendis
1278 2266 1424 2321 canonicis

372 2355 391 2380 “
410 2359 441 2409 et
458 2351 523 2409 aliis
541 2351 618 2407 circa
636 2351 779 2423 capellam
804 2352 914 2407 fastum
941 2357 986 2408 est
1012 2358 1043 2406 et
1068 2367 1222 2423 perperam
1242 2350 1422 2406 innovatum.

372 2439 391 2463 ‘⁸
411 2436 468 2492 lios
498 2435 585 2491 eham
615 2435 666 2505 qui
695 2440 763 2507 pest
792 2434 998 2490 inhibitionem
1023 2432 1174 2505 saepedicti
1204 2432 1425 2505 praedecessoris

373 2522 392 2547 “
411 2519 503 2577 nostri
521 2518 552 2572 in
571 2518 683 2590 capella
699 2518 765 2591 ipsa
781 2518 882 2574 divina
898 2517 993 2573 officia
1011 2517 1154 2573 celebrare
1165 2523 1423 2590 praesumpserunt,

372 2608 390 2634 “
412 2603 504 2659 donec
525 2603 701 2675 condignam
724 2603 808 2658 uobis
832 2603 1059 2659 satisfactionem
1083 2600 1249 2667 exhibeant,
1272 2602 1307 2657 ab
1332 2601 1426 2657 officio

373 2691 392 2716 '‘
412 2693 442 2742 et
464 2687 605 2744 beneficio
628 2687 735 2742 habeas
762 2686 944 2743 interdictos.
993 2686 1144 2741 Ministrcs
1167 2690 1328 2741 conventus
1353 2701 1425 2756 quos

374 2775 392 2803 ‘⁴
412 2776 479 2844 post
497 2771 722 2844 appellationem
741 2771 943 2843 interpositam
963 2771 1109 2835 amovisti,
1124 2787 1196 2842 quos
1213 2774 1244 2826 et
1257 2769 1334 2826 idem
1352 2786 1426 2842 prse-

374 2858 392 2883 “
412 2856 545 2915 decessor
562 2860 660 2914 noster
677 2855 817 2923 restituit,
835 2856 942 2913 habeas
960 2856 1121 2921 restitutos,
1141 2859 1172 2911 et
1189 2870 1239 2910 eos
1259 2870 1332 2925 quoa
1351 2853 1427 2927 pari·

376 2942 393 2966 “
412 2945 460 2999 ter
494 2946 561 3012 post
596 2939 822 3013 appellationem
858 2939 1061 3013 interpositam
1098 2936 1350 2995 excommunicare
1379 2939 1428 2994 vel

375 3023 591 3099 “suspendere
616 3023 746 3091 volanti,
765 3024 872 3080 habeas
899 3023 1108 3080 nichilominus
1134 3021 1290 3087 absolutos,
1309 3026 1340 3077 et
1363 3021 1428 3079 uni·

376 3111 500 3165 “versa
528 3124 593 3180 quaa
622 3112 690 3179 post
719 3106 943 3179 appellationem
967 3107 1061 3179 ipsam
1086 3107 1118 3161 iu
1141 3122 1243 3161 eorum
1268 3123 1428 3177 gravamen

374 3196 392 3221 “
411 3195 586 3264 attemptata
603 3197 681 3258 sunt,
700 3190 731 3246 in
750 3189 900 3247 invasione
917 3189 1055 3247 videlicet
1071 3190 1210 3246 villarum
1228 3193 1259 3245 et
1275 3189 1429 3262 possessio·

375 3280 394 3306 “
414 3293 486 3332 num
504 3292 632 3342 marum,
646 3274 816 3333 reddituum
834 3292 948 3348 quaque
967 3280 998 3332 et
1015 3274 1140 3331 aliorum
1160 3291 1225 3346 quas
1243 3277 1312 3330 ante
1330 3274 1428 3347 appel·

375 3362 394 3385 “
415 3358 554 3416 lationem
571 3358 743 3424 habuerant,
762 3363 793 3414 et
810 3358 957 3415 ablatione
975 3357 1110 3415 similiter
1128 3357 1251 3413 charum
1270 3374 1378 3423 rerum,
1398 3357 1429 3413 in

376 3445 395 3468 ‘⁴
415 3445 526 3497 statum
558 3439 717 3513 pristinum
752 3441 947 3514 appellatione
977 3446 1007 3496 et
1039 3440 1268 3497 contradictione
1299 3446 1429 3496 cessante

376 3527 395 3550 ‘⁶
415 3523 545 3579 reducas.
581 3522 629 3578 Ad
648 3523 721 3588 haec,
743 3526 812 3595 quia
829 3524 989 3580 secuudum
1007 3525 1131 3580 formam
1152 3523 1229 3596 juria
1246 3529 1314 3595 post
1331 3523 1429 3596 appel·

375 3610 394 3634 “
414 3605 552 3662 lationem
571 3605 664 3662 nichil
689 3612 735 3663 est
758 3606 967 3673 innovandum,
986 3607 1121 3663 volumus
1138 3617 1168 3663 et
1184 3606 1372 3679 precipimus
1394 3611 1428 3661 ut

375 3688 561 3762 “pendente
582 3689 695 3761 judicio
723 3690 754 3745 in
779 3689 938 3745 eorundem
965 3691 1089 3747 fratrum
1118 3689 1327 3746 detrimentum
1351 3689 1429 3745 circa

376 3777 395 3801 “
415 3780 525 3831 matum
542 3773 714 3829 monasterii
730 3773 823 3830 nichil
835 3774 953 3830 omnino
970 3779 1086 3844 satagas
1097 3773 1262 3829 immutare.
1299 3772 1429 3830 Nichile-

376 3861 395 3885 “
413 3860 512 3915 minas
530 3857 726 3931 precipiendo
745 3857 917 3914 mandantes
938 3864 972 3913 ut
989 3858 1089 3915 omnia
1104 3874 1170 3929 quse
1188 3857 1260 3931 ipsis
1278 3857 1428 3913 monacbis

375 3945 395 3969 ¹‘
415 3948 481 4014 post
499 3940 724 4015 appellationem
741 3941 788 3995 vel
814 3946 880 3997 ante
905 3941 1011 4014 absque
1032 3940 1109 4012 juris
1126 3940 1226 3996 ordine
1244 3940 1346 3996 illicite
1364 3940 1428 3997 abs·

376 4028 394 4051 “
414 4025 518 4091 tulisti,
537 4024 570 4079 in
595 4025 713 4090 exeniis,
734 4024 872 4091 ecelesiis,
891 4023 981 4091 villis,
1002 4023 1238 4096 posseasmnibus,
1257 4022 1428 4089 redditibus,

376 4109 467 4163 “scu
495 4109 584 4164 rebus
614 4108 690 4187 aliis,
721 4125 787 4164 cunr
818 4124 949 4179 congrua
978 4108 1246 4179 recompensatione
1281 4107 1431 4163 motuum

375 4193 394 4219 ¹⁴
413 4196 517 4263 postea
541 4190 644 4248 illicite
669 4196 883 4264 perceptorum,
902 4197 934 4248 et
960 4191 1155 4257 libertatibus,
1181 4195 1212 4247 et
1237 4189 1430 4247 amministra-

375 4275 395 4300 “
415 4275 494 4331 tione
512 4276 690 4347 competenti
708 4280 739 4331 et
756 4275 858 4340 libera,
878 4276 956 4332 infra
978 4276 1017 4331 xl.
1037 4275 1100 4331 dies
1123 4281 1189 4347 post
1208 4274 1314 4331 harum
1331 4292 1429 4347 recep·

376 4359 395 4384 “
415 4356 526 4415 tionem
542 4357 697 4414 restituere
716 4374 774 4414 non
792 4358 922 4414 moreris.
960 4358 1037 4429 Ipsis
1057 4375 1170 4431 qnoque
1188 4357 1339 4415 monachis
1356 4375 1431 4431 prae·

377 4444 396 4469 ‘¹
416 4441 549 4515 cipisndo
561 4441 742 4506 mandamus,
756 4448 790 4498 ut
802 4442 828 4498 si
839 4443 939 4515 aliqua
956 4448 1059 4499 contra
1072 4444 1123 4516 jus
1141 4448 1225 4499 tuum
1243 4446 1275 4498 et
1291 4443 1432 4499 honorem

378 4530 396 4554 ‘⁴
416 4532 671 4599 praesumpserunt,
690 4525 918 4581 satisfactionem
936 4526 992 4583 tibi
1011 4526 1205 4600 appellatione
1222 4532 1336 4582 rerncta
1353 4527 1432 4582 exhi·

378 4613 397 4639 “
416 4612 505 4666 beant
521 4614 744 4680 competentem.
783 4608 857 4678 Quia
873 4627 944 4665 vero
961 4609 1042 4682 prior
1059 4610 1230 4666 monasterii
1248 4610 1280 4665 in
1297 4627 1432 4684 prosecu-

378 4696 398 4724 “
417 4694 498 4748 tione
527 4690 641 4763 negotii
671 4691 815 4748 concessit
844 4691 876 4746 in
906 4693 975 4757 fata,
1005 4692 1142 4749 volumus
1173 4698 1203 4749 at
1237 4692 1434 4766 precipiendo

378 4779 399 4806 ⁴⁴
418 4776 590 4832 mandamus
616 4779 651 4831 ut
676 4775 707 4831 iu
727 4773 911 4832 institutione
929 4775 1035 4847 prioris
1054 4781 1156 4833 cenna
1173 4776 1333 4849 privilegia
1356 4777 1435 4834 sedis
