3662 5728
723 889 837 938 OPERA
859 887 1052 939 Hlsromca

749 1095 1020 1163 Meua-XVI.

399 1235 606 1303 Gwillelmus
629 1237 670 1303 de
692 1235 841 1323 Ypreet
872 1259 984 1304 omnes
1016 1235 1083 1301 fere
1117 1232 1334 1300 Flandrenses
1357 1231 1416 1319 qui
1445 1241 1570 1287 t21211155·

353 1335 408 1402 in²
421 1336 579 1426 Angliam
601 1338 838 1417 confluxerant,
854 1336 1116 1426 indignationem
1139 1340 1174 1402 et
1195 1334 1414 1424 magnanimi-
1426 1307 1558 1412 miii

353 1443 457 1505 tatem
480 1440 560 1506 novi
583 1440 670 1528 regis
693 1444 889 1518 metuentes,
912 1440 955 1505 ab
978 1438 1101 1526 Anglia
1132 1441 1336 1504 recesserunt
1348 1461 1356 1517 ;
1378 1410 1456 1504 etin
1479 1410 1542 1505 iii

353 1542 496 1621 castella
519 1542 643 1636 passim
674 1565 733 1631 per
763 1541 922 1630 Angliam
944 1542 987 1608 ad
1019 1541 1151 1629 rapinas
1172 1561 1356 1628 pauperum
1379 1511 1557 1615 elffii?

353 1643 497 1709 divitum
520 1665 677 1710 excursus
699 1643 871 1724 aedificata,
894 1666 937 1709 ex
959 1648 1124 1730 praecepto
1145 1642 1232 1729 regis
1255 1641 1413 1706 subversa

352 1750 439 1812 sunt
494 1746 568 1811 Rex
602 1746 706 1834 igitur
738 1745 923 1813 Eboracum
955 1752 989 1812 et
1021 1744 1240 1812 occidentales
1278 1742 1410 1835 Angliae
1423 1753 1507 1850 {gip
1515 1753 1582 1847 deit

352 1851 463 1934 partes
485 1848 647 1914 visitavit.
705 1847 802 1928 Quod
834 1847 973 1913 audiens
995 1846 1182 1912 Willelmus
1212 1844 1409 1923 Pcvcrellus,
1422 1880 1526 1926 mm

352 1971 428 2016 cum
443 1950 485 2015 de
507 1955 613 2016 morte
636 1949 767 2016 comitis
781 1949 939 2015 Rannuld
963 1948 1027 2016 sibi
1050 1953 1136 2015 esset
1150 1947 1236 2013 male
1252 1946 1410 2024 conscius,
1421 1931 1563 2027 {mm

353 2051 433 2116 novi
456 2051 542 2138 regis
572 2050 653 2119 illuc
682 2051 896 2117 adventantis
918 2051 1228 2139 magnanimitatem
1250 2053 1409 2127 metucns,
1422 2033 1556 2130 pippinus

353 2153 390 2218 in
405 2153 554 2221 coenobio
577 2153 720 2240 quodam
743 2153 881 2219 ditionis
903 2176 972 2219 suae
994 2153 1118 2220 relictis
1133 2151 1287 2218 omnibus
1301 2155 1411 2217 atton-

353 2277 409 2320 sus
432 2261 482 2322 est
504 2254 564 2322 et8
585 2255 776 2322 cucullatus.
822 2254 912 2344 Rege
927 2277 1015 2333 vero,
1038 2277 1150 2321 mense
1165 2253 1355 2332 Februario,
1369 2252 1412 2319 ab

354 2356 501 2424 Eboraco
523 2357 737 2445 digrediente,
761 2362 797 2423 et
818 2356 855 2422 in
885 2357 1090 2444 provinciam
1113 2357 1154 2422 de
1177 2355 1412 2443 Notingeham

353 2459 413 2524 ubi
457 2460 636 2546 praedictus
677 2459 804 2525 latebat
835 2457 1029 2536 cucullatus,
1063 2458 1287 2545 perveniente,
1324 2457 1412 2522 idem

354 2560 541 2626 Willelmus
562 2561 705 2626 latenter
727 2561 834 2626 evasit
860 2565 895 2626 et
917 2560 1058 2647 aufugit,
1081 2565 1281 2645 cunctasque
1302 2558 1412 2622 muni-

355 2663 462 2728 tiones
484 2684 560 2729 suas
592 2664 744 2728 ubertate
776 2662 913 2728 refertas
945 2663 1045 2749 regiae
1076 2661 1213 2748 reliquit
1234 2659 1410 2726 voluntati.

355 2763 469 2830 Mense
504 2763 626 2830 Martio
660 2764 790 2851 peperit
811 2764 925 2850 regina
947 2764 1086 2831 Alianor
1116 2763 1223 2827 filium
1255 2784 1352 2826 suum
1375 2761 1411 2825 in
1424 2769 1574 2833 macrus

354 2866 492 2931 acac
515 2866 696 2942 condona,
720 2888 818 2953 quem
839 2866 1026 2952 capsave
1041 2863 1272 2931 Theodosius
1287 2822 1550 2968 oncu-i†„}1igp⁸1l1n

355 2969 493 3034 ariensis
515 2967 787 3055 archiepiscopus,
814 2973 849 3034 et
871 2967 915 3033 ad
937 2990 1058 3034 nomen
1083 2967 1189 3055 patris
1211 2967 1264 3033 sui
1286 2966 1413 3033 scilicet

355 3072 442 3158 regis
464 3071 599 3138 vocavit
614 3070 806 3138 chricum.
852 3069 970 3137 Paucis
993 3069 1097 3137 vero³
1111 3069 1228 3136 diebus
1251 3068 1565 3157 posthae011011‘51mr

355 3172 507 3251 evolutis
540 3173 729 3239 convocatis
766 3171 930 3238 universis
967 3172 1034 3239 fere
1071 3173 1166 3260 regni
1203 3171 1411 3259 primoribus,
1424 3122 1583 3269 &333⁰

355 3275 457 3362 coepit
478 3297 539 3341 rex
553 3275 716 3341 rationem
738 3296 858 3362 ponere
874 3296 949 3341 eum
972 3274 1020 3340 eis
1042 3275 1101 3362 qui
1122 3274 1231 3341 adhuc
1253 3274 1413 3341 tenebant

354 3377 509 3464 praesidia
531 3377 614 3464 regii
641 3376 737 3463 juris.
782 3377 865 3442 Erat
887 3377 976 3443 enim
1007 3376 1077 3443 fixa
1098 3378 1135 3442 in
1165 3376 1276 3443 animo
1306 3376 1412 3463 ipsius

353 3480 519 3545 sententia
541 3501 672 3545 omnem
703 3478 921 3545 rebellionum
956 3479 1130 3545 materiam
1163 3478 1353 3564 exstirpare,
1377 3481 1412 3542 et

354 3581 578 3668 suspicionum
606 3601 719 3647 causas
750 3581 952 3647 submovere.
999 3579 1142 3667 Cognito
1173 3581 1288 3665 itaque
1310 3579 1410 3665 regiae
1424 3581 1571 3677 meliis

354 3683 550 3757 intentionis
572 3685 711 3761 decreto,
734 3695 841 3749 eomes
865 3683 1115 3749 Herefordensis
1136 3680 1520 3769 Rogerius,i]1ius¹0aifl0⁸

354 3787 467 3873 magni
488 3785 624 3852 Milonis
646 3784 742 3863 filius,
766 3785 920 3866 seductus
940 3785 1129 3872 iniquorum
1152 3782 1304 3861 consiliis,
1328 3733 1565 3887 clamffiii'ii

354 3909 376 3954 a
390 3889 481 3955 curia
496 3888 652 3966 discessit,
668 3893 792 3954 etcum
808 3909 938 3955 summa
951 3888 1163 3954 festinatione
1179 3883 1414 3952 Gloecestriam

354 3990 529 4078 pervenit3
556 3990 628 4076 jam
661 3989 750 4055 enim
785 3989 974 4055 decreverat
1005 3990 1096 4076 apud
1126 4012 1161 4056 se
1187 3988 1299 4054 omnia
1321 3987 1413 4074 prius

355 4091 543 4157 rebellionis
565 4090 713 4178 pericula
738 4094 773 4155 et
804 4090 1012 4157 incommoda
1045 4091 1164 4169 subire,
1188 4112 1288 4176 quam
1311 4088 1414 4153 turris

356 4192 566 4260 Gloecestriae
587 4198 622 4259 et
644 4191 771 4258 castelli
794 4192 835 4258 de
858 4193 1021 4260 Heresord
1044 4193 1303 4260 dominationem
1326 4191 1413 4277 regis

355 4294 494 4360 arbitrio
516 4294 715 4381 subjugaret
755 4292 905 4360 Munivit
926 4296 1039 4382 itaque
1054 4295 1193 4383 praefata
1208 4299 1243 4359 et
1257 4293 1323 4359 alia
1338 4313 1413 4378 quae

242 4383 266 4423 ‘¹
355 4395 501 4463 habebat
534 4396 690 4485 praesidia
727 4396 828 4461 armis
866 4402 901 4462 et
937 4397 1104 4464 alimentis
1142 4403 1177 4463 et
1206 4394 1412 4461 Walensium

356 4498 504 4586 copiis,a
525 4499 647 4586 quibus
669 4502 776 4565 mater
790 4518 851 4564 sua
872 4499 1032 4586 originem
1052 4498 1213 4566 trahebat
1254 4495 1412 4564 Stimula-

391 4736 399 4769 ¹
411 4737 450 4804 a]
465 4753 515 4789 om.
527 4738 559 4788 Β.
940 4740 951 4773 ³
965 4739 1035 4806 uero]
1049 4754 1100 4789 om.
1112 4739 1142 4790 C.

389 4815 450 4882 ¹22]
465 4831 515 4868 om.
528 4817 560 4870 C.

446 4906 515 4953 Ml.
