3572 5744
649 890 762 942 orsas
784 892 974 948 mammos
1283 888 1328 957 67

274 1079 294 1104 “
312 1078 403 1135 havit
424 1080 487 1153 juri
514 1084 610 1136 vestro
635 1085 687 1136 aut
714 1079 877 1152 privilegiis
902 1082 962 1136 ullo
987 1098 1115 1156 unquam
1140 1092 1270 1159 tempore
1295 1088 1327 1143 in
1359 1098 1482 1146 hunsl.

274 1167 293 1190 ‘⁸
313 1164 409 1236 aliquo
426 1164 629 1237 praejudicinm
647 1182 793 1236 generare.
831 1165 914 1221 Nulli
934 1184 1005 1239 ergo
1030 1170 1148 1231 omnino
1172 1172 1326 1228 homiuum
1374 1150 1427 1203 ΗΜ
1436 1156 1467 1196 ²⁸·

273 1251 293 1275 ‘⁶
312 1249 400 1306 liceat
415 1250 491 1305 hanc
509 1258 616 1306 nostroe
633 1249 850 1306 constitutionis
873 1251 1011 1322 paginam
1036 1253 1199 1326 infringere
1224 1257 1271 1311 ve]
1298 1259 1326 1313 ei

271 1336 293 1362 “
314 1351 386 1389 ausu
414 1334 590 1405 tempererio
620 1333 778 1399 contraire;
807 1334 832 1388 si
858 1334 922 1405 quis
947 1340 1047 1391 autem
1071 1337 1125 1392 hoe
1153 1343 1326 1411 attemptare

270 1420 292 1446 ‘⁶
312 1419 540 1491 praesumpserit,
559 1417 790 1490 indignationem
808 1417 1017 1491 omnipotentie
1034 1408 1089 1476 Dei
1118 1429 1149 1477 et
1174 1423 1325 1479 beatorum

270 1504 292 1527 ‘⁴
311 1500 391 1557 Petri
421 1508 451 1557 et
479 1501 564 1557 Pauli
593 1503 789 1573 apostolorum
818 1500 890 1573 Ejus
919 1520 950 1557 sa
986 1504 1101 1559 noverit
1131 1507 1323 1563 incursurum.

269 1588 289 1612 ‘⁶
312 1584 420 1639 Datum
433 1584 533 1639 Romae
550 1583 627 1656 apud
646 1583 787 1640 Sanctum
804 1583 926 1641 Petrum
937 1588 977 1640 v‘⁰
994 1586 1134 1643 kalendas
1152 1588 1173 1643 J
1173 1589 1235 1644 unii
1252 1608 1325 1662 pou·

269 1671 290 1698 ‘⁴
311 1668 436 1724 tifioatus
453 1667 545 1724 nostri
563 1685 638 1723 enno
656 1666 780 1740 primo.”

682 1926 769 1984 uem
785 1927 910 1983 emme.
989 1904 991 1910 ’

306 2054 325 2079 “
345 2051 508 2108 Oelestiuus
543 2051 702 2124 spiscopus,
740 2069 841 2108 servus
876 2069 1027 2108 servorum
1064 2053 1127 2118 Dei,
1158 2055 1319 2111 venerabili
1350 2077 1406 2121 Μ),
1415 2082 1473 2123 1191,

266 2138 286 2163 “
308 2136 393 2191 fratri
416 2135 606 2191 Bathouienei
629 2136 763 2208 episcopo
788 2142 819 2191 et
841 2135 956 2191 dilectis
973 2136 1042 2190 filiis
1065 2135 1101 2191 de
1123 2137 1272 2210 Radiuges
1290 2146 1320 2196 et
1333 2176 1351 2221 ς
1366 2128 1458 2181 ΠΜ

1351 2179 1449 2223 eleatine

265 2222 285 2246 ‘¹
308 2220 344 2274 de
358 2219 505 2275 Waltham
519 2219 680 2284 abbatibus,
693 2220 817 2275 salutem
836 2226 866 2275 et
881 2219 1069 2291 apostolicam
1079 2219 1319 2278 benedictionem.
1333 2227 1380 2272 HL
1389 2231 1468 2274 writes
1552 2249 1555 2256 ·

264 2306 285 2329 “
308 2301 456 2358 Molestius
473 2308 504 2357 et
524 2303 646 2375 injurias
664 2320 736 2375 quas
760 2303 921 2374 perbonas
945 2303 1094 2358 memorius
1118 2304 1319 2361 Baidewinnm
1331 2280 1448 2383 impos

265 2388 285 2412 “
309 2385 551 2459 ominationem·
564 2385 800 2458 archiepscopum
818 2391 976 2441 conventus
996 2385 1126 2456 ejusdem
1144 2388 1200 2442 ioci
1218 2406 1320 2461 passus
1331 2379 1465 2476 fflffi

265 2471 285 2495 “
308 2474 361 2535 cst,
382 2469 585 2525 discretionem
602 2476 730 2525 nestram
747 2484 806 2524 non
826 2469 971 2525 credimus
995 2470 1140 2539 ignorare.
1177 2469 1319 2540 Quoniam
1330 2480 1468 2532 nimediae

264 2554 284 2580 ‘⁸
308 2552 400 2623 igitur
429 2554 492 2624 jam
522 2552 617 2608 dictus
635 2552 876 2624 archiepiscopus,
908 2552 1040 2624 quamvis
1069 2552 1105 2607 de
1134 2554 1318 2611 reformando
1329 2532 1457 2626 ffim

264 2637 284 2662 “
307 2640 385 2691 etatn
402 2636 526 2691 fratrum
549 2637 681 2708 ipsorum
699 2635 730 2690 in
748 2637 896 2707 integrum
914 2635 1084 2690 mandatum
1108 2636 1202 2691 felicis
1224 2655 1318 2692 recor·

264 2721 284 2745 ⁴‘
307 2717 432 2774 datioms
449 2719 562 2775 Urbani
579 2724 610 2774 et
628 2718 786 2774 Clementis
810 2718 1051 2790 predecessorum
1075 2725 1240 2775 nostrorum
1259 2739 1319 2777 sns-

264 2804 284 2828 “
307 2802 438 2875 cepisset,
470 2802 608 2868 nondum,
628 2819 694 2858 cum
713 2803 770 2857 iter
788 2802 1034 2874 peregrinationis
1052 2803 1184 2874 arripuit,
1205 2802 1242 2858 ad
1260 2804 1320 2877 ple·

263 2888 285 2912 “
305 2904 378 2941 num
396 2872 613 2952 redimerem,
633 2886 798 2942 discretiom
824 2890 928 2942 vestrae
953 2903 1005 2957 per
1031 2886 1188 2958 apostolica
1213 2888 1320 2959 scripta
1332 2905 1370 2952 110
1378 2908 1457 2952 orders

263 2972 282 2996 ‘⁴
305 2968 484 3035 mundamus,
500 2968 647 3039 quatinus,
662 2969 742 3024 omni
760 2968 908 3034 dilatione,
928 2970 1156 3025 contradictione
1174 2975 1205 3025 et
1221 2971 1318 3043 appel·
1331 2957 1430 3002 tuente

262 3056 283 3079 “
306 3053 413 3109 latione
442 3058 581 3118 cessante,
610 3054 745 3108 eeclesias
774 3070 841 3109 oum
865 3052 1006 3109 imotibus
1037 3053 1104 3108 inde
1128 3055 1271 3126 perceptis
1288 3009 1470 3110 etffldiidihh

262 3139 284 3163 ‘'
305 3136 363 3191 alia
386 3154 452 3210 quae
485 3136 660 3209 sepedictus
684 3136 917 3209 archiepiscopus
944 3136 1015 3208 ipsis
1042 3136 1149 3207 absque
1170 3136 1246 3208 juris
1272 3154 1317 3192 or·
1330 3110 1457 3203 issssiffln

262 3222 283 3246 “
305 3218 374 3275 dine
392 3219 522 3285 abstulit,
536 3224 635 3275 nostm
653 3219 722 3274 freti
740 3220 914 3275 auctoritate
929 3235 996 3274 oum
1013 3218 1185 3291 integritate
1202 3220 1318 3275 restitui
1329 3215 1446 3263 Writ-

262 3306 282 3329 “
305 3303 427 3368 faciatis,
448 3294 600 3359 eteorum
618 3303 782 3358 detentores
800 3302 825 3357 si
843 3319 915 3374 opus
932 3302 1022 3357 fuerit
1048 3319 1168 3357 censura
1184 3320 1243 3357 uon
1261 3304 1317 3359 dii·

261 3389 282 3414 “
304 3388 404 3442 ieratis
427 3386 622 3442 ecclesiastica
639 3402 789 3452 coercere,
808 3385 903 3441 modis
926 3385 1061 3440 omnibus
1080 3386 1262 3442 observantes
1280 3405 1318 3442 ne

261 3470 335 3524 “in
361 3470 425 3525 loco
451 3488 537 3542 quem
561 3469 720 3542 apostolica
746 3469 953 3525 condemnavit
978 3469 1136 3524 auotoritas
1158 3469 1259 3524 divina
1282 3471 1318 3525 ds

261 3557 282 3581 ‘⁸
303 3559 408 3610 catere
437 3553 629 3618 celebrentur,
663 3551 714 3607 sed
745 3552 841 3624 potius
870 3553 982 3624 capella
1011 3551 1118 3606 ibidem
1146 3559 1181 3607 nt
1211 3552 1319 3608 dieitur
1329 3565 1468 3627 mernere!

261 3640 282 3664 “
304 3646 400 3709 crecta
418 3637 548 3692 funditus
567 3636 742 3703 destruatur,
763 3641 793 3692 et
817 3635 893 3692 sicut
911 3653 929 3690 a
945 3634 1076 3708 patribus
1093 3635 1201 3690 nostris
1219 3634 1316 3691 decre·
1329 3619 1459 3720 ῗθξῗῃῗζω,

261 3724 366 3790 “tum
398 3738 461 3777 esse
486 3719 655 3787 dinoscitur,
683 3718 888 3775 canonicorum
913 3717 1126 3774 institutionem
1150 3725 1317 3774 revocantes
1329 3717 1370 3761 ²¹¹⁰
1379 3719 1474 3762 rome·-

262 3807 281 3830 “
302 3805 333 3858 in
357 3805 482 3869 irritum,
503 3820 552 3858 eos
575 3803 752 3859 denuntietis
773 3808 804 3858 et
820 3802 945 3859 mesatis
963 3817 1116 3873 suspensos
1136 3801 1186 3873 qui
1204 3802 1235 3856 in
1252 3768 1469 3881 locoffiio‘ii'ssne

261 3890 282 3915 ‘⁴
301 3888 365 3960 ipso
394 3894 460 3960 poet
489 3886 716 3961 prohibitionem
746 3886 934 3959 apostolicam
961 3885 1062 3942 divina
1091 3885 1214 3941 scienter
1243 3903 1315 3957 prie-
1328 3868 1465 3964 ξῗξηᾞζξῗθ·

261 3972 477 4043 “sumpserint
507 3970 601 4026 officia
629 3971 784 4036 celebrare,
813 3969 903 4025 donec
932 3969 970 4022 ad
999 3968 1099 4024 sedem
1129 3968 1315 4040 apostolicam
1327 3970 1453 4013 eommuni-

234 4103 237 4109 ,
262 4058 281 4082 “
301 4056 419 4112 veniant
449 4055 626 4111 absolvendi.
669 4055 741 4110 Illos
766 4070 880 4126 quoque
905 4053 957 4124 qui
986 4051 1159 4108 seutentiam
1189 4052 1246 4123 pise
1270 4069 1314 4106 re·
1327 4020 1401 4064 “m

263 4137 480 4193 “cordationis
517 4156 600 4210 papas
630 4136 788 4193 Clementis
818 4135 972 4191 mouerisse
1001 4140 1171 4200 noscuntur,
1201 4134 1315 4189 cautius

263 4224 282 4247 “
302 4222 415 4277 iacietis
432 4222 469 4277 ab
487 4222 621 4277 omnibus
640 4220 753 4285 evitari,
773 4218 874 4282 donec,
888 4218 1017 4274 exhibita
1028 4217 1223 4273 arefectione
1238 4234 1314 4272 oom-

262 4308 282 4330 “
301 4306 412 4377 petenti
429 4306 567 4370 ecclesias,
587 4323 639 4376 per
654 4322 707 4360 vos
724 4308 891 4358 mereantur
908 4301 1028 4357 absolvi.
1056 4300 1112 4371 Qui
1128 4318 1199 4377 vero
1216 4300 1314 4372 hujus-

263 4391 282 4414 “
301 4388 382 4444 modi
401 4390 686 4451 communicaverunt
709 4387 843 4452 scienter,
865 4401 992 4456 congrue
1016 4383 1054 4440 ad
1075 4384 1230 4440 arbitrium
1250 4401 1313 4439 ves·

796 4520 871 4527 m...-

298 4607 382 4656 ¹Iten
410 4607 545 4673 coemtio]
604 4605 664 4656 This
691 4605 765 4657 letter
784 4610 787 4661 i
807 4607 887 4666 under
897 4605 941 4655 the
952 4608 1107 4670 yser11915
1126 4605 1175 4653 end
1187 4602 1209 4652 is
1229 4601 1313 4666 partly

264 4702 354 4736 occurs
365 4702 457 4753 among
468 4687 511 4737 the
522 4686 643 4750 Epistola
654 4686 765 4737 Cautus-
808 4684 836 4733 iu
847 4685 933 4749 Raiph
952 4685 985 4735 de
995 4684 1095 4742 Diceto,
1108 4684 1156 4732 vol.
1168 4681 1204 4742 ii,
1215 4697 1257 4745 pp.
1271 4685 1314 4739 89,

264 4765 367 4823 menses,
386 4764 435 4815 No.
447 4764 556 4821 ccclvii..
570 4770 595 4829 p}
615 4768 683 4825 3373
706 4764 765 4814 itis
813 4768 854 4814 90.

263 4843 375 4894 liherise
393 4843 470 4913 giren
488 4845 570 4895 belew
589 4844 616 4894 iu
634 4844 668 4894 its
686 4844 765 4909 piace,
785 4822 789 4905 Ι
856 4844 857 4847 ’

1116 4925 1182 4985 nt
