3572 5744
673 962 784 1013 osam
806 958 997 1013 amromoa
1304 948 1348 1020 37

290 1148 309 1174 “
335 1139 609 1209 Oantnariensem
631 1144 801 1212 ecclesiam
831 1169 891 1233 per
915 1152 968 1213 tot
989 1167 1093 1213 annos
1125 1093 1271 1225 liberam,
1294 1149 1347 1211 tot
1374 1166 1503 1219 namen

288 1250 308 1275 “
334 1250 524 1310 sanctorum
560 1245 879 1336 archiepiscoporum
916 1248 1083 1317 miraculis
1119 1248 1345 1337 glorificatam,
1397 1218 1481 1312 iiiiii

287 1354 308 1378 “
333 1367 402 1411 non
423 1347 530 1414 solum
561 1349 718 1416 servituti
748 1352 904 1431 subicere,
927 1353 985 1419 sed
1019 1358 1054 1418 et
1085 1359 1277 1439 perpetuam
1311 1357 1346 1416 et
1369 1320 1507 1463 affligis

286 1449 523 1534 “probrosam
567 1453 850 1538 perturbationem
896 1456 927 1522 ei
971 1461 1110 1522 conatur
1162 1474 1344 1541 procurare.
1413 1490 1464 1500 —

1359 1520 1383 1565 11
1405 1521 1498 1565 intends
1573 1556 1582 1573 .

285 1559 306 1584 “
333 1550 421 1618 Nam
459 1553 522 1620 bac
557 1554 743 1622 intentione
779 1557 948 1624 basilicam
986 1557 1078 1623 illam
1110 1579 1152 1621 ex
1185 1576 1345 1622 consensu
1360 1533 1484 1632 aionon

286 1662 304 1686 “
331 1655 538 1739 quorundam
553 1657 779 1745 episcoporum
794 1660 934 1727 fundare
955 1660 1085 1737 nititur,
1101 1664 1141 1725 ut
1164 1659 1212 1723 ibi
1227 1658 1346 1726 crisma
1358 1623 1471 1724 mogo

286 1764 304 1788 ‘¹
332 1750 506 1836 consecret,
543 1760 710 1848 episcopos
749 1762 929 1839 benedicat,
969 1760 1119 1828 ecclesias
1157 1760 1274 1825 nobis1
1312 1722 1494 1825 etiiiiiaiffi'

286 1867 304 1892 “
331 1858 481 1926 redditus
502 1862 686 1943 subtrahat,
708 1864 925 1957 episcopalem
959 1864 1100 1950 denique
1123 1864 1232 1929 sedem
1267 1861 1347 1928 illuc

250 2017 256 2026 .
285 1969 304 1995 “
332 1962 517 2041 transferat,
551 1970 595 2043 et,
621 1971 661 2031 ut
693 1965 838 2033 breviter
867 1967 1006 2045 dicatur,
1041 1988 1170 2033 omnem
1202 1964 1345 2032 eccledoe

285 2071 304 2097 ‘⁶
333 2062 581 2132 Cantuariensis
595 2068 812 2156 episcopalem
827 2076 1020 2138 veteranam
1042 2076 1077 2136 et
1098 2068 1343 2157 privilegiatam

286 2176 305 2202 “
332 2168 507 2235 subtrahat
529 2170 737 2257 dignitatem
1078 2250 1082 2255 ,
1141 2172 1144 2175 ’

337 2278 354 2307 “
378 2270 444 2336 Sed
473 2273 558 2339 forte
589 2273 678 2340 dicet
698 2274 838 2361 aliquis:
863 2276 961 2343 ‘Sola
990 2275 1132 2364 smpicio
1166 2273 1236 2341 haec
1270 2295 1346 2361 sug-

285 2381 304 2406 “
333 2374 451 2459 ‘gerit
485 2396 560 2460 quae
590 2370 710 2443 falsum
740 2378 777 2442 in
813 2378 976 2445 credendo
1005 2400 1099 2466 aeque
1137 2378 1276 2464 smcipit
1307 2381 1347 2440 ut

286 2484 305 2510 “
332 2484 480 2542 ‘verum
527 2477 601 2560 Qua
637 2480 766 2547 ratione
804 2494 911 2567 quove
950 2481 1101 2569 prodigio
1141 2482 1221 2567 jura
1258 2478 1346 2545 Gan·
1360 2499 1484 2593 “ww

287 2587 304 2612 “
333 2579 533 2645 ‘tuariensis
573 2581 716 2649 ecclesiae
754 2583 912 2651 Romanae
955 2591 991 2651 et
1033 2582 1220 2671 apostolicae
1258 2550 1431 2647 sedisiiiniiet
1461 2553 1472 2592 i

287 2693 305 2717 ‘⁴
332 2683 597 2769 ‘spanum
628 2685 706 2753 fine
727 2693 763 2752 a
780 2687 852 2773 jam
875 2687 999 2768 vetus
1022 2687 1058 2752 a
1080 2688 1144 2752 hoc
1165 2687 1231 2750 ane
1262 2651 1477 2804 baffi
1572 2690 1575 2695 ·

286 2794 307 2822 ‘⁴
333 2794 474 2872 ‘porum
511 2792 670 2875 potenmt
699 2788 799 2855 avelli
813 2789 852 2856 2'’
888 2789 952 2856 Oui
986 2812 1067 2878 ego:
1103 2788 1222 2856 Orassa
1251 2787 1348 2874 plane
1360 2763 1444 2858 ludite·

287 2893 368 2954 “et
400 2890 520 2976 supina
555 2891 684 2959 laborat
720 2892 916 2980 ignorantia,
955 2894 1014 2979 qui
1051 2893 1123 2959 haec
1155 2890 1349 2978 gravamina
1392 2934 1396 2941 -

287 2998 306 3024 “
332 2989 582 3059 Cantuariensis
615 2994 759 3062 ecclesiae
793 2995 880 3062 claro
913 3017 982 3061 non
1019 2996 1172 3061 intuetur
1204 2998 1346 3080 aspectu.

287 3102 307 3127 ‘⁴
333 3093 417 3174 Quis
450 3096 539 3161 enim
573 3097 633 3163 tali
667 3103 702 3164 et
735 3103 840 3164 tantae
874 3099 1025 3164 resistere
1060 3098 1183 3185 poterit
1216 3117 1350 3184 congre·

289 3203 308 3230 “
332 3197 460 3282 gationi
474 3203 501 3263 3.
533 3198 573 3263 In
597 3199 851 3267 diminutionem
874 3206 1022 3268 nostram
1045 3207 1081 3266 et
1102 3200 1250 3266 omniurn
1273 3220 1349 3264 suo·
1362 3207 1502 3269 aeacum·

287 3308 308 3333 “
331 3320 407 3365 rum
429 3300 659 3387 praejndicinm
682 3288 905 3370 successorum
928 3304 970 3369 de
992 3302 1136 3370 ecclesiis
1158 3303 1227 3368 suis
1249 3299 1348 3365 simul
1361 3272 1475 3412 iffi&

288 3410 308 3434 “
331 3407 368 3465 et
400 3402 522 3468 nostris
559 3405 754 3490 praebendas
792 3407 870 3473 fecit
904 3406 958 3471 vel
996 3406 1177 3473 canonicos.
1225 3404 1348 3470 Omnes
1361 3411 1513 3506 beplaffi

288 3512 308 3539 “
331 3504 500 3591 episcopos
523 3504 655 3593 Angliae
678 3514 714 3573 et
736 3508 873 3574 comites
895 3508 1033 3575 ditiores
1055 3507 1247 3574 canonicare
1273 3526 1347 3591 pro·
1361 3474 1496 3564 {bidom

289 3615 308 3640 “
332 3606 468 3692 P⁰⁸¹¹il³
505 3607 615 3694 icum
652 3630 783 3695 sumne
821 3631 931 3698 regem
969 3610 1102 3697 anglia
1140 3615 1175 3674 ea
1223 3562 1480 3674 maniat

289 3718 308 3743 “
331 3708 450 3774 larium
472 3708 572 3796 hujus
595 3716 717 3778 amota
740 3713 900 3778 Romanae
924 3710 1107 3779 eeclesiasll
1153 3710 1242 3790 Quid
1273 3730 1349 3796 ergo
1362 3663 1471 3810 {iffi
1462 3685 1513 3809 ἐξ

290 3821 308 3845 “
331 3811 477 3877 dicemus
499 3811 543 3878 ad
577 3812 674 3881 heca
720 3815 791 3881 Nos
824 3815 930 3903 igitur
962 3821 1016 3880 tot
1046 3820 1081 3881 et
1115 3814 1219 3879 tantis
1254 3811 1350 3877 malis

291 3924 308 3947 “
330 3913 455 3991 afflicti,
479 3920 531 3980 tot
562 3914 662 3980 minis
696 3917 842 3993 mciati,
865 3922 918 3983 tot
949 3916 1102 4003 periculis
1133 3915 1286 4002 expositi,
1308 3935 1351 3979 ex

290 4026 307 4049 ‘⁴
330 4015 556 4083 admonitione
578 4017 669 4085 beati
691 4019 828 4086 Thomae
855 4021 1013 4105 martyria
1039 4017 1183 4106 gloriosi,
1216 4018 1351 4082 unicum

292 4126 308 4153 ¹⁴
333 4125 369 4184 et
405 4119 605 4207 singularem
643 4127 748 4188 tantae
786 4123 926 4189 maliciae
956 4115 1170 4209 opposuimus
1203 4119 1351 4207 gladium
1395 4150 1398 4161 ·

292 4228 308 4255 “
332 4220 432 4298 Petri,
455 4226 490 4287 et
511 4222 555 4288 ad
577 4228 723 4290 vestram
758 4230 907 4290 sanctam
928 4216 1217 4308 venerandamque
1239 4221 1351 4309 appel·
1365 4228 1462 4294 secono¹

292 4323 475 4389 “namus
512 4327 732 4412 presenciam,
770 4328 806 4391 a
851 4327 949 4392 mero
987 4326 1108 4391 mensa
1153 4323 1350 4389 naamam.
1364 4284 1491 4430 ζιῇξιιῗῗέἓι

293 4435 309 4459 “
333 4425 412 4491 Non
433 4427 521 4491 enim
544 4427 637 4493 aliud
659 4429 696 4493 in
722 4434 829 4494 tantm
850 4428 1057 4494 necessitatis
1079 4425 1220 4492 articulo
1242 4418 1351 4512 potui·
1417 4414 1423 4427 ’

293 4537 310 4561 “
333 4550 407 4592 mus
429 4528 579 4595 invenire
610 4530 782 4618 refugium.
829 4531 993 4596 Dominus
1017 4516 1116 4595 ¹enim
1140 4527 1352 4595 Baldewinus

293 4639 309 4663 ¹‘
331 4630 595 4717 archiepiscopus
616 4638 668 4698 est
689 4639 725 4698 et
754 4633 943 4720 apostolicae
966 4631 1053 4698 sedis
1086 4631 1224 4718 legatus,
1247 4631 1351 4697 totius

295 4734 312 4766 “
333 4733 464 4821 Angliae
487 4735 610 4823 primas
634 4741 669 4801 et
702 4736 864 4802 dominus.
913 4737 958 4801 Et
990 4756 1064 4802 cum
1100 4735 1208 4821 ipsum
1241 4756 1351 4822 regem

476 4947 579 5016 ¹aola'c]
593 4957 700 5011 amas,
711 4950 741 5003 0.
813 4942 817 4951 ’

476 5026 487 5059 ²
498 5026 619 5080 Cardine]
630 5029 731 5092 albert,
740 5029 887 5083 damma
897 5044 963 5095 pope
974 5029 1089 5095 Gregory
1100 5027 1180 5081 vm.
