3646 5720
697 895 809 945 orans
832 893 1021 944 meremor
1230 954 1238 966 ‚
1323 885 1388 950 239

368 1077 452 1136 “lv.
471 1079 589 1136 Juravit
606 1079 697 1135 etiam
715 1079 793 1151 qnod
811 1079 847 1136 ab
865 1076 993 1135 instante
1010 1078 1173 1137 Nativitate
1197 1080 1316 1137 Domini
1340 1099 1387 1138 us·
1420 1097 1477 1142 sl).
1485 1102 1543 1147 1172

334 1162 353 1189 ‘⁸
372 1179 430 1233 que
458 1162 490 1217 in
520 1161 683 1217 triennium
712 1179 829 1218 crucem
860 1161 1015 1233 acciperet,
1035 1163 1065 1218 in
1095 1165 1227 1235 proxima
1253 1166 1388 1237 sequenti
1400 1149 1556 1260 0⁸⁸&ss

335 1244 355 1271 “
374 1250 474 1300 aestate
492 1244 661 1316 inproprie
688 1262 811 1317 persona
836 1244 1041 1300 Jerosoliman
1068 1244 1171 1311 iturus,
1190 1247 1249 1302 nisi
1273 1266 1387 1303 reman·
1399 1265 1431 1317 oy
1440 1265 1522 1319 11an
1530 1269 1556 1310 aa

334 1326 354 1355 “
374 1327 446 1382 serit
462 1344 516 1399 per
532 1327 734 1383 Alexandrum
746 1345 895 1383 summum
913 1329 1080 1400 pontificem
1098 1330 1145 1385 vel
1162 1347 1216 1402 per
1232 1331 1389 1388 catholicos
1400 1315 1540 1361 *mm

334 1412 353 1439 ‘⁸
373 1427 552 1467 successores
570 1411 643 1483 ejus.
682 1410 740 1467 Sed
757 1411 783 1467 si
808 1410 928 1467 interim
953 1418 1131 1483 perurgente
1158 1413 1330 1469 necessitate
1356 1415 1388 1470 in

333 1492 547 1565 “Hispaniam
574 1509 660 1564 super
688 1492 846 1549 Saracenos
871 1493 1020 1564 proiectas
1047 1493 1162 1561 fnisset,
1188 1501 1331 1565 quantum
1356 1496 1388 1551 in

333 1576 353 1603 “
373 1575 424 1631 illo
442 1576 547 1632 itinere
564 1581 782 1632 consummaret
799 1575 981 1632 tantumdem
1005 1576 1251 1634 Jerosolimitanae
1276 1579 1388 1648 prosec-

333 1659 354 1687 “
373 1658 463 1713 tionis
480 1658 608 1729 spatium
626 1663 725 1729 posset
741 1657 925 1729 prolongare.

369 1744 389 1771 ‘⁶
408 1741 446 1799 V.
465 1741 583 1798 Juravit
613 1742 702 1798 etiam
734 1741 812 1814 quod
842 1741 960 1797 interim
990 1747 1107 1799 tantum
1142 1744 1274 1815 pecunia
1303 1745 1387 1802 duret

334 1825 352 1854 ‘⁴
371 1823 545 1896 Templariie
566 1829 707 1896 quantum
734 1824 771 1879 ad
798 1823 953 1880 arbitrium
971 1825 1097 1881 fratr-mn
1116 1826 1230 1899 Templi
1257 1826 1387 1882 sufficere

334 1908 471 1980 “posset
495 1905 533 1961 ad
559 1905 747 1962 retinendum
766 1908 829 1961 00⁸⁰·
853 1906 963 1962 milites
989 1907 1026 1962 ad
1051 1907 1247 1965 defensionem
1274 1909 1387 1965 Jeroso·

335 1992 354 2020 “
372 1990 517 2046 limitanae
534 1995 621 2046 terra
639 2006 692 2061 per
709 1988 838 2062 spatium
855 1989 943 2046 unius
962 1990 1041 2046 anni.
1078 1991 1223 2048 Praeterea
1249 1993 1387 2065 perdona-

335 2075 354 2101 “
374 2074 419 2129 vit
435 2073 509 2129 iram
527 2078 557 2129 et
575 2074 808 2129 malivolentiam
825 2074 924 2129 suam¹
944 2074 1080 2129 omnibus
1092 2081 1154 2130 tam
1172 2076 1286 2132 clericis
1301 2094 1387 2148 quam

335 2159 356 2187 “
374 2157 458 2213 laicis
477 2156 528 2229 qui
546 2174 599 2228 pro
616 2157 703 2214 beato
721 2156 833 2213 Thomu
850 2157 1068 2230 archiepiscopo
1081 2158 1286 2216 cantuariensi
1305 2166 1389 2216 erant

334 2242 355 2269 ‘⁴
373 2240 406 2295 in
424 2240 520 2306 exilio,
540 2245 571 2296 et
588 2240 732 2297 concessit
756 2241 798 2297 eis
825 2240 917 2297 libere
942 2240 1024 2297 etin
1049 2259 1120 2313 pauo
1145 2243 1183 2298 ud
1206 2243 1325 2317 propria
1343 2261 1387 2300 re·

335 2325 354 2351 “
373 2341 479 2381 meare.

370 2408 390 2434 “
399 2407 453 2464 VI.
472 2406 493 2463 J
493 2407 590 2464 uravit
607 2406 696 2463 etiam
708 2407 786 2479 qnod
803 2406 999 2480 possessiones
1012 2408 1231 2466 (lantuariensis
1245 2411 1388 2478 ecclesiae,

336 2491 355 2517 ‘⁴
374 2490 482 2562 siquae
507 2491 613 2547 ablatas
638 2496 730 2554 eraut,
757 2491 790 2545 in
808 2491 960 2562 integrum
984 2491 1164 2558 restitueret,
1184 2494 1261 2550 sicut
1285 2495 1390 2551 habuit

334 2576 354 2603 ‘⁴
371 2590 431 2629 uno
449 2591 526 2629 anno
543 2578 700 2646 antequam
718 2574 820 2630 beatus
838 2573 965 2630 Thomas
982 2574 1019 2630 ab
1037 2574 1147 2647 Anglia
1165 2576 1360 2647 egrederetur.

371 2656 471 2714 “VII.
490 2657 608 2714 Juravit
626 2655 737 2712 etiam²
753 2655 831 2729 quod
848 2656 1072 2714 consuetudines
1090 2674 1155 2729 qua
1173 2658 1301 2715 inductae
1319 2666 1389 2716 sunt

335 2739 355 2766 “
374 2744 475 2795 eontra
499 2739 634 2796 ecelesias
651 2744 737 2795 terra
764 2755 825 2794 aua
850 2738 882 2794 in
909 2744 1040 2810 tempore
1067 2757 1121 2795 suo
1146 2742 1264 2812 penitus
1289 2742 1388 2798 dimit·

335 2823 459 2879 “teret

373 2907 391 2933 “
401 2906 475 2963 Hac
493 2904 591 2961 omnia
605 2904 719 2976 juravit
736 2922 766 2961 se
784 2906 847 2962 sore
865 2905 1085 2963 observaturum
1102 2908 1179 2963 bona
1196 2908 1252 2964 ilde
1270 2914 1300 2965 et
1324 2909 1387 2965 aba·

335 2990 356 3017 “
376 3007 432 3061 que
449 2989 528 3045 malo
551 2988 680 3059 ingenio.
716 2988 756 3044 Et
773 2993 808 3044 ut
831 2989 895 3044 hoeo
916 2989 948 3044 in
973 2991 1115 3046 memoria
1140 2991 1280 3047 Romanae
1297 2993 1387 3048 ecole-

336 3073 356 3100 “
375 3072 427 3128 siae
451 3072 636 3137 haberentur,
663 3071 804 3144 praecepit
828 3088 880 3127 rex
909 3072 1043 3145 sigillum
1072 3092 1157 3130 snum
1183 3091 1251 3130 oum
1280 3076 1388 3147 sigillis

337 3156 356 3183 “
375 3155 569 3211 cardinalium
588 3153 697 3226 scripto
709 3154 756 3209 illi
768 3154 874 3226 apponi
891 3155 923 3210 in
940 3172 999 3226 quo
1016 3157 1158 3229 praedicta
1175 3158 1304 3231 capitula
1321 3176 1388 3214 con·

336 3239 356 3268 ‘⁴
373 3236 591 3294 tinebantur.’'⁸

379 3372 470 3438 Dum
493 3371 564 3437 haee
598 3372 711 3458 itaque
742 3376 919 3458 agerentur
950 3373 986 3438 in
1020 3374 1541 3484 Normannia,juvenisffl1go¹2

335 3495 396 3539 rex
417 3496 461 3540 ex
482 3473 618 3540 consilio
640 3478 790 3539 tutorum
812 3495 946 3540 suorum
961 3476 1135 3541 mandavit
1150 3477 1299 3545 Odonem
1322 3502 1388 3566 pn·
1400 3490 1533 3591 {224⁰ssss

336 3597 426 3642 orem
449 3580 484 3642 et
512 3574 689 3641 monachos
721 3575 865 3642 ecelesiae
889 3575 1145 3656 Cantuariensis,
1177 3585 1216 3644 ut
1237 3580 1282 3645 ad
1312 3603 1388 3646 eum
1401 3589 1519 3685 'iffi'

336 3678 532 3765 quantocius
565 3677 727 3756 venirent,
766 3682 801 3743 et
831 3677 1109 3767 arehiepiscopum
1147 3682 1211 3746 sibi
1248 3689 1284 3748 et
1319 3706 1388 3750 suae
1400 3690 1547 3785 ffiffigv·

335 3779 478 3846 eeclesiae
500 3778 666 3865 eligerent.
711 3778 860 3846 Accessit
881 3781 994 3866 itaque
1016 3782 1106 3867 prior
1128 3781 1201 3848 Odo
1224 3803 1299 3849 oum
1320 3791 1550 3850 mo-rouncklns.

335 3881 450 3947 naohis
472 3881 541 3945 suis
562 3880 606 3945 ad
628 3879 763 3957 curium,
786 3886 828 3959 et,
853 3887 1002 3947 conserto
1033 3904 1182 3949 sermone
1205 3884 1246 3950 de
1278 3886 1390 3971 ponti-

335 3983 395 4050 fice
419 3982 578 4070 eligendo,
606 3981 697 4068 prior
730 3980 867 4047 liberam
901 3982 942 4048 de
972 4005 1060 4050 more
1092 3985 1235 4051 eeclesiae
1269 3987 1392 4073 petivit

336 4085 537 4151 electionem.
583 4082 667 4164 Quae
689 4104 765 4149 cum
787 4083 831 4148 ab
852 4083 969 4150 aulicis
990 4085 1093 4172 priori
1125 4087 1259 4173 penitus
1292 4087 1391 4153 dene·

334 4191 422 4275 gata,
454 4186 517 4264 vel,
548 4188 589 4250 ut
621 4185 736 4250 mitius
768 4184 884 4263 diuam,
907 4186 1013 4253 dilata
1042 4187 1169 4266 fuisset,
1203 4189 1298 4275 quasi
1328 4189 1390 4255 sub

335 4289 442 4375 specie
473 4286 608 4374 pietatis
639 4290 849 4364 monuerunt,
881 4291 922 4352 ut
953 4287 1167 4355 Oantuariam
1199 4290 1329 4370 rediret,
1356 4295 1391 4357 et
1467 4364 1470 4369 ¹
1535 4266 1540 4275 ¹

370 4584 379 4619 ι
391 4585 477 4653 m]
492 4584 588 4637 mc,
887 4583 1021 4650 purgatior
1049 4600 1077 4637 aa
1107 4586 1183 4655 given
1209 4589 1271 4642 here
1297 4590 1391 4658 olosdy

369 4663 478 4730 aem]
493 4661 630 4725 numo,
887 4662 1034 4728 agreewith
1045 4663 1089 4716 the
1099 4674 1209 4718 arcuum
1220 4668 1248 4719 in
1259 4670 1391 4731 Benedici,

370 4741 445 4793 ''l'he
465 4742 565 4793 articlea
576 4740 606 4792 ci
622 4741 733 4806 IIeury’a
744 4739 803 4791 oath
814 4739 845 4792 of
887 4740 904 4791 i.
918 4746 959 4802 82,
970 4747 1003 4792 88
1014 4763 1021 4803 t
1039 4744 1172 4808 Heredes,
1185 4746 1210 4798 ii.
1221 4752 1262 4798 85.
