3646 5720
421 872 487 935 228
622 889 785 941 suavssn
807 890 970 943 nossem
992 892 1268 944 connumerans

270 1057 395 1166 ἦιξα
422 1075 458 1136 et
479 1071 639 1140 abierunt.
686 1072 864 1162 Privilagia
886 1096 1016 1161 quoque
1039 1082 1074 1143 et
1095 1076 1303 1144 munimenta
1324 1077 1477 1155 ecclesiae,

423 1173 671 1241 Oantuariensis
693 1177 731 1241 in
755 1177 884 1243 scriniis
905 1179 1013 1244 sancti
1035 1179 1182 1258 inventa
1198 1186 1296 1266 rapta
1317 1180 1476 1246 tulerunt.

420 1275 603 1343 decurrens
621 1283 733 1344 autem
751 1278 892 1365 populus
911 1280 1059 1346 civitatis
1077 1287 1206 1368 patrem
1226 1282 1344 1369 patriae
1364 1303 1476 1347 suum·

421 1398 486 1463 que
518 1383 684 1465 pastorem
717 1386 789 1446 tam
823 1380 894 1446 dire
928 1380 965 1445 in
996 1382 1132 1449 ecclesia
1165 1382 1230 1449 Dei
1263 1384 1477 1450 interemtum

421 1479 535 1546 videre
552 1481 743 1568 cupiebant.

468 1581 498 1647 Ο
521 1583 726 1650 admirabilis
747 1583 813 1649 viri
836 1585 944 1651 sancti
966 1587 1174 1654 constantia!
1218 1587 1298 1653 Non
1318 1587 1405 1675 regis
1427 1586 1479 1651 in·

391 1684 524 1763 'sanis
557 1706 626 1751 non
664 1686 890 1773 episcoporum
923 1686 977 1751 vel
1015 1688 1202 1775 principum
1240 1689 1377 1767 malitia,
1410 1710 1479 1755 non

424 1785 571 1865 exilium,
602 1807 670 1852 non
704 1789 884 1855 amicorum
916 1787 995 1853 vel¹
1029 1796 1205 1875 parentum
1238 1812 1373 1857 suorum
1404 1813 1479 1877 pro·

423 1888 567 1973 scriptio,
590 1909 658 1954 non
688 1889 828 1976 gladius,
859 1890 917 1957 sed
947 1909 1009 1955 nec
1039 1891 1112 1978 ipsa
1143 1915 1229 1960 mors
1261 1915 1338 1959 eum
1369 1914 1391 1958 a
1421 1893 1479 1959 via

423 1991 576 2055 veritatis
609 1990 752 2057 avellere
783 1995 973 2079 potuerunt.
1026 1993 1080 2072 Et,
1103 1996 1191 2081 quod
1213 1994 1396 2061 mirabilius
1419 1999 1478 2073 est,

424 2091 525 2156 militi
556 2093 754 2179 percutienti
786 2116 854 2161 non
891 2111 980 2179 eaput
1016 2098 1148 2174 avertit,
1186 2123 1244 2161 non
1273 2111 1386 2162 vestem
1423 2096 1478 2162 vel
1490 2096 1648 2151 J0h·S²¹i⁸b·

423 2213 560 2258 manum
583 2195 769 2276 interposuit
798 2206 851 2262 sed
872 2201 1073 2286 percutienti
1107 2213 1195 2279 caput
1227 2198 1410 2275 inclinavit,
1442 2170 1567 2263 inm

422 2295 562 2381 pedibus
601 2301 693 2362 stans
734 2305 827 2363 donec
853 2314 1112 2367 consummaretur.
1156 2309 1194 2363 In
1217 2313 1327 2365 terram
1368 2321 1478 2366 conul-

423 2418 481 2462 ens
503 2397 651 2465 membra
673 2399 768 2484 quasi
790 2399 833 2465 ad
855 2402 1017 2467 orandum
1046 2401 1237 2487 composuit.
1282 2400 1402 2467 Jacens
1420 2427 1479 2465 non

422 2508 538 2580 pedem,
568 2528 627 2566 non
656 2529 786 2577 manum,
813 2512 906 2569 movit
952 2505 1006 2570 vel
1044 2508 1152 2590 caput,
1201 2500 1279 2587 nisi}
1315 2508 1478 2589 quantum

423 2602 591 2688 expiranti
629 2604 828 2671 conceditur.
874 2604 949 2683 Sed,
973 2610 1013 2671 ut
1042 2605 1179 2682 aestimo,
1211 2603 1320 2669 Deum
1359 2603 1479 2670 habuit

423 2703 654 2790 dispositorem
678 2709 713 2770 et
734 2705 868 2791 angelos
891 2711 1123 2794 cooperatores.
1161 2704 1313 2771 Necdum
1332 2707 1478 2771 animam

423 2806 642 2891 aspiraverat,
668 2811 703 2872 et
733 2828 806 2873 ecce
831 2807 875 2872 ab
902 2807 1055 2873 omnihus
1077 2806 1147 2872 fere
1170 2805 1312 2873 Sanctus
1335 2806 1477 2872 Thomas

370 2984 376 2993 ⁸
423 2907 609 2994 appellatus
632 2913 689 2974 est
735 2908 804 2972 Vix
835 2909 979 2994 aliquem
1020 2910 1057 2974 in
1082 2914 1179 2974 tanta
1204 2908 1333 2974 videres
1363 2909 1477 2974 multi-

425 3008 542 3073 tudine
572 3010 631 3094 qui
668 3009 739 3094 ejus
771 3010 931 3096 sanguine
968 3032 1036 3077 non
1065 3009 1169 3075 vellet
1198 3031 1267 3075 esse
1296 3009 1478 3091 intinctus3

424 3130 503 3174 nam
532 3110 569 3174 in
599 3110 670 3196 ejus
700 3110 861 3197 sanguine
891 3111 1013 3198 digitos
1043 3111 1287 3197 imprimebant,
1309 3115 1344 3176 et
1373 3112 1477 3197 ipsius

424 3210 531 3277 sancti
562 3231 682 3276 nomen
712 3211 904 3278 invocantes
934 3213 970 3277 in
1000 3213 1165 3279 frontibus
1200 3212 1269 3277 suis
1291 3211 1346 3276 vel
1375 3211 1478 3276 oculis

424 3313 556 3399 signum
572 3312 677 3379 crucis
693 3312 865 3379 faciebant.
913 3311 1079 3380 Collectus
1102 3319 1154 3379 est
1175 3312 1231 3378 ille
1254 3317 1478 3379 sacrosanctus

424 3415 559 3501 sanguis
581 3435 657 3480 cum
680 3414 812 3481 cerebro
834 3421 869 3480 et
890 3415 1029 3493 testulis,
1054 3420 1088 3481 et
1110 3414 1287 3501 diligenter
1315 3414 1478 3500 repositus

424 3522 483 3595 est,
506 3522 583 3604 post
603 3517 770 3583 modicum
800 3518 865 3583 toti
891 3518 1016 3585 mundo
1041 3517 1274 3604 propinandus.
1320 3515 1478 3581 Delatum

424 3625 475 3686 est
497 3626 610 3686 autem
630 3641 748 3706 corpus
771 3621 922 3687 exanime
944 3625 1023 3686 ante
1045 3620 1149 3686 altare
1173 3617 1308 3696 Christi,
1322 3616 1381 3682 ubi
1406 3622 1479 3684 tota

423 3729 521 3790 nocte
542 3723 601 3789 illa
627 3722 746 3790 clausis
773 3723 884 3802 oculis,
907 3724 1100 3810 compressis
1126 3721 1231 3799 labiis,
1257 3719 1479 3807 membrisque

424 3825 578 3891 decenter
599 3824 797 3911 compositis,
820 3825 902 3890 adeo
924 3824 1059 3889 vividus
1085 3822 1294 3888 intuentibus
1323 3823 1479 3908 apparuit

421 3949 462 3994 ac
476 3929 505 3992 si
519 3927 637 3993 vivens
652 3927 689 3991 in
703 3948 837 4012 corpore
851 3930 1002 4013 carperet
1015 3946 1199 4011 sompnum.
1240 3922 1391 4008 Cumque
1406 3923 1476 3988 dies

373 4083 379 4096 .
423 4029 568 4096 crastina
589 4026 800 4104 illucesceret,
823 4031 859 4091 et
880 4025 1048 4092 monachis
1070 4023 1261 4111 lugentibus
1282 4024 1477 4088 nuntiatum

288 4116 300 4147 ⁸
423 4133 541 4197 fuisset
574 4130 736 4216 malignos
767 4129 842 4195 illos
873 4128 1075 4215 conspirasse
1106 4132 1147 4192 ut
1177 4147 1294 4212 corpus
1326 4130 1477 4191 sanctum

281 4217 296 4248 ⁶
371 4234 378 4247 '
423 4233 586 4300 violenter
608 4232 649 4296 de
672 4231 808 4297 ecclesia
830 4228 1044 4295 extraherent
1063 4233 1099 4295 et
1118 4226 1335 4314 ignominiose
1354 4231 1477 4292 tracta-

422 4339 507 4412 rent,
529 4333 584 4399 vel
606 4333 643 4396 in
665 4331 774 4397 locum
796 4331 947 4397 foetidum
974 4330 1167 4416 proicerent,
1190 4327 1299 4393 territi
1324 4326 1477 4394 monachi

422 4435 542 4502 clausis
573 4431 717 4500 ecclesiae
747 4431 861 4518 januis
892 4451 1010 4517 corpus
1039 4430 1076 4494 in
1105 4428 1245 4514 criptam
1277 4425 1475 4492 detulenmt.

423 4535 571 4601 Sublatis
594 4539 708 4599 autem
733 4531 776 4599 ab
803 4553 841 4598 eo
862 4530 1072 4597 vestimentis
1101 4528 1319 4594 exterioribus
1350 4527 1387 4591 in
1416 4526 1476 4592 ha·

789 4801 797 4834 ¹
809 4803 942 4853 amicorum
955 4798 1008 4866 vel]
1023 4813 1073 4850 om.
1087 4797 1117 4850 G.
