3544 5724
375 877 418 941 ‘24
573 889 735 941 ennvrsu
758 886 921 940 nonnosi
944 884 1219 938 omwasrmsrs

223 1098 272 1144 rus
280 1099 350 1143 aum·
375 1077 575 1144 consuetudo
600 1082 652 1143 est
675 1077 751 1155 diei,
766 1078 945 1144 solenniter
959 1082 994 1143 et
1019 1077 1138 1143 devote
1153 1076 1317 1143 celebrata
1341 1080 1428 1141 sunt.

226 1151 344 1295 siffis&
377 1179 505 1261 Quibus
520 1179 668 1266 expletis,
684 1186 776 1246 stans
791 1180 834 1245 ad
849 1202 939 1245 aram
954 1180 1106 1266 pontifex
1128 1177 1298 1256 indilatae,
1313 1198 1431 1244 sonan·

232 1251 339 1347 hiddi.
375 1282 467 1346 tibus
493 1282 604 1368 signis,
621 1280 694 1347 “Te
710 1282 819 1348 Deum
843 1280 1045 1347 laudamus”
1061 1281 1192 1367 incepit.
1239 1280 1431 1346 Conventus

213 1352 454 1450 cunt⁴³—'¹'¹¹⁷''vero
469 1406 543 1451 cum
559 1406 681 1472 magna
702 1385 808 1451 cordis
822 1384 942 1450 laetitia
964 1390 1097 1450 cantum
1120 1383 1309 1471 suscipiens,
1325 1382 1431 1449 cordis

377 1492 412 1552 et
438 1486 526 1553 vocis
548 1486 658 1573 jubilo
689 1509 764 1553 cum
788 1487 986 1554 dulcissimis
1009 1486 1152 1553 lacrimis
1188 1507 1248 1573 pro
1274 1484 1431 1571 impensis

375 1587 542 1655 beneficiis
568 1587 675 1654 Deum
702 1590 931 1655 laudaverunt.
978 1588 1111 1675 Ejectus
1138 1593 1189 1654 eet
1213 1594 1325 1654 autem
1355 1608 1431 1654 con·

207 1702 324 1800 poppae
376 1697 497 1757 ventus
520 1713 579 1778 per
593 1678 783 1757 incendium
806 1692 847 1757 de
866 1690 966 1758 choro
987 1692 1075 1756 sicut
1088 1692 1196 1757 Adam
1212 1692 1253 1757 de
1269 1689 1431 1778 paradyso

208 1818 238 1849 on
247 1806 289 1851 aa
376 1792 486 1859 annol
501 1793 602 1859 Verbi
617 1793 682 1860 Dei
697 1807 958 1871 n⁰c⁰nxx01111⁰.,
974 1813 1085 1860 mense
1101 1793 1297 1881 Septembri,
1313 1792 1433 1879 quinta

281 1869 318 1900 ω’
376 1896 430 1961 die
446 1897 575 1973 mensis,
590 1896 673 1962 hora
686 1897 781 1982 quasi
796 1918 891 1962 nona
932 1896 1058 1962 Mansit
1072 1902 1184 1962 autem
1199 1900 1382 1963 conventus
1396 1895 1432 1958 in

374 1999 454 2064 navi
477 1997 619 2064 ecclesiae
641 1996 725 2085 per²
745 2020 849 2064 annos
871 1998 1026 2084 quinque,
1049 2020 1176 2064 menses
1205 2002 1341 2086 septem,
1362 1997 1433 2062 dies

375 2097 497 2166 xiiiia·
525 2100 639 2165 Rediit
653 2101 690 2164 in
704 2121 828 2166 novum
844 2100 977 2167 chorum
993 2122 1082 2167 anno
1095 2101 1212 2188 gratioe
1227 2106 1432 2175 wemma,

375 2224 485 2267 mense
508 2202 624 2288 Aprili,
647 2203 861 2269 nonodecimo
884 2203 937 2268 die
960 2204 1090 2280 mensis,
1112 2203 1194 2268 hora
1220 2200 1314 2289 quasi
1336 2222 1431 2279 nona,

375 2303 491 2391 vigilia
513 2303 654 2370 Pasehae.
701 2304 832 2370 Gaudet
862 2305 975 2390 itaque
1006 2312 1040 2370 et
1062 2304 1193 2371 exultat
1215 2305 1250 2370 in
1280 2304 1431 2382 Domino,

376 2407 434 2492 qui
456 2406 600 2493 percutit
622 2406 728 2472 filium
753 2408 858 2473 Suum
881 2407 984 2495 virga,
1007 2414 1042 2473 et
1064 2407 1183 2473 liberat
1200 2408 1345 2474 animam
1360 2406 1431 2493 ejus
1443 2421 1584 2467 emanat

376 2507 440 2575 de³
473 2514 578 2575 morte
590 2533 599 2589 ;
631 2510 689 2596 qui
723 2510 867 2596 percutit
891 2516 1071 2599 peccantes
1102 2516 1135 2576 et
1166 2510 1220 2597 pie
1246 2478 1475 2578 eonsentur¹⁴

376 2612 586 2699 poenitentes.
1486 2615 1488 2618 ’

209 2712 354 2769 rourum
422 2712 606 2780 Erexerat⁴
626 2719 739 2780 autem
765 2714 887 2783 artifex
918 2722 1029 2781 noster
1060 2721 1156 2782 extra
1185 2715 1320 2783 chorum
1353 2735 1433 2802 qua·

208 2775 350 2870 mm
378 2823 455 2884 tuor
487 2817 613 2895 altaria,
645 2818 703 2883 ubi
733 2839 868 2905 corpora
898 2825 1084 2885 sanctorum
1119 2819 1433 2907 archiepiscoporum

376 2921 522 3009 reposita
551 2925 645 3001 sunt,
684 2920 772 2987 sicut
808 2922 996 3007 antiquitus
1033 2923 1177 2999 fuerunt,
1215 2923 1302 3003 sicut
1339 2943 1434 3008 supe·

377 3024 447 3089 rius
476 3023 602 3089 dictum
633 3027 690 3088 est
737 3022 792 3087 Ad
826 3023 930 3089 altare
962 3024 1090 3112 Sancti·
1106 3025 1243 3090 Martini
1274 3024 1436 3111 livingus

377 3132 413 3190 et
435 3124 619 3190 Wliredue:
641 3125 685 3190 ad
706 3125 812 3191 altare
835 3125 950 3192 Sancti
978 3126 1148 3214 Stephani,
1170 3126 1372 3193 Athelurdus
1401 3132 1435 3191 et

378 3228 591 3293 cuthbertus.
638 3228 680 3292 In
702 3250 796 3294 cruce
818 3229 956 3294 australi
982 3229 1025 3295 ad
1047 3230 1150 3296 altare
1173 3230 1288 3296 Sancti
1309 3228 1434 3295 dohan-

377 3330 438 3409 nie,
463 3330 607 3396 alfricus
626 3335 662 3396 et
684 3330 889 3417 Ethelgarus.
936 3331 990 3396 Ad
1012 3332 1118 3398 altare
1140 3332 1254 3399 Sancti
1277 3330 1435 3419 Gregorii,

378 3433 592 3520 Bregewinus
629 3437 664 3498 et
701 3432 950 3520 Plegemundus.
1008 3432 1116 3500 Ediva
1152 3455 1282 3520 quoque
1313 3434 1435 3522 regina,

378 3558 453 3622 quse
476 3541 553 3601 ante
575 3534 764 3601 incendium
787 3536 854 3602 fere
875 3537 911 3601 in
941 3536 1050 3602 medio
1072 3538 1176 3604 crucis
1197 3536 1352 3603 arretralis
1374 3535 1435 3602 sub

379 3639 498 3704 feretro
516 3639 667 3724 jacuerat
690 3638 856 3714 deaurato,
878 3638 922 3704 ad
944 3638 1048 3704 altare
1072 3638 1187 3706 Sancti
1214 3640 1352 3705 Martini
1374 3637 1435 3705 sub

379 3742 499 3806 feretro
514 3740 648 3827 Livingi
670 3741 814 3827 reposita
828 3747 886 3805 est.
932 3740 1095 3808 Pueterea
1116 3744 1152 3808 in
1175 3743 1288 3809 eadem
1311 3746 1435 3819 astate,

233 3870 253 3946 ιΙ
271 3856 344 3950 riorle
379 3864 459 4009 {nm
496 3843 651 4008 vrildlplieet
689 3843 791 4008 semi,
822 3862 935 3909 murus
972 3846 1116 3910 exterior
1152 3845 1238 3912 circa
1278 3846 1435 3933 capellam

300 3970 315 4001 ο
395 3946 404 3969 ’
468 3946 495 4009 ri
590 3966 622 4008 m
654 3995 662 4021 ,
794 3944 858 4008 im
878 3968 910 4009 m
1056 3947 1063 3961 '
1161 3948 1168 3960 ’
1309 4000 1317 4027 ,

228 4041 264 4104 'nn
277 4021 347 4105 mnf*
379 3950 1309 4137 adanihrniceih⁶aevdl1i¹teendaenrhlech)iiisoeersltmmlnuclrissrhjihltbl
1323 3970 1436 4117 ἓξὲξ

380 4149 536 4237 magister
569 4149 687 4215 turrim
718 4171 761 4214 ex
792 4153 885 4235 parte
917 4149 1077 4230 orientali,
1101 4152 1194 4239 quasi
1224 4159 1321 4219 extra
1350 4153 1436 4217 muri

380 4252 551 4330 ambitum,
573 4252 668 4338 cujus
698 4251 809 4317 fornix
843 4251 978 4317 inferior
1008 4259 1087 4320 ante
1117 4253 1259 4321 hiemem
1292 4255 1438 4343 perfecta

380 4361 437 4420 est⁴
484 4354 620 4441 Capella
642 4375 772 4440 quoque
796 4353 926 4420 Sanctae
942 4354 1115 4422 Trinitatis
1137 4356 1178 4423 de
1200 4379 1267 4443 qua
1288 4358 1437 4445 superius

379 4457 505 4523 mentio
526 4457 615 4523 facta
643 4463 694 4523 est
723 4458 792 4523 solo
821 4463 919 4524 tenus
948 4454 1061 4524 diruta
1090 4464 1148 4538 est,
1171 4481 1246 4546 quae
1267 4459 1436 4548 hucusque

416 4746 422 4777 ¹
436 4746 512 4813 amco]
526 4744 622 4812 grstia,
634 4745 680 4797 ina.
693 4747 740 4807 C.;
758 4763 806 4798 om.
819 4744 850 4799 13.
966 4748 977 4779 ⁴
988 4747 1129 4815 Eraoerat]
1143 4749 1241 4809 Erexit,
1254 4750 1283 4803 C.

415 4826 425 4857 ²
434 4826 493 4891 per]
507 4841 557 4875 om.
569 4826 616 4885 B.;
633 4824 681 4876 ins.
694 4825 759 4878 A.C.
967 4826 1116 4896 Ἶοηίσεηι]
1135 4828 1257 4895 criptam,
1281 4828 1311 4881 C.
1351 4826 1434 4881 There

414 4904 425 4936 ³
436 4904 478 4971 de]
494 4922 519 4967 a,
530 4904 561 4955 (L
931 4908 978 4957 has
989 4909 1053 4959 been
1065 4924 1098 4959 au
1109 4924 1211 4961 armare
1222 4909 1249 4959 ln
1261 4904 1294 4961 Α.
