3544 5724
702 901 813 952 oraru
836 900 1028 952 msroarcs.
1344 884 1387 953 27

328 1094 380 1153 eat
403 1095 439 1153 et
461 1090 623 1175 septimus
646 1091 789 1176 sumpsit
813 1090 964 1155 initium:
988 1089 1049 1154 sed
1072 1088 1263 1174 priusquam
1287 1087 1388 1174 hujus
1417 1100 1544 1201 'flm-

328 1191 461 1277 septimi
484 1193 564 1257 anni
588 1215 687 1279 opera
704 1215 889 1279 prosequar,
905 1214 972 1257 666
988 1189 1107 1256 1661116
1123 1191 1204 1254 duxi
1220 1189 1386 1276 aliquado
1420 1202 1536 1296 3⁰0⁸&

328 1294 552 1378 superioribus
574 1294 798 1381 recapitulare,
822 1316 897 1380 quae
919 1295 989 1359 sive
1012 1316 1071 1380 per
1085 1293 1285 1358 oblivionem
1308 1315 1387 1379 neg·
1405 1302 1550 1407 cssffi,

328 1394 477 1480 ligenter,
493 1396 563 1461 sive
585 1400 721 1483 propter
742 1396 940 1462 brevitatem
963 1396 1104 1462 scienter
1118 1395 1254 1460 dimissa
1275 1400 1360 1459 sunt.
1399 1424 1557 1506 Otheffom

373 1497 510 1597 Dictum
534 1504 585 1564 est
608 1498 645 1562 in
672 1499 894 1585 superioribus
920 1498 1016 1584 quod*
1033 1504 1108 1584 post
1130 1497 1387 1563 combustionem
1400 1505 1545 1599 pggrpffiprk

327 1598 420 1663 illam
444 1605 558 1666 vetera
583 1600 650 1665 fere
679 1600 790 1666 omnia
812 1600 904 1666 chori
927 1600 1040 1665 diruta
1065 1606 1152 1677 sunt,
1175 1606 1210 1665 et
1233 1600 1267 1663 in
1284 1620 1386 1684 qnan—
1400 1606 1422 1649 ¹⁸

326 1701 404 1767 dam
435 1703 635 1789 augustioris
666 1703 779 1768 iormae
810 1702 1013 1768 transierunt
1042 1702 1235 1767 novitatem.
1290 1701 1389 1767 Nunc

326 1810 440 1870 autern
468 1827 542 1891 qnae
572 1805 619 1869 sit
651 1804 758 1895 operis
792 1805 962 1890 utriusque
996 1804 1184 1870 differentia
1214 1803 1388 1869 dicendum

327 1913 386 1971 661.
443 1906 639 1973 Pilmiorum
673 1908 777 1994 igitur
813 1912 882 1973 tam
916 1913 1066 1972 veterum
1098 1928 1196 1992 quam
1228 1929 1388 1972 novorum

328 2029 398 2074 una
428 2009 531 2074 forma
555 2016 614 2085 est,
646 2030 714 2074 una
739 2015 775 2074 et
803 2008 1000 2095 grossitudo,
1030 2009 1088 2074 sed
1118 2007 1292 2095 longitudo
1322 2008 1388 2073 dis·

326 2110 453 2175 similis.
515 2109 670 2198 Elongati
705 2117 785 2175 sunt
814 2111 902 2176 enim
933 2110 1042 2196 pilarii
1067 2111 1146 2175 novi
1181 2109 1387 2197 longitudine
1402 2125 1533 2187 rusticior

326 2212 450 2298 pedum
474 2213 541 2279 sere
566 2213 747 2278 duodecim.
796 2212 836 2277 In
861 2211 1022 2299 capitellis
1038 2212 1205 2278 veteribus
1220 2235 1301 2298 opus
1317 2176 1556 2279 emellll'llll..

325 2313 473 2400 planum,
497 2314 534 2378 in
559 2315 656 2379 novis
680 2314 850 2401 sculptura
876 2314 1015 2379 subtilis.
1061 2314 1115 2379 ni
1144 2315 1180 2378 in
1205 2313 1295 2380 chon·
1319 2279 1556 2378 am-oemffl‘

326 2417 402 2481 bitu
433 2415 542 2503 pilarii
571 2416 693 2504 viginti
723 2417 797 2493 duo,
814 2416 878 2481 .hic
904 2422 1016 2481 antem
1047 2416 1168 2503 viginti
1198 2422 1279 2482 octo.
1335 2417 1387 2481 lbi

327 2540 423 2585 arcus
449 2525 484 2584 61
508 2525 627 2584 caetera
651 2519 762 2584 omnia
784 2516 891 2604 plana,
920 2524 1036 2604 utpote
1063 2517 1192 2604 sculpta
1217 2540 1328 2584 secura
1354 2524 1389 2584 61

326 2642 396 2686 666
422 2620 557 2697 scisello,
572 2619 627 2686 hic
650 2620 686 2684 in
713 2619 865 2685 omnibus
891 2620 958 2684 fere
982 2618 1152 2706 sculptura
1167 2619 1292 2686 idonea
1335 2620 1387 2684 lbi

328 2722 505 2809 columpna
528 2722 622 2788 nulla
645 2742 834 2799 marmorea,
859 2721 914 2787 hic
938 2722 1128 2788 innumerae.
1185 2722 1236 2787 Ibi
1267 2723 1302 2786 in
1326 2723 1497 2808 cir-ueneni

328 2825 422 2891 cuitu
452 2830 548 2891 extra
578 2823 713 2891 chorum
740 2824 878 2889 fornices
908 2823 1025 2910 planae,
1053 2823 1106 2890 hic
1135 2829 1278 2890 arcuatae
1309 2830 1388 2890 sunt
1398 2811 1479 2911 llll?
1479 2811 1541 2894 liin

328 2932 364 2992 et
388 2926 534 2993 elavatae.
581 2926 634 2991 lbi
658 2947 772 2990 murus
798 2947 897 3012 snper
920 2925 1053 3012 pilarios
1078 2926 1221 2991 directus
1241 2949 1351 2993 cruces
1365 2901 1479 2994 aenum

328 3028 426 3095 choro
450 3028 686 3115 sequestrabat,
710 3027 766 3094 hie
791 3048 869 3093 vero
896 3026 988 3093 nullo
1019 3028 1198 3094 interstitio
1227 3051 1336 3096 cruces
1366 3052 1388 3096 a

328 3131 428 3196 choro
455 3131 572 3197 divisae
602 3131 638 3195 in
669 3151 768 3195 unam
800 3129 928 3196 clavem
952 3152 1026 3215 quse
1050 3131 1086 3194 in
1116 3131 1224 3196 medio
1254 3132 1387 3199 fornicis

328 3255 458 3320 magnae
482 3233 640 3309 consistit,
666 3254 740 3318 quae
767 3237 910 3318 quatuor
934 3231 1060 3318 pilariis
1086 3233 1322 3319 principalibus
1337 3235 1388 3300 in-

328 3335 461 3413 nititur,
477 3335 653 3402 convenire
674 3334 838 3400 videntur.
886 3334 939 3399 Ibi
957 3334 1075 3401 caelum
1095 3334 1241 3422 ligneum
1257 3338 1387 3424 egregia

327 3436 460 3524 pictura
488 3438 685 3515 decoratum,
715 3436 770 3502 hic
799 3436 912 3501 fornix
943 3459 985 3502 ex
1015 3436 1124 3524 lapide
1155 3445 1190 3504 et
1219 3440 1290 3505 tofo
1320 3440 1387 3505 levi

328 3541 483 3607 decenter
512 3540 693 3627 composita
721 3545 779 3607 est
826 3540 879 3604 Ibi
903 3539 1070 3605 triferium
1095 3562 1207 3618 unum,
1237 3541 1292 3608 hie
1321 3543 1388 3607 duo

328 3643 365 3706 in
392 3641 499 3721 choro,
526 3642 620 3707 etin
644 3641 697 3708 ala
721 3641 864 3708 ecclesiae
889 3641 1032 3707 tertium.
1089 3641 1172 3723 Qum
1187 3643 1298 3709 omnia
1312 3644 1386 3709 visu

328 3744 447 3810 melius
473 3765 574 3830 quarn
600 3743 719 3809 auditu
745 3742 929 3829 intelligere
947 3743 1072 3809 volenti
1096 3745 1268 3830 patebunt.
1313 3746 1387 3813 Hoc
1399 3761 1507 3852 lSunio

328 3853 442 3912 tamen
468 3845 636 3913 sciendum
661 3851 712 3911 cst
736 3845 825 3930 quod
844 3867 968 3910 novum
994 3867 1076 3932 opus
1100 3845 1201 3912 altius
1216 3853 1267 3913 est
1281 3811 1510 3955 661661111ῗὲ111111ι

327 3956 491 4034 quantum
516 3947 698 4034 superiores
722 3947 876 4013 fenestrae
901 3952 970 4012 tam
994 3948 1136 4033 corporis
1166 3947 1255 4014 chori
1287 3973 1385 4036 quam
1399 3924 1469 3957 Μ’

327 4049 470 4116 laterum
497 4050 569 4137 ejus
583 4072 605 4115 a
619 4047 797 4115 tabulatu¹
823 4069 1004 4114 marmoreo
1030 4048 1066 4113 in
1090 4049 1195 4114 altum
1213 4053 1385 4141 porrigun-

328 4161 394 4219 tur.
439 4153 492 4218 Ne
517 4158 629 4218 autem
657 4150 779 4216 suturis
803 4150 1005 4237 temporibus
1030 4150 1183 4238 cuiquam
1210 4154 1324 4221 veniat
1350 4156 1386 4221 in

327 4255 477 4331 dubium,
507 4276 574 4340 qua
602 4254 644 4320 de
674 4274 772 4320 causa
802 4258 898 4320 tanta
927 4252 1016 4319 chori
1052 4252 1196 4321 latitudo
1231 4279 1305 4342 quae
1335 4266 1387 4325 cst

323 4358 427 4445 juxta
442 4357 559 4422 turrim
575 4362 707 4424 tantum
723 4356 759 4420 in
774 4356 881 4442 capite
897 4355 1039 4422 ecclesiae
1066 4363 1256 4437 coarctetur,
1272 4382 1386 4428 causas
1398 4379 1500 4475 pppons

328 4460 435 4527 dicere
459 4480 528 4525 non
553 4458 673 4526 inutile
699 4458 789 4523 duxi.
838 4457 985 4539 Quarum
1011 4481 1078 4525 una
1102 4466 1160 4538 est,
1191 4463 1279 4548 quod
1309 4465 1384 4531 duae
1397 4482 1541 4576 ffiffl,

1351 4567 1358 4581 .
1540 4558 1547 4581 ‚

329 4569 445 4639 turres,
473 4561 588 4628 Sancti
612 4560 761 4627 Anselmi
787 4559 943 4627 videlicet
969 4567 1004 4626 61
1030 4561 1144 4627 Sancti
1171 4564 1321 4643 Andreae,
1348 4589 1384 4632 m
1398 4583 1547 4628 numius

330 4670 470 4752 utroque
497 4664 599 4731 latere
623 4663 765 4732 ccclesiae
789 4660 975 4750 antiquitus
997 4663 1041 4730 ad
1071 4664 1230 4733 circinum
1260 4669 1383 4755 positae,
1397 4635 1453 4678 Μ

693 4864 700 4897 ¹
714 4863 845 4931 16161616]
860 4865 983 4955 tabulpto,
996 4865 1027 4915 B.
