3662 5728
774 918 887 968 OPERA
908 917 1101 971 mesonma

791 1199 1073 1269 Motu-XIII.

451 1341 629 1431 Postquam
651 1366 801 1412 reversus
824 1350 875 1411 est
896 1367 956 1412 rex
978 1344 1125 1414 Franciae
1157 1345 1341 1414 Lodovicus
1362 1366 1384 1412 a
1405 1368 1461 1434 pc
1490 1340 1612 1418 aanor.

405 1445 626 1532 regrinatione
654 1446 929 1525 ierosolimitana,
951 1453 1025 1514 orta
1047 1457 1097 1515 est
1126 1434 1277 1535 quaedam
1300 1449 1462 1516 discordia
1473 1433 1611 1531 will,

406 1548 625 1636 interipsum
656 1555 691 1616 01
719 1552 867 1639 reginam
898 1572 992 1616 suam
1022 1550 1161 1618 Alianor
1191 1573 1234 1618 ex
1264 1551 1460 1638 quibusdam
1472 1536 1578 1633 113οι

405 1649 489 1716 forte
512 1671 587 1736 quae
619 1652 737 1718 melius
768 1652 908 1718 tacenda
938 1657 1019 1717 sunt
1039 1674 1114 1739 quae
1136 1653 1173 1718 in
1193 1653 1253 1718 illa
1273 1653 1459 1740 peregrina-

405 1752 495 1817 tione
518 1753 734 1841 contigenmt
780 1753 826 1819 lit
848 1776 921 1821 ecce
943 1754 1054 1821 subito
1077 1754 1140 1821 sub
1162 1755 1459 1842 consanguinitatis

405 1852 550 1942 imagine
572 1855 681 1921 moliri
703 1857 805 1943 coepit
826 1855 1029 1922 matrimonii
1052 1857 1257 1922 solutionem.
1305 1855 1459 1921 Divortio
1556 1898 1564 1916 .

405 1954 517 2041 itaque
532 1954 620 2022 inter
641 1979 751 2045 regem
767 1957 969 2025 Lcdovicum
993 1964 1027 2024 et
1048 1959 1197 2045 reginam
1213 1980 1306 2024 suam
1321 1957 1458 2039 Alianor

404 2056 515 2124 labore
537 2058 643 2126 multo
665 2065 700 2126 et
721 2060 897 2127 artificioso
924 2061 1116 2147 juramento
1139 2061 1175 2125 in
1209 2060 1292 2126 facie
1315 2058 1457 2126 eeclesiae

404 2159 615 2246 solempniter
646 2162 817 2241 celebrato,
841 2162 983 2230 Gallicos
1015 2163 1188 2250 amplexus
1215 2163 1287 2249 jam
1313 2161 1378 2227 sibi
1401 2161 1456 2228 de·
1468 2175 1568 2273 1110101

403 2263 543 2350 crepitos
563 2263 743 2344 fastidiens,
759 2266 841 2332 fines
856 2287 986 2352 quoque
1001 2265 1118 2333 Galliae
1132 2287 1269 2354 egressa,
1284 2265 1321 2330 in
1335 2268 1456 2330 terram
1468 2239 1571 2325 111001

403 2385 497 2430 suam
529 2365 713 2433 Pictaviam
734 2390 770 2434 se
804 2369 936 2456 recepit
991 2367 1142 2456 Degebat
1171 2367 1225 2433 his
1248 2367 1364 2433 diebus
1386 2366 1456 2431 dux

403 2466 567 2535 Henricus
599 2470 635 2534 in
669 2470 884 2537 Normanniae
915 2471 1047 2549 finibus,
1069 2476 1104 2537 et
1136 2476 1209 2537 erat
1238 2471 1275 2535 in
1306 2470 1454 2536 omnium

403 2571 505 2637 oculis
527 2573 697 2658 gratiosus.
743 2574 882 2641 Alianor
902 2580 1023 2650 autem,
1033 2574 1105 2660 jam
1127 2574 1301 2660 repudiata
1323 2579 1357 2639 et
1379 2592 1454 2658 pro·

402 2672 483 2758 pria
505 2672 653 2740 libertati
675 2675 814 2753 reddita,
830 2682 951 2742 terram
974 2697 1077 2753 suam,
1092 2674 1309 2761 Aquitaniam
1332 2673 1456 2740 scilieet

402 2779 438 2840 et
459 2774 651 2856 Pictaviam,
673 2778 820 2865 aliasque
851 2784 954 2845 terras
977 2799 1053 2844 suas
1084 2799 1159 2865 quae
1189 2798 1262 2843 eam
1279 2777 1356 2863 jure
1379 2797 1455 2841 oon·

401 2876 577 2965 tingebant
613 2879 831 2959 haereditario,
866 2888 906 2947 ut
939 2882 1074 2947 domina
1110 2880 1305 2968 possidebat.
1363 2878 1454 2960 Quae,
1466 2874 1591 2981 mg

401 2980 509 3046 missis
531 2980 679 3049 clanculo
700 2985 875 3051 0111110011
897 2984 1034 3063 nuntiis,
1049 2984 1187 3049 liberam
1210 2988 1245 3048 et
1269 2981 1454 3048 absolutam
1465 2978 1583 3084 fflffl

401 3104 435 3147 se
450 3084 586 3150 nuntiat
607 3107 684 3162 esse,
700 3092 735 3152 01
748 3087 793 3153 ad
815 3088 1062 3153 matrimonium
1085 3084 1346 3154 contrahendum
1361 3084 1455 3150 ducis

400 3183 548 3250 animum
570 3186 729 3254 stimulat
757 3186 956 3255 'Dicebatur
979 3190 1067 3255 enim
1089 3187 1300 3255 artificiosam
1322 3186 1454 3275 repudi·

400 3287 545 3354 ationem
567 3288 658 3355 illam
682 3290 849 3377 exipsius
871 3291 1063 3378 processisse
1086 3291 1226 3378 ingenio.
1272 3288 1353 3355 Dux
1375 3310 1454 3354 vero

400 3389 618 3474 generositate
649 3391 781 3457 feminae
811 3397 846 3458 et
871 3393 1016 3459 maxime
1048 3393 1251 3480 dignitatum
1283 3413 1357 3478 quae
1380 3411 1453 3456 eam

299 3478 305 3495 '
399 3492 637 3578 contingebant
661 3493 843 3581 cupiditate
865 3493 1002 3573 illectus,
1026 3495 1145 3560 amoris
1168 3501 1203 3560 et
1223 3515 1323 3559 morae
1347 3492 1453 3559 omnis
1465 3511 1577 3565 maara

398 3593 584 3680 impatiens,
599 3596 713 3683 paucis
728 3618 837 3662 secum
860 3596 1038 3682 assumptis
1058 3596 1153 3662 sociis
1167 3597 1257 3662 viam
1272 3595 1453 3682 longiorem
1464 3563 1572 3608 md*

399 3695 555 3763 discurrit
568 3698 605 3763 in
627 3698 721 3765 brevi
731 3724 740 3779 ;
761 3699 848 3764 infra
870 3704 1001 3787 tempus
1016 3698 1181 3765 modicum
1196 3697 1348 3785 conjugio
1363 3696 1453 3761 illius

393 3798 466 3884 jam
481 3799 560 3866 olim
582 3802 757 3889 concupito
779 3802 906 3891 potitus
921 3805 979 3866 est
1025 3799 1163 3888 Nuptiis
1185 3800 1290 3887 igitur
1311 3798 1452 3866 celebra·

398 3902 451 3981 tis,
473 3904 590 3989 genuit
622 3925 666 3969 ex
688 3925 727 3970 aa
760 3903 867 3969 filium
901 3924 998 3989 quem
1021 3925 1064 3968 ex
1095 3903 1210 3989 proavi
1244 3901 1296 3967 sui
1318 3901 1452 3967 nomine

397 4006 531 4073 vocarit
552 4005 764 4073 Willelmum.
809 4006 958 4072 Audiens
980 4009 1092 4071 autem
1114 4026 1173 4070 rex
1196 4004 1379 4071 Lodovicus
1402 4026 1598 4082 10100110

397 4108 509 4195 ginam
533 4109 741 4197 repudiatam
766 4108 842 4175 duci
862 4108 1007 4175 Henrico
1031 4107 1103 4195 lege
1126 4106 1271 4173 maritali
1297 4083 1565 4193 0011110-111111ο

397 4211 607 4289 1011000110
629 4211 707 4278 felle
727 4216 918 4288 commotus,
941 4200 1151 4276 innuinerum
1174 4209 1252 4276 fecit
1274 4230 1451 4275 convocare
1464 4180 1554 4234 ΗΘΜ·

398 4312 586 4390 exercitum,
613 4318 653 4378 ut
674 4314 823 4401 reginam
849 4313 929 4379 olim
963 4334 1065 4392 suam,
1088 4312 1190 4378 immo
1219 4311 1324 4399 magis
1346 4310 1451 4397 Aqui-

397 4415 533 4493 taniam,
558 4416 587 4481 si
617 4415 689 4483 fieri
715 4422 834 4503 posset,
857 4422 1037 4482 revocaret.
1089 4414 1138 4481 At
1161 4415 1240 4494 dun,
1266 4414 1309 4480 ad
1339 4419 1451 4480 tantos

397 4518 476 4584 belli
498 4518 657 4606 strepitus
688 4541 825 4585 manens
846 4519 1041 4606 intrepidus,
1064 4519 1252 4585 convocatis
1274 4518 1453 4584 111100111-
1465 4536 1547 4591 nsnry

397 4643 462 4709 que
483 4621 629 4687 militum
650 4627 686 4689 et
706 4623 855 4710 peditum
879 4622 990 4708 copiis,
1013 4643 1122 4709 regem
1144 4621 1308 4687 firrenlem
1334 4622 1377 4686 ab
1398 4621 1450 4686 in·
1462 4588 1588 4685 1111110111ο

396 4746 510 4813 gressu
545 4724 724 4813 provinciae
757 4746 826 4792 suae
855 4729 1044 4791 constanter
1074 4723 1228 4812 reppulit
1274 4723 1450 4810 Conspira·

396 4834 493 4895 verat
512 4833 625 4895 autem
647 4850 722 4896 curn
745 4851 820 4917 rege
842 4827 944 4895 frater
970 4828 1062 4895 ducis
1080 4827 1195 4914 junior
1209 4827 1397 4906 Gaufiidus,
1415 4831 1450 4892 et
