3646 5720
439 944 504 1008 298
639 953 800 1004 cervien
823 951 983 1004 nossem
1006 950 1279 1003 canARIurisls

288 1158 411 1203 suriae
439 1145 685 1219 summentium,
709 1159 748 1206 ac
773 1139 802 1203 si
834 1138 871 1202 in
905 1137 1047 1205 crastino
1079 1136 1133 1201 vel
1157 1137 1195 1200 in
1224 1135 1375 1223 proximo
1405 1143 1492 1203 esset

439 1242 628 1308 moriturus.
673 1241 716 1305 In
748 1239 909 1327 scripturn
931 1260 1061 1326 quoquc
1092 1238 1197 1326 redigi
1219 1239 1376 1325 praecepit
1402 1238 1491 1323 quod

439 1350 599 1411 testatum
622 1348 681 1424 est,
704 1342 794 1429 qued
825 1347 859 1408 et
888 1363 948 1408 suo
978 1340 1222 1428 praesulumque
1245 1340 1362 1428 sigillis
1384 1336 1491 1418 iiiiii,1

439 1452 480 1512 ut
501 1446 723 1532 subscriptum
746 1450 805 1522 est,
827 1444 937 1509 voluit
959 1443 1168 1510 corroborari.

304 1209 394 1254 March.

270 1540 326 1635 ἔξω
334 1541 424 1635 ⁰¹1¹¹11¹³⁸
478 1547 655 1604 “Henricus
682 1546 738 1603 Dei
764 1545 861 1617 gretia
884 1563 937 1601 rex
961 1545 1080 1617 Angliae
1105 1550 1136 1601 et
1161 1544 1221 1600 dux
1244 1544 1436 1601 Normaunioe
1460 1550 1492 1601 et

269 1602 370 1687 midai
388 1623 395 1634 ’
443 1634 461 1660 “
480 1632 676 1703 Aquitanniae,
694 1636 725 1686 et
743 1646 839 1686 comes
856 1629 1048 1701 Andagavioe,
1066 1628 1197 1697 Henrico
1214 1629 1288 1701 regi,
1306 1634 1337 1684 et
1354 1628 1491 1694 Ricardo,

272 1692 397 1738 mm·
441 1718 462 1763 s«
482 1721 512 1771 ei
530 1715 683 1779 censio,
702 1718 733 1770 ei
751 1713 880 1768 ioanni
901 1713 970 1769 filiis
987 1713 1058 1779 suis,
1077 1712 1315 1786 archiepiscopis,
1334 1711 1490 1785 episcopis,

441 1800 460 1827 “
480 1798 643 1863 abbatibus,
662 1796 884 1862 archidiaconis,
904 1796 1030 1864 decanis,
1049 1796 1217 1862 comitibus,
1239 1795 1406 1860 baronibus,
1430 1797 1491 1867 jus·

441 1883 460 1910 ‘¹
479 1882 566 1947 titiis,
596 1879 825 1944 vicecomitibus,
861 1879 1012 1947 ministris,
1042 1884 1074 1936 et
1102 1879 1237 1936 omnibus
1265 1878 1432 1934 homiuibus
1461 1883 1493 1934 et

441 1965 460 1990 “
479 1962 614 2019 fidelibus
632 1961 693 2019 suis
705 1968 767 2018 tarn
784 1961 900 2018 clericis
918 1979 1006 2034 quam
1023 1962 1107 2018 laicis
1125 1962 1217 2019 totius
1233 1965 1322 2017 terres
1340 1979 1400 2018 auoe
1417 1961 1492 2017 citra

441 2050 459 2075 ‘⁴
479 2065 560 2103 mare
589 2052 620 2103 et
649 2046 736 2111 ultra,
768 2046 902 2102 salutem.
950 2045 1061 2102 Notum
1087 2047 1170 2103 robis
1200 2046 1276 2102 isoio
1306 2046 1384 2119 quod
1414 2045 1491 2118 apud

441 2133 461 2158 “
480 2131 630 2187 Waltham
647 2128 840 2201 praesentibus
858 2129 1002 2203 episcopia
1020 2129 1147 2186 Ricardo
1164 2129 1372 2195 wintoniensi,
1392 2133 1423 2185 et
1441 2130 1491 2185 Jo-

442 2217 460 2243 “
479 2215 576 2270 hanna
605 2213 795 2281 Norwioensi,
827 2219 859 2269 ct
888 2214 1032 2271 (lanfrido
1062 2215 1236 2285 cancellario
1266 2214 1328 2270 filio
1357 2232 1433 2280 meo,
1460 2219 1492 2269 ct

441 2302 460 2327 “
479 2299 623 2371 magistro
648 2299 778 2355 Walters
804 2297 1021 2355 Constantiensi
1052 2299 1256 2356 archidiacono
1283 2296 1491 2363 Oxeuefordiae,

441 2385 460 2411 ‘⁴
479 2388 511 2439 et
529 2382 688 2441 Godeirido
712 2382 749 2439 de
775 2383 849 2439 Luci
873 2382 1078 2438 archidiacono
1096 2382 1133 2438 da
1151 2382 1270 2447 Derebi‚
1289 2386 1320 2437 et
1343 2380 1493 2437 Raudullo

440 2468 460 2494 “
479 2466 516 2523 de
535 2465 693 2531 Glanrilla,
712 2470 744 2521 et
761 2465 878 2537 Rogare
901 2464 962 2520 filio
985 2465 1127 2531 Reinfrei‚
1147 2469 1178 2520 et
1199 2464 1326 2534 Hugone
1343 2463 1380 2518 (la
1397 2463 1493 2519 Mora·

441 2551 460 2577 “
479 2548 544 2614 wie,
564 2554 595 2605 et
612 2546 740 2603 Radulfo
758 2546 819 2602 filio
838 2546 980 2619 Stephani
998 2545 1167 2612 camerario,
1187 2548 1218 2600 et
1234 2545 1384 2602 Willelmo
1396 2545 1491 2611 Ruf03

440 2636 460 2662 “
480 2633 537 2689 feci
553 2632 678 2688 divisam
695 2647 793 2686 meam
810 2630 847 2687 de
867 2628 992 2700 quedem
1009 2636 1093 2702 perta
1109 2629 1243 2702 pecunia
1260 2646 1335 2684 mear
1359 2629 1392 2683 in
1415 2628 1492 2684 hune

272 2721 428 2822 eruas,
441 2718 461 2828 ἶῖ
480 2716 599 2870 iili
607 2711 1493 2869 31111ε’ῖζξὲῑῑέῗίὲζοῖᾞῑςῧὲξϊῖἕ

443 2884 461 2909 “
482 2880 574 2952 genti.
611 2881 650 2935 Et
669 2879 706 2933 ad
724 2895 908 2933 communem
926 2878 1124 2934 defensionem
1142 2883 1230 2933 terris
1248 2877 1493 2934 Jerosolimitauae

443 2967 462 2992 “
481 2982 509 3017 v.
528 2963 613 3018 milia
630 2979 744 3018 marcas
761 2961 888 3042 ergenii,
906 2978 960 3033 per
977 2978 1098 3017 manum
1117 2967 1148 3017 et
1165 2962 1264 3017 risum
1284 2962 1493 3033 magistrorum

444 3049 462 3072 ‘⁸
482 3045 596 3116 Templi
614 3050 645 3100 et
660 3043 825 3117 Hospitalis
844 3044 1008 3099 Jerusalem
1030 3044 1188 3111 habendas,
1208 3050 1315 3118 prester
1337 3045 1493 3116 pecuniam

444 3130 461 3156 ‘⁴
482 3128 565 3183 illam
591 3145 679 3199 quam
706 3128 789 3198 prius
813 3127 962 3198 praedictis
987 3126 1120 3184 domibus
1137 3129 1252 3201 Templi
1276 3133 1307 3184 et
1330 3128 1494 3200 Hospitalis

445 3213 463 3239 “
483 3211 687 3267 commiseram
712 3209 944 3275 custodiendam,
965 3228 1052 3281 quarn
1077 3211 1215 3268 similiter
1237 3211 1314 3267 dono
1338 3211 1375 3265 ad
1396 3210 1494 3267 defen-

273 3300 366 3361 maror
445 3299 465 3325 “
486 3297 599 3353 sionem
622 3294 717 3368 ipsius
739 3297 827 3349 terrie
846 3295 1101 3361 Jerosolimitanie,
1120 3295 1180 3351 nisi
1199 3313 1263 3351 eam
1287 3295 1319 3349 in
1341 3294 1406 3350 rita
1428 3313 1495 3351 mea

273 3353 293 3397 1³
316 3354 398 3397 “m
446 3382 618 3451 “repetere
644 3379 772 3434 voluero.
809 3379 849 3433 Et
874 3377 940 3433 aliie
967 3378 1104 3435 domibus
1127 3379 1275 3451 religiosis
1292 3377 1384 3434 totius
1408 3384 1494 3434 terrea

445 3466 464 3491 ‘⁸
483 3462 658 3529 Jerusalem,
686 3466 717 3517 ot
742 3461 879 3532 leprosis,
907 3466 938 3517 ct
962 3461 1093 3528 inclusis,
1122 3468 1153 3518 et
1181 3461 1332 3518 heremitis
1361 3462 1495 3535 ejusdem

445 3550 464 3574 “
482 3552 569 3603 terrie
594 3566 623 3603 v.
650 3545 735 3601 milia
758 3562 872 3600 marcas
896 3544 1022 3616 argenti,
1041 3544 1214 3601 dividendas
1240 3562 1293 3617 per
1318 3564 1438 3602 manum
1465 3552 1496 3602 et

445 3632 464 3658 “
483 3631 581 3686 risum
608 3627 782 3702 patriarche
808 3627 982 3692 Jerusalem,
1002 3633 1033 3683 et
1056 3628 1259 3700 episcoporum
1275 3633 1361 3684 terre
1379 3629 1494 3686 Jeroso·

446 3716 464 3742 “
483 3713 635 3779 limitasse,
655 3716 687 3767 et
710 3710 919 3781 magistrorum
946 3709 1061 3783 Templi
1086 3716 1118 3767 et
1144 3710 1315 3784 Hospitalis.
1351 3713 1495 3769 Domibua

275 3797 358 3843 roche
445 3794 629 3866 “religiosis
654 3793 781 3865 Angliie,
807 3794 1025 3860 monachorum,
1048 3794 1263 3862 canonicorum,
1291 3795 1494 3852 sanctimonia·

274 3848 392 3943 ἓξὲξ(
446 3883 464 3908 “
483 3880 567 3945 lium,
587 3884 618 3934 et
641 3878 774 3951 leprosis,
795 3881 825 3932 et
849 3876 1033 3942 inclusisse
1056 3877 1209 3933 heremitis
1235 3877 1327 3950 ipsius
1350 3883 1438 3934 terrae
1465 3898 1494 3936 r.

276 3949 389 4001 mm·
445 3967 463 3992 “
483 3962 567 4018 milia
594 3978 708 4016 marcas
737 3959 865 4031 argenti,
890 3959 1061 4016 dividendas
1096 3978 1148 4031 per
1177 3978 1298 4016 manum
1333 3968 1364 4018 et
1397 3962 1495 4018 risum

444 4048 463 4074 “
483 4044 607 4102 Ricardi
632 4042 855 4098 cantuariensis
883 4041 1106 4114 archiepiscopi,
1126 4049 1157 4099 et
1177 4043 1295 4100 Ricardi
1313 4045 1494 4102 Wintonien·

444 4131 462 4157 ‘⁴
483 4129 535 4193 sis,
553 4133 584 4183 et
604 4125 768 4182 Baldewini
785 4125 1008 4197 wigorniensis,
1029 4132 1060 4180 et
1083 4125 1218 4181 Geufridi
1241 4125 1377 4192 Eliensis,
1397 4134 1427 4183 ot
1445 4129 1495 4185 Jo-

444 4211 588 4268 “hannis
614 4209 812 4266 Norwicensis
838 4208 1049 4280 episcoporum,
1067 4214 1098 4264 ct
1122 4208 1259 4264 Raudulfi
1284 4210 1321 4266 de
1348 4210 1496 4269 Glanvilla

274 4303 388 4349 morior
446 4298 463 4325 ‘⁴
479 4294 606 4368 justitie
623 4293 750 4365 Angliie.
788 4292 933 4347 Domibus
952 4291 1100 4363 religiosis
1121 4294 1321 4361 Normenniae,
1341 4298 1495 4353 monacho·

276 4354 368 4407 my·
446 4382 465 4409 “
484 4398 562 4445 rum,
581 4378 797 4442 canonicorum,
817 4376 1092 4443 sanctimonialium,
1111 4383 1142 4432 ct
1158 4376 1280 4434 inclusis
1298 4384 1329 4434 et
1346 4379 1496 4438 heremitis

446 4464 467 4492 “
486 4461 617 4536 ejusdem
628 4466 717 4517 terris
735 4460 778 4515 iii.
798 4459 883 4514 milia
898 4476 1012 4515 marcas
1029 4459 1155 4530 argenti,
1174 4459 1348 4517 dividendas
1365 4479 1419 4533 per
1435 4481 1496 4521 ma·

446 4548 467 4574 “
485 4563 556 4601 num
581 4549 612 4599 et
636 4543 734 4599 visum
759 4541 971 4615 archiepiscopi
996 4543 1253 4614 Rothomagenais,
1271 4547 1302 4600 et
1319 4545 1497 4615 Bajocensis,

448 4630 466 4656 “
487 4635 517 4683 et
543 4627 744 4691 Abrinoensis‚
772 4632 803 4682 et
829 4626 990 4698 Sagicnsis,
1016 4632 1046 4683 et
1072 4626 1258 4683 Ebroioensis
1283 4628 1495 4702 episcoporum.

861 4847 869 4881 ¹
881 4848 961 4915 xiid]
974 4865 1026 4901 om.
1038 4849 1068 4902 0.
