3628 5728
445 919 511 982 452
656 930 817 979 ennvmn
841 927 1000 978 nonnoni
1023 927 1297 978 oaurumruuem

295 1136 417 1233 spnnp.
448 1119 581 1206 “prior
610 1124 645 1183 et
667 1139 744 1185 eum
774 1139 813 1183 eo
835 1122 1027 1196 oonventus,
1057 1122 1092 1183 et
1121 1139 1180 1204 per
1210 1118 1383 1184 beatorum
1415 1116 1500 1184 Oan-

328 1199 406 1240 ω’
448 1230 466 1257 “
488 1221 664 1288 tuariensis
679 1221 822 1287 eoelesiae
836 1226 1025 1288 sanctorum
1048 1221 1176 1298 merite,
1193 1226 1233 1286 ut
1256 1221 1383 1288 domini
1406 1241 1502 1307 papae

449 1330 525 1390 “et
554 1347 652 1411 quem
682 1325 774 1389 misit
803 1325 905 1411 legati
934 1324 1116 1410 adimplere
1138 1323 1250 1389 velitis
1280 1323 1501 1388 mandatum.''

278 1447 400 1512 speses·
449 1429 497 1493 At
521 1427 589 1513 ipse
614 1448 681 1492 non
705 1427 831 1492 veritus
853 1425 1022 1512 justitiam
1047 1426 1217 1511 respondit
1241 1431 1275 1491 et
1301 1426 1398 1504 dixit
1414 1424 1502 1510 quod

280 1501 414 1613 {tuta
446 1535 517 1621 jam
547 1534 763 1620 apostolieum
793 1534 923 1599 reema
953 1531 1169 1599 mausum}
1229 1532 1274 1597 ne
1302 1532 1502 1620 subjunxit:

281 1598 432 1746 §dirim
450 1645 467 1672 “
489 1637 545 1701 Ad
574 1636 742 1702 eeclesiam
772 1652 879 1701 meam
910 1635 1051 1713 veniam,
1080 1635 1222 1722 priorem
1260 1656 1369 1700 meum
1407 1635 1503 1700 insti·
1602 1718 1608 1730 ι

282 1713 437 1799 tuffiffi·
450 1747 469 1775 “
491 1744 593 1816 tuam
609 1738 824 1804 camerarium
847 1743 882 1802 et
900 1737 1070 1804 sacristam
1094 1738 1213 1803 faniam
1238 1743 1273 1804 et
1295 1759 1406 1803 meum
1421 1737 1503 1803 eele-

451 1850 468 1877 “
491 1840 641 1907 rarium.”
698 1840 848 1926 Cumque
877 1861 976 1927 super
1005 1840 1195 1927 hujusmodi
1225 1841 1368 1928 plurima
1398 1841 1502 1906 mina·

451 1951 551 2022 retur,
576 1944 740 2010 licentiati
767 1942 919 2009 monaehi
945 1948 1157 2021 recesserunt,
1181 1966 1255 2030 quae
1275 1944 1451 2010 audierant
1470 1950 1505 2010 et

450 2048 604 2113 viderant
634 2047 813 2112 conventui
835 2046 1039 2112 nuntiantes,
1084 2045 1357 2134 Arehiepieoopus
1383 2052 1505 2124 autern,

452 2150 691 2238 quodammodo
721 2156 817 2214 extra
846 2170 880 2215 ee
911 2149 1047 2235 positus,
1077 2150 1114 2213 in
1144 2150 1270 2236 impetu
1300 2150 1422 2215 furoris
1453 2150 1505 2214 sui

447 2255 606 2341 juvenem
635 2251 845 2337 quendama
875 2271 935 2316 sua
965 2248 1096 2337 fugavit
1127 2251 1227 2326 ouria,
1253 2272 1291 2316 eo
1316 2251 1405 2337 quod
1428 2250 1506 2316 talis

452 2355 604 2421 monaehi
642 2354 796 2420 abeuntis
833 2354 996 2439 posuisset
1025 2353 1172 2431 calearia,
1202 2354 1256 2420 vel
1286 2355 1505 2420 ascensorium

287 2421 416 2517 offilo
452 2457 621 2523 tenuisset.
667 2455 787 2545 Tertia
807 2454 925 2520 deinde
949 2455 1011 2533 die,
1027 2477 1102 2522 oum
1126 2455 1388 2544 archiepiscopus
1414 2457 1506 2522 veni·

283 2523 410 2625 ingildi
452 2566 504 2627 ret
519 2560 742 2636 (tumuerim,
758 2580 819 2625 neo
832 2557 959 2625 vellent
982 2557 1134 2624 monaehi
1158 2581 1178 2624 a
1205 2565 1294 2625 ooetu
1317 2582 1377 2626 suo
1403 2560 1506 2647 repel-

283 2624 391 2726 ἕξω
453 2663 519 2729 lere
543 2663 756 2749 suppriorem,
781 2682 841 2727 nee
865 2682 903 2727 eo
929 2666 1091 2747 praesente
1117 2661 1220 2727 vellet
1245 2661 1507 2749 archiepisoopus

452 2765 632 2831 solenniter
662 2763 793 2849 suscipi,
817 2784 859 2829 ne
890 2762 939 2827 nil
968 2769 1121 2850 ageretur
1150 2763 1245 2850 signa
1266 2764 1446 2831 solenniter
1472 2766 1508 2831 in

452 2862 727 2952 adventu'ipsius
750 2865 880 2951 pulsare
903 2865 1061 2931 feeerrmt
1107 2865 1282 2932 Dominioa
1310 2873 1422 2932 autem
1446 2868 1508 2945 die,

285 2982 429 3084 nibli&
454 2970 532 3034 viii0
561 2968 686 3035 scilieet
708 2968 784 3032 idus
805 2968 959 3054 Augusti,
982 2969 1204 3034 mediantibus
1227 2968 1305 3036 hinc
1329 2970 1406 3035 inde
1426 2971 1509 3035 arni-

284 3091 412 3143 ·gmeon.
454 3072 510 3151 eis,
534 3072 669 3138 tandem
691 3071 858 3135 consensit
879 3071 1149 3158 arehiepisoopus,
1172 3077 1212 3136 ut
1234 3073 1345 3137 omnia
1367 3093 1509 3137 eonven-

398 3218 402 3225 -
455 3176 506 3241 tui
529 3175 704 3240 restituere
725 3172 828 3238 vellet
857 3172 893 3237 in
915 3175 1090 3260 integrum,
1114 3174 1270 3240 videlieet
1291 3176 1510 3261 possessiones

456 3281 492 3343 et
505 3282 583 3342 ante
598 3275 729 3350 habitas
744 3274 923 3341 libertates.
971 3276 1206 3342 Consentiente
1222 3282 1396 3355 eonventu,
1409 3278 1510 3343 verbo

457 3385 554 3446 tenus
576 3379 732 3444 restituta
754 3382 833 3442 sunt
855 3378 966 3443 omnia
988 3379 1024 3443 in
1046 3379 1217 3445 audientia
1238 3380 1317 3445 cleri
1338 3386 1373 3446 et
1386 3381 1509 3467 populi,

458 3488 492 3549 et
514 3482 550 3546 in
573 3481 683 3548 osculo
710 3482 807 3567 pacis.
854 3480 940 3547 Cum
963 3487 1076 3547 autern
1089 3482 1251 3548 'monaehi
1274 3484 1346 3549 vioe
1369 3505 1510 3549 eonven-

288 3611 408 3673 meamn-
457 3592 513 3652 tus
536 3584 735 3671 corporalem
758 3586 909 3670 peterent
932 3584 1176 3669 possessionem,
1195 3585 1267 3671 jam
1289 3591 1420 3652 mutata
1435 3608 1509 3652 oon·

288 3663 416 3774 'offleii
458 3688 584 3755 ditione
607 3708 706 3773 quam
729 3686 765 3749 in
787 3685 889 3751 oeulis
912 3686 1167 3773 quingentorum
1190 3688 1258 3753 fere
1279 3686 1452 3753 hominurn
1475 3691 1512 3755 in

289 3764 438 3910 ffiffie
459 3790 569 3857 osculo
591 3791 681 3877 pacis
703 3789 833 3865 fecerat,
856 3788 944 3853 dixit
974 3811 1008 3854 se
1038 3811 1106 3855 non
1128 3792 1261 3857 nomine
1283 3792 1512 3858 universitatis

289 3914 406 4010 gmon,
430 3886 439 3897 ⁸
460 3895 553 3961 illam
575 3893 690 3960 fecisse
714 3891 969 3970 restitutionem,
993 3892 1051 3957 sed
1074 3897 1208 3958 tantum
1232 3895 1368 3974 duobus,
1392 3897 1511 3981 quibus

291 4015 440 4076 noanneane
460 3998 496 4062 in
518 3997 660 4062 instanti
681 3994 805 4081 absque
827 3994 1027 4060 eonscientia
1049 4003 1230 4062 conventus
1253 3997 1389 4062 tertium
1412 4020 1513 4085 appo·

291 4069 431 4178 diffidi?
460 4099 536 4176 suit
561 4119 658 4184 quem
686 4102 720 4162 et
750 4095 941 4161 oelerarium
971 4097 1165 4175 nominavit,
1189 4103 1229 4162 ut
1249 4098 1286 4162 hi
1308 4105 1376 4165 tres
1398 4122 1512 4167 seeun-

290 4171 374 4214 mate
402 4266 404 4270 ,
461 4203 541 4267 dum
579 4201 718 4266 formam
756 4199 797 4265 de
835 4198 987 4264 Alenzun
1023 4219 1136 4264 omnes
1181 4200 1325 4279 eeclesiae
1362 4209 1514 4290 regerent

460 4302 685 4390 possesiones.
730 4300 953 4366 Denuntiavit
975 4300 1076 4365 etiam
1099 4302 1304 4388 suppriorem
1326 4325 1513 4370 exeommu-

461 4406 617 4482 meatum,
640 4424 700 4469 neo
730 4403 801 4488 pati
831 4402 943 4488 potuit
965 4408 1005 4466 ut
1026 4402 1194 4487 praedictae
1216 4405 1390 4472 interesset
1419 4408 1512 4472 resti-

460 4508 592 4573 tutioni.
638 4506 763 4570 Videns
793 4508 904 4570 autem
934 4510 1117 4569 conventus
1141 4506 1214 4591 jam
1237 4509 1347 4573 omnia
1370 4529 1514 4574 eommu-

462 4615 535 4674 tata
567 4609 676 4685 fuisse,
699 4629 758 4694 per
789 4605 942 4671 abbatem
976 4605 1090 4671 Sancti
1121 4608 1303 4695 Augustini
1326 4610 1513 4697 Rogerium,

730 4850 738 4883 ¹
751 4851 789 4900 Ar
801 4851 872 4915 ipre.
890 4886 897 4901 .
915 4850 1087 4917 mundaum]
1103 4867 1153 4902 ona
1167 4852 1200 4902 A.
1213 4854 1245 4905 B.
