3588 5740
685 929 799 979 oreas
821 929 1013 978 srsronms
1317 912 1383 984 557

328 1138 466 1203 mgnum
503 1124 647 1203 agerent,
679 1138 740 1182 neo
776 1115 1068 1202 perquisitionibus
1105 1116 1171 1182 illis
1205 1122 1379 1183 uterentur
1415 1131 1539 1229 ⁸5⁰⁴&

330 1241 405 1305 quae
439 1225 552 1285 contra
585 1218 782 1304 dignitatem
812 1217 898 1303 regis
920 1223 955 1282 et
976 1218 1069 1304 regni
1092 1217 1292 1285 videbantur
1325 1220 1384 1286 ad·
1440 1195 1486 1228 ω

331 1320 439 1406 eptae.¹
469 1320 567 1387 ‘Haec
595 1327 630 1386 et
659 1320 726 1385 alia
755 1318 835 1383 viva
856 1340 936 1385 voce
966 1321 1145 1385 conventui
1174 1322 1387 1407 nuntiabant,

331 1420 524 1507 litterasque
538 1422 625 1508 regis
646 1426 870 1508 porrexerunt,
886 1442 1025 1507 quarum
1048 1422 1125 1487 talis
1147 1429 1198 1488 est
1220 1423 1387 1489 format-

370 1537 390 1561 “
409 1534 571 1591 Ricortlus2
595 1536 652 1591 Dei
675 1536 772 1607 gretia
800 1552 852 1590 rex
880 1536 1010 1608 Angliae,
1041 1535 1100 1590 dux
1130 1536 1322 1593 Normannim
1353 1543 1384 1595 et
1398 1544 1510 1606 leuem

336 1619 353 1647 ‘⁶
373 1618 569 1690 Aquitanas,
600 1637 698 1675 comes
726 1619 915 1690 Andegaviae,
943 1619 1034 1690 priori
1063 1627 1094 1676 et
1123 1622 1281 1678 conventui
1308 1621 1383 1678 Oan-
1397 1596 1556 1697 {ffiffifflo

334 1704 354 1730 ⁸‘
373 1702 529 1758 tuerisusis
547 1702 678 1758 ecclesia
697 1702 848 1759 salutem·
867 1701 935 1758 Non
959 1703 1030 1760 setis
1055 1702 1194 1759 admirari
1220 1722 1384 1777 possumus,
1397 1697 1530 1790 ffindwlffi

335 1785 463 1839 “immo
487 1787 567 1842 ultra
592 1804 679 1858 quam
706 1785 786 1841 credi
811 1792 907 1857 potest
931 1803 1083 1842 movemur
1109 1793 1139 1842 et
1163 1789 1330 1849 turbamur.
1349 1758 1546 1892 desnffibri·

334 1871 353 1896 ‘⁴
373 1869 420 1923 his
451 1887 516 1940 ques
545 1888 638 1943 nuper
667 1870 844 1934 audivimus,
877 1871 967 1925 immo
1000 1872 1201 1942 cognovimus,
1240 1873 1381 1944 quosdam
1398 1848 1438 1899 ¹¹¹⁸
1494 1859 1546 1942 ¹³2?

336 1955 354 1980 ‘⁶
373 1954 486 2010 scilicet
514 1952 550 2009 de
577 1954 726 2009 monachis
755 1953 861 2009 vestris
890 1972 984 2026 nuper
1013 1954 1051 2009 ad
1080 1956 1193 2010 curiam
1223 1954 1384 2011 Romanam
1398 1947 1512 2053 mg·

335 2040 352 2064 '⁶
374 2036 554 2101 accedentes,
574 2036 663 2092 tacita
680 2036 813 2102 veritate,
826 2054 880 2108 per
897 2038 965 2093 falsi
990 2038 1078 2092 etiam
1098 2039 1329 2111 suggestionem,
1349 2039 1386 2095 ad

335 2124 353 2149 ⁴⁸
374 2120 558 2177 evertendam
585 2120 736 2176 ecclesiam
761 2118 798 2175 de
822 2119 949 2176 Lemnos
976 2121 1091 2177 litteras
1118 2139 1136 2176 a
1165 2121 1284 2178 domino
1311 2142 1387 2196 papa

334 2207 353 2233 ‘⁸
373 2204 588 2277 archiepiscopo
606 2204 807 2260 Osntuariensi
831 2203 956 2260 directas
980 2206 1181 2262 fraudulenter
1207 2207 1386 2279 impetrasse.

335 2292 354 2318 “
374 2288 449 2345 (lum
466 2288 545 2344 euim
564 2306 581 2343 a
598 2289 700 2343 multis
724 2288 874 2344 retroactis
899 2288 1078 2361 temporibus
1105 2289 1136 2343 in
1161 2307 1252 2361 regno
1270 2290 1388 2364 Angliae

334 2373 354 2399 “
373 2372 505 2443 vigorem
532 2371 608 2443 legis
634 2369 811 2427 obtinuerit³
837 2371 900 2426 haeo
925 2371 1112 2436 consuetudo,
1131 2372 1182 2427 ut⁴
1208 2373 1295 2429 liceat
1311 2375 1387 2446 regi·

334 2458 354 2484 “
373 2456 436 2522 bus,
451 2456 604 2527 episcopis,
618 2455 775 2510 baronibus
791 2455 824 2509 in
836 2454 926 2510 fundo
938 2471 990 2511 suo
1003 2456 1154 2511 ecclesiam
1167 2459 1387 2514 conventualem

334 2542 354 2568 ‘⁴
374 2545 551 2604 construere,
581 2538 690 2605 dotare,
718 2543 749 2594 et
773 2537 875 2605 ditare,
904 2556 962 2594 non
988 2539 1049 2594 sine
1076 2556 1151 2594 ausu
1177 2541 1330 2598 temerario
1357 2546 1387 2597 et

335 2626 354 2653 “
372 2623 599 2696 praesumptione
628 2622 772 2678 infrunita
801 2621 839 2678 ad
869 2623 1088 2678 subversionem
1122 2623 1211 2695 hujus
1244 2625 1323 2696 juris
1358 2635 1388 2682 et

336 2710 355 2737 ‘⁸
375 2707 528 2777 dignitatis
551 2706 635 2779 regni
661 2707 753 2762 nostri
779 2706 854 2762 citra
880 2707 1118 2762 conniventiem⁸
1136 2714 1266 2764 nostram
1284 2726 1387 2781 prope·

336 2793 355 2819 ‘¹
374 2792 479 2854 rastis;
499 2809 566 2847 cum
592 2791 670 2846 enim
689 2790 725 2845 de
750 2791 935 2863 beneplacito
952 2797 1051 2846 vestro
1076 2792 1198 2848 ecclesia
1216 2811 1281 2865 quse
1308 2793 1388 2865 apud

335 2878 355 2905 ‘⁴
375 2875 583 2930 Hekintonism
615 2875 696 2945 prins
727 2875 824 2929 luerat
854 2879 1031 2940 constructa,
1062 2875 1273 2932 arbitrantibus
1291 2877 1386 2945 nobis,

336 2962 354 2988 “
373 2976 432 3014 una
454 2976 522 3015 cum
541 2959 685 3031 episcopis
715 2964 745 3013 et
771 2959 927 3015 baronibus
955 2959 1050 3031 regni,
1076 2977 1169 3032 usque
1197 2961 1234 3016 ad
1259 2961 1389 3019 Lambse

336 3048 354 3073 “
375 3046 472 3101 luerat
488 3046 637 3109 translata,
650 3044 841 3100 munimentis
858 3045 967 3100 nostris
981 3052 1011 3101 et
1029 3045 1231 3118 episcoporum
1249 3047 1300 3119 qui
1318 3054 1388 3104 tunc

335 3131 354 3156 ‘⁴
373 3129 417 3184 ibi
433 3127 555 3184 aderent
571 3127 774 3201 plurimorum,
787 3127 988 3183 Romanorum
1014 3128 1188 3200 pontificum
1206 3130 1388 3186 auctoritati·

335 3213 355 3240 “
373 3212 428 3267 bus
446 3211 630 3283 postmodum
647 3210 783 3267 roborate
799 3216 830 3266 et
848 3210 1027 3267 confirmata.
1063 3212 1107 3267 De
1124 3212 1180 3268 hoo
1197 3220 1294 3268 autern
1312 3213 1389 3270 inter

336 3299 354 3324 ‘⁴
374 3301 480 3352 catera
496 3296 657 3367 plurimum
675 3295 815 3360 dolemus,
831 3294 910 3367 quod
927 3295 1015 3367 hujus
1026 3297 1264 3368 praesumptionis
1281 3302 1388 3353 vestras

336 3381 354 3408 ‘¹
374 3387 515 3444 nostrum,
535 3387 568 3436 ut
585 3379 760 3445 audivimus,
776 3379 896 3450 jactatis
913 3379 987 3434 voe⁶
1004 3379 1111 3435 habere
1129 3397 1312 3436 consensum.
1349 3382 1389 3437 Et

337 3465 356 3489 ‘⁴
375 3464 511 3536 quoniam
530 3482 564 3519 ea
581 3481 646 3535 quse
664 3465 696 3518 in
707 3461 911 3534 praejudicium
930 3480 1041 3519 coronas
1060 3469 1168 3519 nostres
1185 3469 1216 3519 et
1233 3464 1388 3535 dignitatis

335 3550 355 3576 ‘⁴
374 3547 458 3618 regni
475 3548 568 3603 nostri
585 3555 695 3602 temere
713 3551 887 3617 attemptata
904 3551 975 3601 sunt
991 3546 1156 3616 procedere,
1170 3547 1219 3602 vel
1236 3547 1387 3619 impunita
1399 3551 1438 3597 110
1445 3553 1524 3598 orem

336 3634 353 3658 ¹‘
373 3631 540 3701 relinquere
557 3629 722 3685 nullatenus
739 3630 874 3684 volumus
890 3629 940 3685 vel
958 3629 1099 3695 velemus,
1113 3629 1285 3686 mandemus
1302 3632 1386 3688 vobis
1397 3603 1537 3698 iffi&

336 3716 355 3742 ‘¹
375 3715 497 3770 firmiter
525 3719 556 3770 et
590 3713 779 3785 precipimus
815 3712 964 3784 quatinus,
995 3712 1072 3767 sicut
1101 3730 1155 3768 nos
1185 3718 1216 3768 et
1244 3713 1385 3770 honorem
1396 3702 1557 3800 {ffi‘fflg

336 3800 354 3825 “
374 3804 505 3854 nostrum
522 3797 658 3868 diligitis,
677 3795 873 3869 possessiones
898 3801 928 3850 et
952 3795 1101 3851 libertates
1125 3797 1253 3852 ecclesiae
1278 3804 1384 3854 vestris
1395 3806 1506 3848 baeton

336 3887 355 3913 “
374 3883 483 3938 illesas
500 3886 530 3937 et
547 3879 725 3936 inmutilatas
743 3897 796 3949 per
820 3896 873 3934 nos
898 3880 1064 3934 conservari
1089 3880 1209 3946 curetis,
1228 3880 1260 3935 in
1287 3898 1384 3953 proee-
1395 3854 1515 3952 m

335 3972 355 3997 “
375 3968 491 4023 cutione
517 3965 605 4038 hujus
630 3964 791 4020 temerariae
816 3963 1052 4035 praesumptionis
1080 3964 1198 4018 omnino
1225 3964 1383 4032 desistetis,

336 4053 355 4078 ‘⁸
373 4050 516 4120 rescripto
546 4048 705 4119 apostolico
735 4046 812 4118 quod
842 4046 938 4102 minus
968 4046 1050 4102 licite
1084 4047 1259 4115 obtinuistis,
1294 4048 1386 4106 donec

337 4139 356 4165 “
375 4134 530 4190 veritatem
560 4133 605 4187 rei
633 4137 724 4204 gestae
755 4138 785 4186 et
814 4130 946 4186 ordinem
983 4131 1142 4187 assertione
1174 4142 1275 4188 nostra
1306 4134 1388 4189 curia

337 4221 356 4246 ⁴‘
376 4218 509 4275 Romana
524 4216 639 4290 plenius
658 4215 818 4287 agnoverit,
837 4213 954 4288 penitus
982 4214 1212 4286 supersedentes.
1249 4215 1298 4272 Ad
1324 4217 1393 4307 haec*

368 4474 501 4542 rudem]
515 4474 667 4539 “10thss
679 4473 710 4523 B.
723 4471 755 4523 (ξ.
884 4446 960 4497 effect
981 4446 1033 4497 and
1055 4447 1084 4497 of
1103 4448 1147 4499 the
1164 4463 1234 4500 same
1252 4451 1319 4511 date,
1336 4451 1387 4504 No.

368 4582 380 4616 ²
391 4580 535 4647 Ricardu]
561 4579 625 4631 'l'nis
635 4579 710 4629 letter
721 4578 783 4628 does
794 4584 839 4628 not
883 4525 1088 4672 wiffam]
1102 4604 1220 4668 obtinuit,
1231 4607 1261 4658 Β,

334 4678 412 4714 occur
422 4676 515 4727 among
526 4660 570 4710 the
591 4657 713 4723 Epistola
726 4657 838 4709 cantua-
917 4684 927 4716 ⁴
940 4683 980 4750 1α]
996 4693 1030 4745 α,
1041 4686 1076 4735 Δ.
1089 4686 1121 4736 Β.

334 4741 441 4801 rieures,
460 4738 546 4791 which
573 4737 688 4797 conteis,
712 4736 839 4796 however,
916 4762 927 4796 ς
938 4765 1131 4832 mmm]
1146 4765 1233 4817 Bm
1243 4766 1271 4818 in
1285 4769 1316 4819 B·

335 4816 838 4884 onetotbesullragsustotbeseme
917 4841 1160 4912 ,mmmm
