3572 5744
370 889 435 954 106
572 904 737 953 suavssn
759 905 922 956 mousom
945 905 1221 958 esurumuusrs

208 1077 342 1174 fflffi,
369 1094 404 1156 et
426 1090 602 1177 praedictus
625 1090 754 1178 legatus
773 1087 913 1177 singulis
935 1092 1083 1178 personis
1108 1091 1240 1178 anglia
1263 1092 1432 1160 citatorias

197 1178 355 1274 fflffiffilffld
369 1192 512 1258 misisset
555 1192 693 1270 litteras,
731 1192 772 1257 de
810 1193 961 1279 eligendo
1000 1191 1233 1259 Cantueriensi
1271 1193 1431 1280 archiepi-

369 1315 475 1381 scope,
497 1293 584 1360 hanc
606 1293 760 1361 Jeremiee
783 1294 884 1380 priori
912 1300 947 1360 et
961 1296 1158 1361 'conventui
1182 1294 1431 1361 cantuariensis

371 1395 522 1474 ecclesiae,
545 1395 631 1462 clero
654 1416 785 1481 quoque
809 1401 844 1460 et
865 1396 988 1481 populo
1011 1395 1184 1482 epistolam
1207 1396 1349 1477 direxit3

199 1497 341 1592 2⁰¹0&ss
406 1507 592 1564 “Albericus
611 1508 667 1564 Dei
686 1509 784 1580 gratia
801 1507 969 1565 Hostiensis
987 1508 1149 1582 episcopus,
1170 1510 1337 1582 apostolica
1355 1509 1432 1566 sedis

198 1558 307 1659 ioli?
373 1594 393 1620 “
410 1592 536 1663 legatus,
546 1591 663 1647 dilectis
672 1591 704 1646 in
717 1589 834 1648 Christo
842 1590 985 1647 fratribus
997 1590 1018 1646 J
1018 1593 1135 1648 eremite
1142 1593 1351 1665 prioritatique
1364 1610 1432 1650 con·

199 1648 310 1743 {luviffla
373 1678 392 1702 “
411 1674 525 1740 ventui,
544 1673 692 1731 Helevviso
711 1673 925 1741 archidiacono,
945 1675 1032 1740 clero,
1051 1675 1213 1741 nobilibus,
1229 1677 1338 1747 populo
1357 1675 1433 1733 Gan·

200 1748 335 1843 mn
372 1761 391 1787 “
411 1758 515 1814 tuarioe
527 1758 654 1814 salutem
666 1762 697 1813 et
708 1755 950 1813 benedictionem.
983 1756 1159 1829 susceptum
1173 1759 1340 1831 apostolicae
1349 1759 1430 1831 lega-

202 1849 296 1901 canday
304 1847 330 1891 ¹11
372 1843 391 1870 ‘⁶
411 1841 499 1898 tionis
511 1841 638 1898 officium
650 1858 703 1898 nos
715 1840 902 1911 constringit,
917 1845 948 1897 et
957 1857 1007 1897 cor
1018 1845 1148 1897 nostrum
1160 1842 1282 1898 instanti
1289 1841 1432 1898 sollicitu-

201 1899 300 1999 fflfffi'
372 1927 391 1953 ‘⁴
410 1925 490 1980 dinis
508 1925 617 2061 pnlsalta
624 1923 736 1989 aculeo,
754 1927 790 1978 ut
799 1923 1106 2061 (pcolesiisdregimine
1125 1923 1273 1981 destitutis
1293 1924 1431 1981 idoneum

371 2010 391 2037 Η
513 2007 519 2020 ⁸
634 2006 640 2019 '
790 2005 796 2018 ⁸

369 2094 388 2120 «
409 2010 873 2146 tuirstatt&
889 2006 1430 2161 {ttdslitttltdlzt

372 2176 390 2201 “
410 2173 518 2245 quippe
528 2188 593 2244 quse
603 2170 772 2227 etdiadema
780 2170 866 2242 regui
875 2171 974 2238 habet,
984 2177 1015 2228 et
1023 2172 1157 2230 omnibus
1164 2171 1296 2229 ecelesiis
1303 2172 1441 2244 Angliae„

371 2259 391 2283 ‘⁴
411 2256 545 2312 ordinata
553 2259 681 2328 pastore,
689 2254 790 2310 futura
802 2260 847 2311 est
859 2255 1026 2328 exemplum
1035 2256 1129 2312 ruinae
1138 2257 1186 2312 vel
1199 2254 1431 2313 resurrectionis.

372 2341 391 2368 “
411 2339 537 2395 Proinde
558 2337 675 2394 caritati
692 2341 797 2394 vestrae
818 2336 866 2394 his
885 2338 1017 2410 apicibus
1028 2340 1137 2395 nostris
1148 2338 1432 2412 insinuamus,‘quod

372 2424 392 2451 “
410 2422 560 2494 episcopos
578 2425 609 2499 et
626 2420 746 2477 abbates
765 2438 867 2478 omnes
886 2427 1064 2495 caeterasque
1077 2421 1232 2494 religiosas
1244 2423 1333 2495 hujus
1346 2423 1432 2494 regni

372 2507 391 2533 ‘⁴
410 2522 559 2576 personas,
573 2503 734 2577 apostolica
750 2505 925 2561 auctoritate
945 2506 1168 2562 convocavimus
1192 2505 1231 2562 ad
1250 2507 1431 2580 colloquium

372 2592 391 2618 “
410 2588 488 2660 quod
508 2589 670 2645 Lundoniae
694 2587 803 2644 habere
823 2587 1020 2662 disposuimus
1040 2589 1118 2662 apud
1137 2589 1432 2647 westmonasterium

200 2677 236 2721 ror
244 2676 286 2737 tha,
294 2687 346 2719 ⁰011·
372 2676 390 2702 “
410 2674 566 2730 Dominica
582 2674 736 2730 Adventus
755 2672 875 2729 Domini
893 2690 952 2744 qua
969 2674 1136 2730 cantabitur
1155 2673 1307 2731 ‘Gaudete
1324 2674 1357 2730 in
1374 2674 1432 2731 Do·

201 2727 352 2830 iilssiitssf
373 2761 392 2786 “
414 2757 531 2823 ‘mina’
551 2756 689 2829 quatinus
712 2756 754 2812 ibi
779 2757 842 2813 Deo
866 2757 985 2813 volente
1005 2758 1198 2814 Exouiensem
1218 2758 1344 2833 electum
1364 2773 1431 2813 con·

202 2827 326 2922 fflssffib
373 2846 392 2872 “
412 2857 569 2906 secremus,
583 2845 614 2895 et
632 2838 669 2895 de
688 2839 872 2895 ordinatione
884 2839 1016 2896 ecclesia
1029 2840 1252 2903 cantuariensis,
1266 2841 1303 2895 de
1315 2838 1432 2895 catenis

203 2928 309 3021 *turotinp
374 2928 392 2953 “
413 2925 502 2980 etiarn
521 2921 728 2979 ecclesiasticis
747 2927 833 2993 atque
850 2922 1019 2994 apostolicis
1031 2923 1158 2993 negotiis
1171 2922 1269 2978 divino
1281 2926 1432 2993 praeeunte

200 2989 346 3080 &isichii
373 3012 392 3038 “
411 3007 520 3063 auxilio
543 3010 713 3062 tractemus.
749 3004 794 3059 Ee
817 3009 939 3076 propter
956 3003 1041 3060 vobis
1064 3004 1260 3076 precipimus,
1282 3009 1315 3060 ut
1335 3003 1433 3075 prima

372 3093 391 3120 “
410 3088 564 3145 Dominica
574 3086 728 3142 Adventus
739 3084 860 3139 Domini
871 3086 989 3141 litteras
1007 3086 1079 3143 istas
1097 3103 1195 3142 coram
1204 3087 1341 3143 universo
1353 3086 1432 3143 clero

374 3175 442 3228 “et
465 3170 574 3242 populo
598 3167 802 3225 cantuariensi
826 3169 933 3239 erponi
956 3168 1081 3234 faciatis,
1107 3175 1137 3224 et
1161 3170 1294 3226 invocata
1330 3168 1432 3227 Sancti

373 3257 392 3283 “
413 3253 540 3326 Spiritus
558 3252 663 3323 gratia
683 3249 900 3323 premissisque
924 3251 1113 3317 orationibus,
1137 3251 1249 3309 indicto
1269 3252 1382 3325 jejunio
1400 3257 1432 3308 et

331 3346 333 3350 “
373 3340 390 3366 “
408 3335 585 3401 elemosinis,
607 3334 699 3390 talem
721 3332 802 3389 vobis
821 3334 1040 3405 praeficiendam
1063 3334 1242 3407 provideatis
1266 3352 1430 3408 personam,

372 3423 391 3449 “
411 3419 459 3476 cui
471 3434 621 3475 sacrorum
641 3432 786 3473 canonum
805 3417 965 3475 auctoritas
985 3418 1016 3473 in
1035 3418 1119 3474 nullo
1130 3418 1227 3475 valeat
1238 3419 1368 3484 obviare,
1381 3419 1430 3474 cni

373 3507 392 3531 “
411 3502 501 3558 etiam
522 3499 781 3572 comprovinciales
802 3501 931 3574 episcopi
952 3502 1065 3573 pariter
1087 3502 1211 3559 debeant
1230 3503 1380 3570 assentire,
1402 3509 1432 3559 et

374 3588 394 3614 “
413 3585 462 3641 cui
479 3583 615 3641 domiuus
633 3588 734 3639 nomer
751 3600 804 3638 rex
821 3599 877 3640 nee
894 3584 987 3656 pomit
998 3601 1053 3641 nec
1066 3584 1172 3642 debeat
1184 3602 1334 3642 assensum
1346 3602 1431 3642 sunm

204 3676 324 3729 mersor
374 3670 393 3697 “
409 3669 489 3740 juste
513 3667 669 3740 denegare.
719 3666 863 3737 Quocirca
892 3667 1045 3724 dilectioni
1068 3674 1175 3723 vestrm
1193 3669 1375 3735 mandamus,
1400 3674 1431 3724 et

202 3728 342 3823 ff‘lfflh
376 3754 395 3781 ‘⁸
416 3751 574 3825 apostoliea
597 3749 771 3806 auctoritate
794 3749 990 3822 praecipimus,
1012 3754 1047 3805 ut
1070 3755 1117 3807 tot
1140 3756 1171 3807 et
1194 3752 1269 3807 tales
1292 3768 1432 3824 personas

204 3829 345 3923 murchqqs
376 3838 396 3863 “
415 3835 486 3891 illue
505 3832 707 3906 generalitatis
719 3832 784 3888 vice
802 3826 953 3888 vobiscdm
971 3832 1132 3900 adducatis,
1148 3852 1213 3907 quae
1225 3835 1356 3890 omnium
1367 3852 1430 3890 ves·

203 3890 329 3975 mllio.
374 3922 392 3947 ‘¹
411 3925 491 3974 trum
501 3934 572 3973 voce
584 3916 751 3988 loquantur,
765 3920 796 3971 et
808 3921 979 3971 cunctorum
997 3915 1029 3970 in
1046 3933 1077 3971 se
1093 3917 1252 3988 praeferant
1270 3934 1429 3973 assensum.

376 4003 395 4029 ‘¹
416 4000 497 4058 Oerti
509 4005 607 4056 autern
621 4004 715 4057 estote
733 3998 802 4070 quia
815 4000 904 4070 justae
922 3998 1113 4071 postulationi
1128 4004 1234 4056 vestrm
1246 4000 1431 4072 inquantum

377 4088 394 4113 “
414 4084 577 4157 poterimus
596 4081 755 4139 secuudum
768 4080 863 4136 Deum
882 4080 1003 4136 oonsilio
1015 4085 1046 4136 et
1069 4081 1178 4159 auxilio
1202 4099 1262 4139 non
1275 4081 1429 4138 deerimus.

376 4170 395 4196 “
414 4166 605 4238 Pracipimus
628 4166 716 4221 etiam
737 4168 772 4219 ut
790 4163 966 4235 quinta’aut
985 4170 1066 4221 sexta
1083 4164 1156 4221 feria
1171 4170 1239 4222 ante
1259 4165 1432 4239 misdictum
1527 4200 1530 4205 -

376 4252 395 4279 “
415 4250 576 4306 terminum
597 4246 781 4303 Lundoniam
800 4245 933 4312 veniatis,
947 4248 1085 4318 quatinus
1100 4247 1137 4305 de
1148 4249 1204 4306 hoc
1223 4249 1302 4305 etde
1318 4248 1433 4306 euteria

376 4333 544 4405 “negotiis
567 4330 784 4403 aliquantulum
806 4329 955 4387 vobiscum
979 4329 1143 4389 deliberare
1166 4333 1323 4401 valeamus.
1372 4330 1431 4388 Va·

376 4420 395 4446 ίί
414 4416 493 4473 lete)
506 4416 523 4442 n

412 4660 542 4726 ¹Va1m]
555 4659 614 4712 MS.
623 4642 723 4711 Gadda
734 4663 749 4687 ¹⁴
759 4658 821 4709 Idus
832 4660 884 4710 De·
929 4658 973 4708 the
1001 4657 1142 4725 beginning
1170 4661 1201 4710 os
1224 4661 1267 4712 the
1298 4661 1433 4729 following

376 4745 391 4769 “
410 4738 544 4798 cambris,”
555 4753 584 4789 ss
595 4738 683 4790 isthat
693 4752 759 4789 vere
770 4737 814 4788 the
825 4738 883 4788 date
930 4740 1081 4805 paragraph.

377 4818 406 4869 of
425 4820 470 4871 the
486 4819 572 4869 luter:
593 4817 615 4868 it
635 4817 665 4877 is,
685 4817 811 4878 however,
823 4817 884 4882 only
