3646 5720
406 840 472 907 230
606 850 771 903 oravlsrr
794 848 956 899 uouscnr
978 846 1254 899 esusuauausrs

255 1065 377 1110 annun
407 1063 481 1107 mus
503 1037 632 1116 cotidie,
649 1037 756 1122 “quia
777 1033 943 1102 mirabilia
956 1034 1103 1101 vidimus
1120 1033 1246 1102 hodie.''
1284 1033 1326 1099 In
1344 1032 1577 1142 primisspuke.

238 1128 378 1224 fiffissf„
407 1150 520 1211 temen
553 1142 670 1208 beatus
703 1145 841 1226 martyr,
874 1139 967 1225 quasi
1002 1139 1154 1224 quaedam
1185 1138 1346 1225 praeludia
1376 1110 1493 1223 praef

237 1241 331 1284 *Μ’
409 1247 554 1322 mittens,
577 1242 723 1308 minimis
745 1241 944 1327 quibusdam
966 1241 1069 1326 coepit
1091 1261 1258 1307 coruscare
1285 1237 1460 1304 miraculis.

408 1347 537 1413 Deinde
560 1344 722 1432 paulatim
736 1344 780 1410 ad
802 1343 928 1430 majora
950 1348 985 1409 ct
1000 1342 1146 1409 maxima
1169 1342 1369 1429 pertingens,
1392 1361 1460 1406 om-

408 1449 467 1515 nia
480 1450 518 1514 in
537 1447 631 1514 brevi
646 1445 836 1533 evangelica
853 1443 1011 1511 miracula
1030 1444 1216 1531 complevit.
1251 1443 1340 1509 Nam
1355 1443 1462 1529 primo
1549 1474 1553 1481 ·

409 1550 452 1617 od
475 1549 546 1636 ejus
568 1548 727 1623 tumbam,
750 1547 869 1612 deinde
895 1567 955 1632 per
979 1550 1085 1611 totum
1115 1545 1291 1624 ecclesiam,
1317 1551 1351 1611 et
1373 1552 1463 1632 post·

411 1652 546 1719 modum
577 1671 637 1737 per
658 1653 765 1715 totam
789 1647 946 1735 Angliam
969 1647 1013 1713 ad
1043 1648 1286 1714 invocationem
1319 1648 1464 1713 nominis

411 1753 483 1839 ejus
498 1752 647 1839 qualibet
672 1751 866 1816 infirmitate
891 1750 1022 1836 gravati
1037 1749 1285 1816 convaluerunt.
1322 1750 1467 1831 Quibus-

412 1855 489 1921 dam
511 1855 613 1919 etiam
635 1852 836 1940 genitalibus
865 1851 1000 1917 abscisis
1034 1856 1069 1916 et
1090 1851 1194 1918 oculis
1224 1851 1358 1929 effossis,
1381 1873 1469 1916 nova

413 1956 561 2022 membra
593 1955 750 2032 restituit,
772 1953 911 2039 aliisque
941 1958 1046 2019 morte
1073 1953 1144 2038 jam
1178 1953 1328 2039 deposita
1362 1954 1468 2018 vitam

414 2057 596 2124 redonavit.
644 2056 772 2121 Extant
798 2055 834 2119 in
864 2054 1000 2122 ecclesia
1023 2052 1150 2121 Christi
1181 2052 1373 2121 Oantuariae
1403 2054 1469 2120 duo

415 2159 586 2225 volumina
622 2157 855 2223 miraculorum
892 2156 971 2243 ejus,
995 2178 1069 2242 quas
1092 2162 1132 2223 ut
1164 2156 1243 2225 huic
1277 2157 1470 2245 compendio

416 2262 591 2325 insererem
621 2279 688 2325 non
718 2263 769 2324 est
794 2279 934 2325 necesse.
981 2258 1153 2339 Quomodo
1179 2264 1299 2336 autem,
1322 2258 1377 2324 vel
1404 2279 1470 2344 qus

417 2361 583 2427 occasione
606 2360 740 2446 sangaris
766 2360 846 2425 novi
876 2358 1033 2445 martyris
1057 2380 1152 2445 aquae
1182 2359 1309 2425 mixtus
1339 2359 1383 2425 ad
1411 2381 1470 2446 po·

419 2466 559 2532 tandum
582 2469 617 2581 et
637 2463 838 2579 portandum
858 2463 913 2550 pic
934 2463 1126 2549 petentibus
1149 2463 1247 2529 datus
1269 2463 1406 2541 sitnon
1427 2463 1471 2529 ab

251 2692 359 2787 p
573 2564 1065 2650 lm

285 2754 302 2785 ¹²
319 2751 357 2784 Μ’
419 2768 696 2858 prothomartyris
715 2765 892 2832 obmutuit.
938 2765 1029 2833 Huic
1054 2766 1091 2831 in
1113 2766 1240 2832 visione
1263 2766 1389 2833 dictum
1413 2772 1472 2844 est,

420 2877 460 2937 ut
475 2870 665 2937 Cantuariae
683 2889 809 2934 norum
827 2873 1008 2953 martyrem
1026 2867 1141 2945 adiret
1157 2868 1352 2954 sanguinem
1368 2869 1473 2955 ipsius

420 2978 550 3060 potaret
581 2977 621 3036 ut
647 2970 695 3036 sic
724 2969 973 3036 convalesceret.
1020 2969 1097 3047 Ivit,
1125 2969 1341 3037 Oantuariam
1370 2972 1474 3049 venit,

422 3074 616 3161 sanguinem
647 3071 770 3158 petivit
801 3075 836 3135 et
867 3071 1022 3149 obtinuit
1047 3071 1199 3157 gristavit
1229 3077 1265 3138 et
1295 3073 1473 3139 convaluit.

422 3174 644 3260 Divulgatum
674 3177 725 3237 est
754 3171 830 3237 ilico
860 3172 1000 3236 verbum
1028 3170 1091 3239 hoc
1119 3172 1156 3236 in
1186 3173 1316 3259 populo,
1343 3180 1378 3239 et
1402 3174 1474 3260 jam

423 3275 613 3364 petentibus
636 3273 788 3361 plurimis
811 3294 905 3359 aquae
927 3273 1075 3360 limpidae
1097 3274 1224 3339 mixtus
1247 3280 1282 3340 et
1303 3276 1351 3341 sic
1372 3297 1475 3363 segre-

425 3377 575 3444 tantibus
597 3376 641 3442 ad
663 3374 846 3462 potandum
868 3382 1037 3460 porrectus
1064 3380 1121 3453 est,
1142 3397 1185 3441 ne
1207 3376 1363 3443 videlicet
1386 3399 1476 3444 sacer

255 3484 413 3579 &remiis
425 3479 559 3566 sanguis
580 3477 678 3543 citius
694 3476 927 3553 effunderetur,
942 3476 997 3542 vel
1018 3477 1165 3563 indignis
1183 3477 1318 3544 daretur
1332 3479 1475 3544 uberius.

254 3584 380 3682 Qud
425 3583 499 3648 Hae
528 3581 569 3646 de
601 3600 699 3646 causa
721 3599 808 3664 aqua
837 3577 944 3644 sancti
968 3578 1125 3664 martyris
1150 3580 1310 3665 sanguine
1333 3581 1478 3647 sanctifi·

424 3688 507 3760 cata,
534 3683 570 3747 in
593 3681 785 3746 universum
814 3680 977 3745 mundum
999 3679 1117 3758 delata,
1140 3681 1378 3767 aegrotantibus
1404 3704 1478 3769 por-

424 3791 515 3851 recta
536 3789 572 3849 et
593 3781 732 3848 mortuis
756 3781 954 3867 quibusdam
976 3781 1093 3860 infusa,
1116 3803 1176 3868 per
1202 3782 1316 3849 Sancti
1343 3783 1478 3852 Thomre

425 3886 545 3952 merita
581 3883 820 3970 aegrotantibus
857 3882 1035 3948 sanitatem
1072 3888 1108 3949 et
1144 3883 1308 3970 plerisque
1338 3886 1478 3952 mortuis

426 3990 532 4055 vitam
554 3985 711 4052 restituit.

257 4113 393 4208 smroepot
473 4091 561 4157 Haec
578 4089 619 4154 de
642 4087 732 4154 beati
754 4088 859 4152 nostri
885 4088 1042 4173 martyris
1068 4087 1202 4154 Thomas
1225 4090 1305 4167 vita,
1328 4092 1479 4177 passione

257 4168 338 4211 uem
365 4175 399 4208 ⁰²
428 4198 463 4260 et
482 4190 649 4259 miraculis
664 4189 754 4255 dicta
768 4187 941 4254 sufficiant
982 4187 1053 4254 Nec
1068 4189 1152 4253 mihi
1166 4198 1363 4268 succenseat,
1378 4193 1481 4259 lector

427 4297 522 4373 bone,
553 4299 613 4361 tua
642 4291 832 4379 benignitas
866 4290 955 4376 quod
984 4292 1106 4357 cronici
1136 4293 1284 4379 regulam
1314 4295 1481 4381 paulisper

429 4397 631 4474 excesserim,
654 4394 709 4460 vel
738 4393 827 4479 quod
856 4392 962 4458 multa
992 4392 1033 4458 de
1062 4399 1159 4460 tanto
1188 4395 1261 4461 viro
1291 4395 1481 4462 dimiserim.

430 4500 576 4567 Dimissa
612 4501 692 4563 sunt
729 4495 818 4561 enim
855 4494 999 4582 plurima
1035 4496 1191 4580 quoniam
1229 4496 1310 4562 alibi
1348 4498 1482 4564 uberius

430 4602 553 4688 scripte
575 4605 662 4677 sunt
686 4602 721 4665 et
744 4597 894 4663 neforto
919 4595 1043 4683 legenti
1065 4597 1238 4664 fastidium
1267 4605 1484 4686 generarent3

431 4702 584 4790 quamvis
614 4699 763 4770 fastidire
794 4720 862 4766 non
893 4698 1037 4766 debeant
1067 4721 1281 4787 quaecumque
1313 4703 1355 4771 de
1389 4708 1484 4772 tanto
