3666 5724
727 910 840 964 ornas
863 912 1052 964 nrsrouml.
1345 897 1410 968 357

357 1094 377 1119 “
396 1111 454 1151 non
470 1111 626 1168 possumne
642 1113 701 1153 non
717 1096 827 1162 dolere,
846 1097 874 1153 si
891 1095 964 1167 quid
981 1095 1065 1152 nobis
1084 1094 1121 1150 de
1139 1100 1198 1152 tum
1216 1096 1408 1152 fraternitatis
1439 1094 1557 1191 ffltll·

356 1178 375 1202 “
395 1177 509 1235 cotibus
532 1185 719 1250 proponatur,
738 1179 817 1251 quod
839 1180 980 1250 gravitati
1005 1185 1064 1235 ture
1082 1184 1113 1234 et
1130 1178 1290 1250 pontificali
1314 1178 1408 1235 officio
1422 1175 1554 1255 maarai

356 1264 375 1287 ‘⁶
396 1263 583 1320 contradicat.
621 1264 752 1335 Dignum
773 1262 920 1335 siquidem
944 1268 1039 1319 estet
1061 1280 1221 1319 consonum
1238 1264 1354 1329 rationi,
1375 1221 1581 1354 αὓξῶξξθζῗοῇ·

361 1347 380 1371 “
401 1346 479 1402 sicut
500 1352 540 1415 te,
566 1347 855 1419 specialevidelicet
878 1346 1044 1405 membrum
1071 1346 1215 1412 eeclesiae,
1241 1347 1356 1402 sincera
1378 1322 1536 1412 usuarios.

360 1430 379 1456 ‘⁶
399 1428 524 1485 Domino
542 1430 664 1487 caritate
676 1431 839 1502 diligimus,
859 1431 902 1487 ita
918 1430 955 1486 de
973 1431 1192 1486 conversatione
1211 1436 1263 1486 tua
1280 1436 1310 1485 et
1321 1430 1409 1484 mori·
1453 1457 1455 1461 ·

359 1515 376 1539 ‘⁶
395 1512 451 1569 bus
476 1513 633 1584 specialem
656 1514 884 1571 sollicitudinem
908 1514 1077 1578 habeamus,
1102 1514 1173 1584 quie
1195 1516 1327 1568 nostram
1353 1530 1411 1567 non

360 1600 378 1622 ‘⁸
398 1597 543 1653 modicam
567 1598 753 1655 crederemus
771 1598 931 1664 larionem,
951 1599 978 1653 ei
996 1596 1153 1653 laudabilis
1179 1596 1333 1668 religionis
1351 1602 1410 1651 ture

359 1684 378 1706 ‘⁶
397 1681 496 1752 opinio
514 1683 664 1739 occasione
681 1682 822 1754 qnalibet,
842 1681 921 1754 quod
938 1682 1082 1737 Dominus
1100 1686 1222 1746 avertet,
1242 1680 1407 1736 laederetur.

358 1766 378 1789 “
399 1762 474 1819 Sane
491 1765 612 1821 veniens
635 1765 674 1821 ad
696 1771 827 1822 nostram
851 1765 1037 1837 praeentiam
1062 1764 1188 1819 dilectus
1208 1763 1287 1818 filius
1311 1768 1410 1818 noster
1422 1774 1566 1820 enisurus

360 1850 378 1873 “
397 1847 478 1919 prior
497 1848 628 1904 ccclesiae
646 1855 706 1904 tuae
729 1867 797 1904 cum
815 1847 991 1919 quibusdam
1015 1866 1050 1903 ex
1075 1847 1216 1902 fratribus
1235 1847 1297 1902 suis
1327 1864 1408 1901 reve·
1421 1827 1574 1930 ffiffi,

359 1934 378 1956 “
397 1932 475 1987 renti
492 1933 576 1988 nobis
600 1933 794 1989 insinuatione
812 1932 995 1997 monstravit,
1022 1931 1100 2002 quod
1110 1937 1179 2003 post
1200 1930 1411 2002 promotionem

359 2017 377 2042 ‘¹
397 2020 488 2082 tuam,
507 2015 539 2070 in
558 2034 616 2087 qua
633 2019 680 2073 sui
698 2021 857 2073 conventus
881 2022 990 2072 statum
1013 2014 1202 2072 crediderunt
1219 2014 1256 2069 ad
1272 2016 1412 2070 honorem

359 2100 453 2156 “Dei
482 2101 657 2157 omnimodis
688 2101 946 2174 augmentandum,
978 2119 997 2155 a
1019 2106 1049 2155 te
1079 2100 1210 2155 enormia
1240 2101 1412 2170 gravamina

359 2186 378 2210 “
398 2184 457 2240 sint
481 2185 624 2257 perpessi,
644 2191 675 2240 et
700 2184 808 2241 cotidie
833 2184 998 2241 sustineant
1027 2183 1174 2255 graviora.
1214 2182 1271 2237 Pro
1302 2184 1409 2254 quibus

358 2269 377 2294 ‘⁴
396 2284 464 2323 cum
482 2268 637 2324 adsedem
660 2269 851 2340 apostolicam
869 2267 1076 2340 appellassent,
1095 2273 1130 2322 ut
1147 2267 1184 2321 ed
1207 2283 1336 2338 praesens
1355 2285 1409 2322 cm·
1423 2272 1543 2335 stemah-

357 2353 378 2377 “
396 2357 461 2406 tera
478 2362 671 2418 transeamus,
697 2352 850 2407 Dominica
873 2368 932 2422 qua
955 2355 1089 2406 cantatur
1107 2350 1220 2405 Laetare
1244 2350 1410 2406 Jerusalem
1422 2323 1581 2428 ffiffl‘ssho

358 2436 377 2462 ‘⁶
396 2436 556 2491 terminum
574 2436 770 2508 praefigentes,
790 2441 833 2502 tn,
853 2434 932 2506 quod
950 2434 1086 2489 mirabile
1105 2433 1236 2506 gerimus
1261 2439 1292 2488 et
1314 2434 1410 2505 indig-
1422 2425 1569 2528 ssfflffl·

358 2522 377 2547 “
397 2537 477 2585 num,
503 2520 561 2590 ipsi
584 2520 772 2591 appellationi
802 2537 861 2574 non
884 2518 1026 2583 deferens,
1051 2517 1083 2571 in
1108 2516 1294 2572 executioue¹
1318 2518 1539 2588 ipernsprtorsnu

356 2605 375 2632 “
394 2602 540 2676 quendam
559 2621 594 2659 ex
618 2603 758 2659 fratribus
781 2601 971 2676 suspendisti,
997 2602 1049 2673 qni
1072 2600 1162 2656 etiam
1187 2598 1243 2655 de²
1265 2573 1564 2683 praeceptofflssfflffid

358 2690 376 2715 ‘⁸
396 2692 448 2743 tuo
465 2687 662 2759 postmodum,
681 2688 758 2743 sicut
777 2687 896 2750 dicitur,
915 2685 951 2741 ab
970 2685 1034 2756 ipsa
1050 2684 1174 2740 ecclesia
1197 2689 1242 2738 est
1270 2688 1409 2740 remotus.
1423 2686 1562 2769 ffl'fflgh

357 2773 376 2798 ‘⁴
396 2771 467 2826 Post
484 2772 605 2827 eandem
622 2771 711 2827 etiam
729 2769 967 2843 appellationem,
986 2768 1056 2824 lieet
1067 2768 1147 2840 prior
1163 2773 1194 2823 et
1211 2767 1316 2822 iratres
1333 2785 1363 2823 se
1382 2773 1413 2822 et
1425 2774 1582 2827 olasapusn.

359 2858 378 2882 ‘¹
397 2872 451 2909 sua
473 2855 527 2910 snb
556 2855 716 2927 apostoliea
744 2854 925 2926 protectione
948 2852 1109 2925 posuerint,
1140 2851 1267 2923 priorem
1291 2850 1412 2907 nichilo·

359 2940 378 2964 “
397 2937 496 2993 minus
520 2937 708 3011 suspendisti,
727 2936 858 2993 obicione
876 2937 904 2992 ei
927 2936 1005 3008 quod
1023 2953 1115 2992 unum
1133 2953 1169 2991 ex
1196 2934 1335 2990 iratribus
1353 2933 1413 2990 suis

357 3023 376 3049 “
396 3020 434 3076 ad
450 3022 635 3093 praeentiam
654 3026 783 3077 nostram
802 3020 902 3077 venire
913 3020 1095 3092 permiserat,
1114 3023 1146 3074 et
1158 3017 1304 3090 quendam
1322 3018 1414 3073 alium

359 3106 378 3131 “
398 3104 449 3176 qui
472 3105 667 3176 appellaverat
697 3103 729 3158 in
752 3103 922 3161 ecclesiast
952 3103 1099 3160 consortio
1124 3103 1249 3158 fratrum
1274 3101 1412 3174 suscepit.

359 3191 378 3216 “
398 3188 559 3260 Postquam
589 3192 686 3244 autem
710 3189 748 3244 ob
771 3187 915 3261 praedicta
944 3188 1117 3260 gravamina
1140 3187 1196 3244 iter
1220 3186 1346 3258 arripuit
1377 3185 1414 3240 ad

358 3272 378 3297 ‘⁴
398 3271 495 3326 eedem
526 3270 714 3342 apostolicam
744 3270 893 3336 veniendi,
924 3270 956 3326 in
985 3271 1106 3327 basilion
1134 3288 1222 3342 quam
1252 3270 1285 3324 in
1313 3286 1415 3324 eorum

359 3356 379 3383 ‘⁸
398 3354 605 3426 gravissimum
641 3352 852 3409 detrimentum
887 3360 1056 3410 construere
1086 3354 1234 3427 proponis,
1272 3351 1414 3424 quosdam

360 3439 378 3464 ⁴⁴
399 3436 543 3493 seculares
561 3437 717 3492 canonicos
741 3436 956 3509 appellantibus
974 3442 1005 3491 et
1028 3436 1256 3492 reclamantibus
1274 3434 1415 3490 fratribus

360 3524 377 3549 ‘⁴
398 3520 505 3576 diceris
523 3520 671 3586 statuisse,
690 3520 790 3591 eisque
808 3519 940 3591 ipsorum
958 3519 1094 3575 ecelesias
1113 3518 1279 3591 assignasti,
1299 3523 1329 3572 et
1346 3518 1413 3572 uni·

359 3607 379 3632 “
395 3620 498 3660 versos
516 3604 567 3675 qni
585 3602 807 3676 appellaverant
823 3602 860 3657 ab
878 3601 980 3657 altaris
1004 3602 1097 3656 officio
1115 3600 1301 3672 suspendisti.
1340 3600 1416 3670 Quia

360 3691 378 3715 “
398 3705 478 3754 vero,
497 3688 569 3743 licet
586 3704 675 3759 snper
692 3685 903 3758 principalibus
927 3684 1137 3757 questionibus
1160 3685 1192 3740 in
1214 3683 1341 3739 termino
1365 3700 1414 3755 ap·

360 3772 378 3799 ¹⁸
398 3770 546 3844 pellationi
570 3770 689 3842 proeflxo
712 3774 779 3825 tuos
802 3769 984 3841 responsales
1007 3768 1126 3823 nuntios
1156 3772 1351 3838 expectemus,
1378 3784 1414 3822 ea

359 3859 379 3885 “
398 3861 497 3911 tamen
515 3872 581 3925 qum
592 3853 624 3908 in
636 3857 841 3924 contemptum
854 3851 934 3909 sedis
951 3851 1123 3923 apostolieae
1135 3850 1271 3907 dicuntur
1283 3855 1412 3921 peracta,

360 3941 379 3965 “
399 3943 657 4010 quantumcunque
674 3940 734 3990 tuas
752 3935 879 3993 velimus
897 3934 1074 3991 fraternitati
1098 3933 1224 4000 deferre,
1244 3933 1492 4004 relinquerem

360 4023 379 4050 “
397 4021 535 4077 nolumus
564 4019 737 4085 incorrecta,
769 4018 929 4091 apostoliea
957 4017 1012 4073 tibi
1036 4017 1211 4073 auctoritate
1240 4004 1548 4101 mandamusgofflsfaefflflffl

359 4108 379 4133 “
399 4111 485 4176 atque
503 4103 701 4178 precipimus,
722 4103 861 4175 quatinus
879 4100 1089 4174 praedictarum
1107 4098 1330 4171 suspensionum
1348 4117 1411 4155 sen·
1425 4108 1524 4152 suenn-

360 4190 379 4216 “
398 4188 505 4244 tentiae
523 4193 586 4244 tam
602 4187 635 4241 in
658 4186 786 4258 priorem
804 4202 893 4257 quam
910 4185 943 4239 in
960 4183 1032 4240 alios
1051 4182 1157 4238 iratres
1175 4182 1304 4253 ejusdem
1322 4180 1412 4237 eoele-
1424 4158 1562 4260 ”ffiffon

360 4274 381 4301 “
400 4272 461 4339 siae,
481 4276 549 4344 poet
572 4270 801 4343 appellationem
825 4268 863 4325 ad
891 4285 946 4324 nos
970 4266 1173 4340 interpositam
1202 4265 1410 4337 promulgatas,
1424 4256 1529 4353 ffifn·

361 4359 379 4384 “
399 4356 476 4411 inira
491 4373 518 4411 x.
538 4354 600 4411 dies
625 4360 692 4426 post
710 4352 925 4425 susceptionem
948 4351 1138 4424 praesentium
1162 4349 1279 4422 publice
1303 4348 1412 4404 denun-

359 4442 379 4468 ¹‘
398 4439 455 4496 ties
472 4455 531 4495 non
548 4444 656 4505 tenere,
676 4443 707 4494 et
724 4437 802 4510 quod
819 4443 886 4509 poet
902 4436 1029 4507 primam
1046 4434 1272 4508 appellationem
1290 4433 1323 4489 in
1337 4433 1413 4504 juris

359 4526 379 4554 “
396 4541 500 4582 corum
517 4521 725 4597 prejudicium
742 4521 934 4592 attemptanti,
954 4519 985 4577 in
1003 4525 1115 4577 statum
1142 4518 1302 4592 pristinum
1329 4518 1413 4573 redu·

357 4611 378 4637 “
398 4627 465 4667 cere
483 4625 544 4665 uon
561 4607 698 4672 omittam
723 4606 851 4663 sciturus
875 4604 954 4677 quod
977 4605 1003 4663 si
1030 4604 1108 4661 inira
1130 4603 1334 4677 prescriptum
1357 4608 1414 4659 ter-

396 4830 403 4864 ¹
414 4829 569 4897 esecuzione]
584 4828 766 4891 executionem,
777 4831 807 4882 C.
885 4829 890 4897 Ι
937 4828 1001 4897 ²de]
1016 4828 1052 4891 in,
1063 4829 1094 4881 B.
