3572 5744
407 897 449 961 46
607 910 769 961 ounvlsu
792 909 952 960 mousom
976 910 1250 964 caurulmrusm

244 1102 422 1201 wat&
445 1096 613 1162 rationem.
669 1096 772 1163 Initia
808 1097 968 1162 malorum
1008 1103 1042 1163 et
1078 1098 1226 1165 laborum
1264 1107 1343 1165 aunt
1379 1099 1458 1169 haec

257 1206 371 1302 meg·
405 1208 422 1234 “
446 1198 542 1278 Quod
572 1200 659 1265 enim
689 1206 769 1266 tunc
799 1200 922 1266 factum
952 1206 1011 1279 est,
1033 1204 1225 1269 necessitate
1251 1210 1395 1292 cogente,
1417 1205 1460 1269 ad

237 1329 354 1401 raama
404 1309 421 1334 “
444 1301 633 1381 utilitatem,
658 1302 729 1388 jam
760 1302 795 1366 in
825 1303 967 1390 angariis
997 1312 1168 1371 revocatur
1197 1305 1240 1371 ad
1270 1307 1459 1373 memoriam

237 1408 383 1504 minent?
405 1412 421 1439 “
445 1411 480 1469 et
501 1407 712 1491 pernitiosam
737 1407 1012 1492 consequentiam.
1057 1407 1196 1474 Utilitas
1226 1409 1324 1496 plane
1355 1410 1459 1475 detes·

405 1516 421 1541 “
445 1508 547 1573 tanda
569 1509 676 1591 estin
698 1530 763 1595 qua
785 1509 918 1574 libertas
940 1509 1081 1576 ecclesiae
1104 1510 1316 1596 periclitatur.
1356 1511 1459 1577 Theo-

405 1619 421 1644 “
445 1611 562 1676 baldus
592 1617 713 1689 autem,
739 1612 887 1676 omnium
917 1611 1079 1677 dominus·
1097 1619 1132 1678 et
1153 1621 1344 1700 procurator
1367 1615 1460 1681 effec-

405 1722 421 1747 “
444 1719 508 1790 tus,
531 1714 633 1800 coepit
651 1714 758 1800 primo
780 1714 922 1795 viriliter
943 1736 1048 1801 agere,
1068 1735 1106 1780 ao
1129 1715 1157 1779 si
1182 1717 1338 1782 continuo
1359 1717 1461 1782 vellet

405 1825 421 1851 “
444 1815 555 1881 omnia
577 1817 612 1881 in
636 1823 761 1882 statum
791 1817 967 1903 pristinum
997 1838 1156 1883 revocare.
1204 1817 1270 1883 Sed
1292 1820 1328 1883 in
1358 1819 1460 1896 brevi,

404 1920 512 1983 “suis
549 1919 723 1984 condolens
762 1920 921 2006 expensis,
959 1920 994 1983 in
1032 1919 1139 2005 primo
1181 1928 1279 2006 passu
1316 1922 1460 2007 positum

406 2022 586 2086 “retraxit
622 2022 761 2107 pedem;
798 2027 833 2087 et
862 2022 951 2107 quod
979 2022 1176 2108 perdiderat,
1207 2028 1246 2087 ut
1275 2023 1338 2088 sibi
1369 2023 1459 2088 vide-

405 2131 421 2156 “
445 2122 551 2200 batur,
574 2123 702 2188 studuit
728 2144 887 2188 revocare.
934 2122 1053 2209 Sicque
1075 2123 1200 2188 factum
1223 2129 1282 2201 est,
1305 2130 1344 2189 ut
1373 2125 1461 2210 quod

405 2231 560 2311 “sponte
591 2224 644 2290 vel
674 2226 801 2290 nescius
838 2226 950 2312 praedo
987 2226 1171 2311 reliquerat,
1201 2226 1461 2313 archiepiscopus

271 2358 301 2406 s¹
405 2326 498 2392 “vel
529 2327 600 2413 ejus
629 2326 771 2391 ministri
798 2326 925 2392 auferre
948 2348 1016 2391 non
1038 2325 1263 2392 formidarent.
1310 2327 1461 2393 Exterio-

253 2407 373 2489 ‘ababa
405 2430 535 2494 “ribus
569 2430 681 2515 itaque
714 2428 871 2516 spoliatis,
905 2430 940 2494 in
968 2429 1101 2495 miseros
1139 2429 1313 2496 monachos
1343 2431 1462 2496 ultima

278 2508 344 2541 ⁰⁰⁰⁹
405 2538 421 2566 “
445 2531 583 2597 desaevit
609 2531 757 2597 avaritia
804 2531 933 2619 Hospes
963 2532 1051 2596 enim
1082 2531 1148 2597 fere
1179 2533 1284 2597 omnis
1312 2533 1461 2597 exclusus

405 2643 421 2667 “
445 2640 515 2712 est;
537 2654 695 2720 pauperes
718 2632 855 2720 expulsi.
903 2632 1095 2699 Conventus
1117 2634 1186 2720 ipse
1210 2634 1267 2719 qui
1290 2633 1325 2698 iu
1348 2635 1460 2720 praeci-

405 2746 421 2771 “
444 2738 519 2824 puis
542 2737 779 2802 festivitatibus
802 2737 998 2802 lautioribus
1021 2736 1109 2802 refici
1140 2737 1291 2802 solebant
1324 2737 1461 2802 alimen-

445 2840 498 2915 tis,
516 2838 587 2923 jam
610 2858 695 2924 pane
718 2826 876 2924 grossiore
898 2838 997 2903 simul
1020 2845 1054 2904 et
1076 2838 1162 2903 olere
1184 2859 1277 2903 suam
1301 2844 1460 2924 tempera-

236 2962 247 2993 ε
329 2981 335 2992 ·
406 2950 422 2974 “
445 2941 528 3006 bant
542 2942 681 3006 esuriem
698 2942 798 3005 etiam
813 2941 1000 3006 combinati.
1046 2940 1170 3006 Videns
1185 2945 1297 3005 autem
1316 2940 1406 3027 prior
1427 2945 1462 3005 et

405 3041 596 3107 “monachi
620 3042 763 3109 ecclesiae
787 3041 1017 3108 Cantuariensi
1041 3042 1268 3109 detestabilem
1291 3042 1462 3108 imminere

405 3152 421 3176 “
445 3143 699 3221 subversionem,
728 3143 892 3209 flebilibus
927 3144 1205 3231 archiepiscopum
1243 3151 1463 3209 exoraverunt

405 3253 421 3279 “
445 3244 604 3330 precibus,
627 3251 666 3310 ut
700 3250 808 3309 errata
834 3246 1017 3333 conigeret,
1049 3250 1083 3310 et
1113 3266 1184 3310 eam
1212 3265 1310 3331 quam
1334 3244 1369 3310 in
1391 3267 1463 3309 sus-

237 3366 303 3448 mong
314 3416 364 3447 Μ
405 3356 421 3380 ‘¹
445 3347 593 3434 ceptione
623 3347 861 3434 possessionum
896 3348 1038 3414 ecclesiae
1061 3347 1181 3413 inierat
1210 3355 1357 3415 servaret
1385 3369 1461 3413 con-

236 3467 267 3550 23
329 3456 349 3497 i⁸
405 3458 421 3483 “
445 3450 643 3527 ventiouem,
666 3470 708 3513 ne
737 3457 919 3515 conventus
950 3450 1081 3516 diutina
1110 3450 1314 3537 frangeretur
1344 3450 1461 3526 inedia,

314 3537 319 3549 ’
405 3559 421 3585 “
445 3573 487 3615 ne
518 3551 652 3617 ecclesia
681 3552 871 3638 probrosam
901 3553 1028 3617 subiret
1057 3552 1266 3618 eversionem.
1312 3551 1462 3616 Audiens

404 3663 421 3687 “
444 3653 515 3718 haec
537 3653 797 3741 archiepiscopus
828 3654 934 3742 primo
964 3655 1045 3721 satis
1074 3654 1201 3741 placide
1223 3653 1281 3719 sed
1304 3654 1462 3718 demum¹

405 3755 677 3821 “contumeliose
711 3756 889 3842 respondit,
924 3762 959 3821 et
991 3757 1081 3842 prior
1114 3756 1155 3821 de
1187 3756 1276 3820 omni
1310 3756 1461 3821 emenda—

405 3867 422 3894 “
444 3860 535 3925 tione
558 3853 755 3944 desperatus
772 3860 914 3925 recessit.
960 3858 1026 3924 Sed
1042 3858 1164 3944 adepta
1186 3880 1331 3945 congrua
1345 3881 1463 3946 oppor-

273 3995 324 4027 εει
356 3995 383 4026 a
405 3968 421 3997 “
445 3962 592 4026 tunitate
622 3966 656 4026 et
686 3966 869 4026 conventus
899 3961 1038 4038 unitate,
1069 3961 1205 4027 unicum
1235 3981 1462 4047 oppressorum

236 4038 262 4078 ²⁰
306 4046 349 4078 Μ’
406 4064 600 4150 “opposuit
636 4062 826 4139 remedium,
865 4067 899 4128 et
936 4063 979 4128 ab
1018 4063 1108 4127 omni
1146 4063 1338 4149 gravamine
1369 4063 1462 4129 illato

405 4166 501 4232 “vel
531 4165 703 4231 inferendo
736 4166 774 4229 in
806 4165 859 4230 die
894 4164 1068 4250 sollempni
1106 4164 1216 4230 sedem
1250 4165 1462 4252 apostolicam

405 4277 422 4304 “
444 4267 635 4355 appellavit.
668 4267 944 4354 Archiepiscopus
953 4272 1064 4333 autem
1081 4289 1140 4332 suo
1155 4268 1393 4335 excandescens
1402 4269 1463 4333 im·

314 4397 368 4469 ¹¹.⁰
405 4380 424 4407 “
446 4377 534 4458 petu,
558 4372 639 4436 adeo
663 4370 860 4456 contempsit
883 4369 1113 4456 appellantem,
1143 4377 1275 4435 etcum
1298 4370 1342 4436 ad
1364 4393 1461 4457 quem

256 4489 261 4499 ·
322 4518 327 4529 ·
407 4471 650 4560 “appellatum
685 4477 743 4549 est,
778 4479 819 4536 ut
852 4477 1053 4538 conventum
1083 4472 1220 4541 canibus
1251 4480 1462 4559 comparamt,

408 4584 425 4610 “
446 4597 546 4659 equos
569 4574 687 4662 prioris
711 4574 874 4640 violenter
895 4579 1034 4661 raperet,
1045 4574 1167 4659 januas
1187 4574 1362 4654 clauderet,
1377 4576 1461 4640 divi·

1037 4748 1120 4755 -..o-.-

814 4842 823 4877 ¹
835 4842 940 4909 dmum]
957 4841 1055 4903 deinde,
1068 4842 1097 4894 C.
