3588 5740
673 950 786 1002 ornae
808 949 999 1001 maromcn
1290 930 1356 996 513

302 1140 494 1207 Flandriam
517 1141 657 1228 adeptus
684 1146 742 1207 est
788 1139 925 1206 Obierot
949 1139 1038 1205 enim
1052 1159 1159 1204 comes
1182 1137 1356 1225 Philippus
1385 1145 1442 1225 41³·
1452 1148 1510 1191 11⁹2

301 1243 338 1308 in
365 1244 534 1310 obsidione
564 1244 712 1310 civitatis
736 1243 856 1322 Accon,
883 1248 918 1309 et
947 1264 1007 1308 rex
1033 1239 1164 1328 Angliae
1194 1240 1355 1308 Ricardus
1368 1213 1522 1325 iiiiiiim

301 1345 345 1409 ad
380 1345 640 1434 expugnandum
673 1345 868 1412 Soladinum
906 1344 974 1410 fere
1005 1343 1093 1410 solus
1128 1342 1263 1408 relictus
1295 1349 1354 1411 est
1369 1314 1492 1360 mm*

302 1447 376 1513 Hoc
401 1470 489 1516 anno
512 1449 648 1537 grandis
670 1447 841 1514 altercatio
865 1446 953 1514 facte
976 1450 1027 1512 est
1046 1446 1135 1511 inter
1157 1444 1354 1510 Gaufridum

264 1610 267 1615 .
302 1548 541 1617 Eboracensem
567 1550 850 1637 archiepiscopum
877 1554 911 1615 et
944 1547 1123 1634 Hugoncm
1152 1546 1352 1613 Dunelmen-

301 1671 371 1716 sem
393 1652 590 1739 episcopum.
646 1650 763 1717 Voluit
789 1651 877 1716 enim
908 1649 1171 1736 archiepiscopus
1201 1653 1242 1714 ut
1270 1670 1355 1734 prae·
1367 1647 1516 1764 mma

301 1752 410 1819 dictus
440 1755 611 1842 episcopus
642 1752 722 1819 olim
753 1753 876 1820 factam
905 1752 1082 1816 innovaret
1110 1748 1353 1837 professionem
1368 1761 1489 1855 &md

303 1854 400 1936 Quod
425 1879 501 1923 cum
526 1857 631 1924 nollet
655 1858 826 1944 episcopus
852 1860 888 1921 et
909 1853 1100 1942 appellaret,
1116 1874 1257 1938 eumque
1284 1873 1354 1917 sus·
1367 1862 1482 1956 ἓξὲξ.

300 1959 460 2044 penderet
473 1959 744 2046 archiepiscopus,
760 1980 781 2024 a
799 1958 949 2023 Romano
971 1955 1126 2043 pontifice
1141 1955 1270 2021 litteras
1292 1955 1354 2019 im-
1366 1923 1519 2056 scaptiae

301 2062 448 2146 patravit
475 2062 515 2128 de
546 2063 762 2148 exemptione.
812 2061 918 2141 Quem
953 2080 1029 2125 cum
1058 2058 1356 2125 excommunicaret
1368 2017 1472 2166 ἔξω

302 2163 572 2252 archiepiscopus
594 2165 730 2231 tandem
753 2187 799 2231 ex
815 2164 972 2230 mandato
996 2161 1121 2228 domini
1146 2182 1242 2248 papae
1264 2160 1355 2246 judi-

302 2265 394 2332 cibus
420 2266 579 2354 delegatis
605 2268 694 2354 apud
725 2266 759 2332 N
760 2266 990 2333 orhantoniam
1016 2285 1128 2330 mense
1152 2263 1289 2330 Octobri
1312 2264 1356 2330 ad

303 2368 524 2435 obedientiam
547 2370 600 2435 sui
622 2368 870 2456 metropolitani
890 2371 1064 2433 revocatus
1087 2371 1146 2431 est

347 2469 421 2535 Rex
443 2476 557 2536 autem
579 2470 773 2558 Anglorum,
796 2490 872 2535 cum
894 2469 1024 2534 videret
1046 2469 1167 2534 cotidie
1194 2467 1354 2554 populum
1368 2473 1471 2571 Ἢ

305 2570 532 2638 Christianum
554 2578 627 2638 tum
653 2572 733 2659 iuga
763 2577 837 2638 tum
866 2571 1005 2637 interitu
1032 2570 1184 2647 defluere,
1210 2576 1354 2636 conster-
1368 2576 1501 2671 mih

304 2679 403 2739 natus
425 2675 537 2741 animo
559 2674 649 2762 quod
662 2696 723 2741 nec
747 2674 942 2741 saladinum
965 2694 1163 2760 expugnare,
1178 2694 1240 2738 nec
1262 2694 1355 2739 sanc·

305 2780 376 2840 tarn
401 2775 572 2842 civitatem
600 2776 787 2843 Jerusalem
818 2776 968 2843 obtinere
1000 2774 1136 2852 valeret,
1165 2795 1299 2861 gemens
1322 2780 1357 2840 et

305 2879 427 2944 anxius
448 2900 469 2945 a
492 2879 650 2947 Saledino
679 2886 814 2967 treugas
838 2880 927 2967 cepit
949 2881 986 2943 in
1012 2879 1214 2958 triennium
1256 2879 1356 2944 comi·

303 2984 436 3067 temque
464 2981 655 3069 Campaniae
689 2982 873 3048 Henricum
907 2980 1076 3047 custodem
1102 2986 1200 3047 terrae
1230 2980 1360 3046 dimisit

301 3086 337 3147 et
366 3082 546 3150 dominum
592 3084 747 3151 Ascensis
768 3084 883 3170 itaque
912 3083 1056 3149 navibus
1086 3083 1179 3149 venit
1209 3070 1523 3172 ciprumfflmb'pffl

304 3183 536 3273 dispositisque
558 3187 657 3253 rebus
691 3187 728 3252 in
749 3186 983 3253 Alemanniam
1004 3191 1040 3252 et
1062 3186 1099 3251 in
1121 3191 1244 3254 terram
1267 3187 1360 3254 ducis

305 3286 429 3354 Ostrici
465 3289 558 3366 tristi
593 3289 777 3357 infortunio
814 3290 973 3377 appulsus
1011 3296 1068 3356 est
1127 3289 1277 3378 Cumque
1299 3313 1360 3357 rex

250 3412 255 3417 ·
304 3388 436 3476 Angliae
468 3396 599 3457 mutato
631 3391 750 3458 habitu
784 3392 951 3458 incederet
975 3398 1016 3457 ut
1039 3391 1252 3482 Templarius,
1279 3416 1359 3480 pue-

305 3491 399 3577 rique
429 3493 482 3557 sui
520 3492 766 3559 stomachantes
799 3494 898 3558 nimis
936 3494 1116 3559 insolenter
1153 3501 1298 3582 agerent,
1325 3502 1360 3562 et
1372 3499 1530 3596 fflffiw

305 3592 453 3659 dicerent
473 3594 719 3681 inquirentibus
740 3601 859 3673 astute,
875 3595 964 3682 quod
977 3595 1128 3663 homines
1150 3603 1261 3663 essent
1275 3621 1359 3665 mer-

306 3696 436 3775 catoris,
458 3696 608 3785 conpulsi
639 3702 719 3763 sunt
744 3697 831 3785 regis
857 3698 1040 3784 hospitium
1063 3699 1215 3765 indicare.
1262 3699 1357 3765 Nun-

307 3799 430 3895 tiatum
457 3806 508 3866 est
531 3799 622 3867 illico
647 3800 724 3867 duci
748 3822 858 3888 regem
881 3800 1014 3888 Anglire
1044 3801 1165 3880 edesse,
1193 3808 1229 3869 et
1249 3803 1359 3869 missis

307 3902 436 3968 nuntiis
469 3902 580 3969 subito
611 3902 815 3991 interceptus
849 3909 907 3969 est.
952 3902 1130 3990 Dispersus
1161 3910 1212 3970 est
1244 3906 1358 3992 itaque

306 4026 419 4072 rumor
455 4006 492 4071 in
528 4005 651 4093 populo
688 4007 730 4072 de
763 4005 915 4093 captione
952 4007 1050 4094 regia
1112 4007 1359 4076 Concurrente¹

307 4106 417 4193 vulgo,
440 4108 583 4195 turpiter
605 4113 640 4174 et
661 4108 816 4195 probrose
838 4108 958 4175 ductus
981 4114 1049 4189 est;
1071 4109 1115 4175 ab
1136 4109 1188 4175 his
1212 4116 1247 4177 et
1269 4097 1517 4202 fflfflsirisinirm

305 4208 455 4294 proditor
478 4210 664 4297 appellatus
687 4216 755 4290 est;
784 4211 827 4277 ab
857 4211 933 4276 aliis
966 4211 1174 4298 lapidandus,
1211 4214 1254 4279 ab
1283 4213 1359 4280 aliis

306 4311 415 4398 capite
445 4307 687 4398 plectendus,a
723 4311 892 4379 nonnullis
924 4314 1074 4400 patibulo
1112 4316 1360 4402 suspendendus

307 4415 494 4481 videbatur.
540 4416 607 4481 Vix
622 4416 757 4482 tandem
772 4421 904 4501 ereptus
927 4421 986 4494 est,
1002 4422 1037 4482 et
1051 4417 1186 4484 inimico
1199 4441 1260 4485 suo
1283 4419 1360 4486 duci

307 4518 465 4585 videlicet
487 4518 610 4586 Ostrici
644 4524 872 4607 pmsenutus,
895 4525 931 4586 et
955 4525 1120 4607 postremo
1143 4520 1359 4608 imperatori⁸

344 4806 538 4877 lanariorum]
553 4818 714 4873 etcnrrente,
725 4809 755 4863 C.
891 4808 1072 4879 'inperatorfl
1087 4817 1184 4866 omit.
1197 4815 1229 4866 B.

341 4887 352 4921 ¹
363 4886 425 4957 iao]
439 4887 491 4951 ills,
502 4891 538 4940 Δ.
549 4889 581 4940 B.

394 4968 455 5012 ΔΜ.
508 5026 512 5033 ⁴
1158 4992 1225 5042 RK
