3628 5728
435 876 500 939 442
644 891 806 940 onnvnsn
829 888 990 939 uouscm
1013 892 1290 942 emrosmnssrs

283 1093 339 1137 nn
294 1097 405 1189 uum
434 1076 538 1162 igitur
567 1077 610 1141 ad
640 1077 711 1142 haec
740 1076 916 1163 praefectus
946 1076 1077 1163 Angliae
1114 1078 1267 1144 reticeret
1296 1075 1490 1147 Randulfus

265 1210 351 1255 00000
359 1212 383 1255 or
435 1177 621 1245 Gilebertus
644 1180 814 1266 episcopus
836 1180 999 1246 Roffensis
1023 1179 1150 1257 dixit‚‘
1152 1180 1220 1245 ‘Ut
1245 1179 1326 1244 mihi
1358 1179 1492 1244 videtur

265 1260 452 1355 ffliffiffl“
475 1284 510 1345 et
525 1301 639 1345 verum
654 1286 713 1358 est,
729 1303 882 1367 magnam
906 1281 942 1345 in
964 1280 1097 1344 domino
1119 1285 1232 1346 nostro
1256 1302 1331 1367 rege
1353 1300 1492 1366 perpen-

264 1363 308 1406 ω’
435 1390 452 1422 “
475 1381 551 1446 ders
574 1381 712 1467 potestis
734 1381 1000 1457 benivolentiam,
1024 1381 1081 1466 qui
1105 1402 1164 1445 vos
1194 1403 1253 1467 pro
1283 1380 1491 1446 reformanda

435 1490 452 1517 “
476 1504 554 1568 pace
577 1483 719 1549 eoclesiae
741 1489 860 1549 vestrae
883 1483 927 1548 ad
948 1505 1042 1547 suam
1068 1483 1286 1568 presentiam
1303 1482 1488 1569 praesertim

434 1595 450 1618 ‘⁴
473 1606 533 1670 per
562 1583 645 1650 tales
667 1585 804 1651 nuntios
834 1592 869 1650 et
891 1584 1020 1650 litteras
1042 1584 1151 1650 voluit
1173 1606 1297 1651 vocare.
1345 1584 1412 1650 Sed
1432 1606 1491 1650 vos

434 1695 451 1720 “
474 1708 492 1751 e
507 1692 622 1752 contra
635 1708 702 1751 non
717 1687 798 1751 satis
813 1685 896 1751 utile
912 1685 965 1751 vel
981 1685 1189 1751 consiliosum
1213 1687 1342 1751 refertis
1357 1708 1490 1772 respon·

434 1797 451 1822 “
473 1811 556 1864 sum,
571 1809 644 1852 cum
669 1809 729 1874 pro
751 1787 842 1852 curia
864 1787 1014 1852 Romana
1035 1787 1161 1872 regium
1186 1787 1319 1872 penitus
1342 1793 1376 1853 et
1398 1810 1490 1874 rega·

434 1890 555 1954 “lium
571 1890 724 1955 refutatis
738 1888 910 1953 auxilium.
957 1887 1082 1953 Saltem
1106 1886 1253 1973 praefecti
1277 1888 1418 1975 singlis,
1433 1890 1491 1975 qui

434 2001 451 2026 “
473 2010 616 2077 putemus
634 1997 693 2067 est,
707 1991 915 2076 adquiescere
939 1989 1102 2054 deberetis
1125 1990 1268 2066 consilio,
1284 1991 1338 2055 cui
1361 1991 1490 2077 sapien-

435 2102 452 2127 “
475 2094 575 2158 tiores
598 2097 633 2157 ot
659 2091 865 2156 sublimiores
892 2090 986 2156 vobis
1012 2111 1108 2154 suum
1131 2091 1316 2175 gaudenter
1342 2090 1492 2176 praebent

435 2204 451 2228 “
475 2192 669 2258 assensum.'’
725 2191 885 2278 Supprior
919 2191 963 2255 ad
999 2190 1093 2255 haec:
1132 2199 1149 2224 “
1166 2190 1334 2267 Domine,''
1371 2193 1490 2277 inquit,

435 2304 452 2330 “
475 2295 632 2380 episcope,
662 2294 749 2380 regis
790 2293 953 2357 auxilium
994 2292 1047 2356 vel
1088 2292 1261 2357 eonsilium
1301 2293 1491 2359 nullatenus

436 2404 452 2430 ‘⁴
475 2395 665 2471 refutamus,
690 2395 748 2459 sed
774 2394 809 2458 in
836 2393 953 2480 primis
979 2414 1038 2478 per
1064 2392 1182 2469 Deum,
1206 2394 1325 2459 deinde
1353 2417 1412 2481 per
1431 2395 1491 2460 ho·

436 2496 589 2573 ‘mines
605 2495 741 2561 comites
765 2494 890 2560 scilicet
914 2499 949 2558 et
972 2493 1119 2570 barones,
1136 2494 1269 2560 clericos
1293 2502 1328 2560 et
1345 2495 1490 2571 abbates,

436 2599 643 2685 ‘episcopos
666 2603 701 2662 et
727 2596 995 2682 archiepiscopos,
1019 2596 1245 2662 indesinenter·
1269 2597 1490 2684 imploramus.

437 2700 611 2766 “Domini
642 2700 742 2765 etiam
773 2704 808 2763 et
838 2698 942 2783 patris
972 2698 1077 2761 nostri
1101 2697 1346 2785 archiepiscopi,
1376 2720 1490 2785 supra·

436 2811 452 2837 “
476 2803 574 2868 dictis
604 2801 829 2866 mediantibus
859 2799 1009 2884 personis
1034 2800 1151 2864 sedet
1176 2800 1321 2886 generali
1345 2800 1491 2887 capitulo

434 2914 452 2938 “
476 2903 695 2978 Oisterciensi,
726 2900 985 2967 benivolentiam
1026 2900 1241 2985 quoesivimus
1276 2909 1311 2966 et
1339 2903 1489 2988 gratiam,

437 3015 453 3039 ‘¹
477 3027 576 3091 qnam
607 3026 711 3089 usque
741 3004 777 3067 in
807 3023 959 3088 praesons,
990 3001 1061 3086 ipso
1091 3001 1191 3067 etiam
1223 3023 1311 3089 papa
1340 3004 1489 3090 praecipi·

437 3116 454 3141 “
476 3112 561 3183 ente,
587 3104 798 3191 nequivimus
829 3103 986 3167 obtinere.
1034 3100 1154 3167 Forma
1183 3107 1316 3168 tantum
1345 3104 1490 3170 vocatio-

436 3218 454 3242 “
477 3209 537 3285 nis,
577 3212 617 3273 ut
655 3205 880 3294 praediximus,
919 3204 1015 3270 nobis
1054 3204 1272 3270 formidabilis
1313 3212 1381 3283 est,
1412 3206 1491 3293 quia

448 3320 609 3375 “rumor
631 3309 672 3373 de
695 3307 800 3372 veteri
822 3306 921 3372 faciet
943 3312 1085 3371 ventura
1106 3306 1234 3397 timeri'
1257 3313 1292 3372 et
1315 3309 1460 3374 caetera'

266 3432 416 3478 smnus
482 3412 572 3477 Dum
602 3411 716 3496 itaque
746 3408 871 3496 regales
901 3408 1014 3473 nuntii
1041 3408 1082 3473 de
1119 3386 1292 3474 mittendis
1322 3409 1491 3476 monachis

267 3484 416 3585 mio.
438 3515 565 3604 argutis
596 3513 788 3578 insisterent
817 3509 1108 3586 admonitionibus,
1135 3516 1170 3575 et
1199 3511 1351 3577 monachi
1378 3512 1490 3577 dolum

438 3620 474 3684 in
504 3615 697 3683 omnibus
688 3634 794 3679 messe
824 3616 991 3698 putarent,
1018 3611 1059 3676 de
1086 3610 1236 3677 Romana
1264 3613 1356 3678 curis
1379 3613 1490 3679 subito

438 3741 550 3786 cursor
575 3715 721 3793 advenit,
738 3714 851 3780 dicens
875 3714 1046 3779 dominum
1072 3734 1192 3799 papam
1213 3714 1257 3779 ad
1272 3714 1489 3782 dirimendam

438 3841 569 3886 eausam
610 3837 734 3882 novum
774 3815 955 3880 destinasse
992 3813 1147 3900 legatum
1209 3815 1308 3880 Unde
1338 3817 1492 3903 supprior

438 3927 548 3988 mente
564 3917 767 3986 constantior
782 3916 917 3982 effectus
940 3916 1069 3981 nuntiis
1090 3916 1177 4032 regis
1193 3916 1312 3996 dixit,
1316 3915 1489 3994 ‘,Multum

438 4022 603 4089 “domini
626 4025 661 4085 et
682 4020 800 4084 fratres
822 4017 926 4083 nostri
949 4016 1157 4093 karissimi,
1145 4040 1214 4104 Jam
1237 4040 1296 4103 per
1318 4019 1489 4084 biennium
1575 4100 1578 4115 ,

438 4122 591 4190 “afflicti
616 4142 738 4195 sumus,
761 4141 847 4205 saepe
870 4123 905 4183 et
927 4140 1027 4205 supra
1057 4118 1183 4184 domini
1213 4119 1300 4207 regis
1326 4124 1361 4184 et
1382 4120 1489 4185 archi-

436 4237 454 4263 “
477 4225 620 4312 episcopi
643 4245 702 4310 per
717 4222 806 4288 viros
829 4220 1011 4287 eminentes
1034 4225 1068 4285 et
1091 4242 1227 4308 magnos
1249 4218 1391 4308 gratiam
1414 4243 1489 4308 pos·

436 4339 454 4364 “
477 4328 669 4403 tulavimus,
692 4324 749 4389 sed
779 4322 949 4409 hucusque
980 4322 1125 4388 fraudati
1148 4344 1261 4388 sumus
1284 4345 1305 4388 a
1327 4323 1489 4390 desiderio

437 4439 454 4466 ¹‘
477 4434 598 4494 nostro.
645 4425 746 4490 Nunc
780 4421 877 4509 ergo¹
909 4445 969 4509 per
991 4422 1055 4488 Dei
1078 4423 1335 4490 misericordiam
1365 4429 1400 4488 et
1430 4446 1489 4511 per

438 4532 560 4618 “Ejus
586 4534 734 4594 sanctam
772 4548 847 4612 quae
882 4525 988 4590 instat
1024 4524 1332 4604 Annuntiationem,
1365 4532 1401 4591 et
1431 4549 1490 4613 per

1397 4701 1490 4711 ...-

838 4784 846 4817 ¹
858 4785 929 4851 erpo]
943 4783 1031 4851 igitur,
1042 4786 1074 4835 Β.
