3572 5744
367 859 409 933 78
567 882 728 932 anavasu
752 882 912 932 nonnam
935 881 1208 932 crurunarmsm

197 1077 373 1173 {eggitqiqq‘
376 1069 556 1151 ‘ecclesias
585 1071 663 1136 ut'
655 1092 724 1157 rpse
754 1091 841 1157 papa
871 1070 977 1136 eidem
1007 1069 1135 1157 Rogare
1161 1075 1239 1135 ante
1268 1070 1419 1138 benedic·

196 1180 231 1224 tm
232 1180 305 1224 maus
366 1173 529 1239 “tionem
560 1174 648 1239 dixit
678 1180 713 1240 et
741 1173 983 1274 archiepiscopo
1012 1174 1150 1260 scripsit.
1205 1174 1278 1239 Hoc
1300 1180 1418 1261 agente

196 1241 256 1374 {ig
246 1243 382 1375 {³3¹¹th
406 1276 554 1364 Rogeri0,
579 1283 707 1344 tantam
735 1262 997 1364 indignationem
1023 1277 1148 1343 domini
1171 1299 1266 1364 papae
1291 1283 1325 1344 et
1349 1299 1418 1343 car·

195 1382 241 1426 Μὴ
241 1383 289 1426 “¹¹
366 1388 384 1415 “
406 1380 566 1446 dinalium
608 1380 747 1446 incurrit
783 1374 942 1446 Ricardus
980 1379 1250 1466 archiepiscopus,
1281 1386 1321 1445 ut
1358 1402 1418 1446 nec
1490 1385 1494 1394 '

364 1491 382 1516 “
405 1482 659 1568 quingentorum
684 1481 777 1550 lxxv,
793 1503 955 1547 annorum
981 1482 1195 1569 praescriptio,
1209 1503 1270 1547 nec
1295 1482 1418 1568 prima·

365 1594 381 1621 “
404 1590 459 1650 tus
483 1585 536 1651 vel
560 1585 809 1672 privilegiorum
833 1586 984 1662 munitio,
1012 1606 1073 1650 nec
1099 1585 1172 1650 auri
1202 1585 1257 1651 vel
1287 1587 1417 1671 argenti

365 1696 380 1723 “
404 1687 603 1764 effusiones
618 1693 669 1753 tot
693 1672 862 1779 comtum,
873 1686 1096 1774 professiones,
1110 1708 1171 1753 nec
1192 1687 1416 1775 episcoporum

363 1792 601 1869 “testimonia
631 1812 692 1857 nec
730 1791 883 1857 veritatis
923 1790 1070 1867 historia,
1110 1812 1172 1857 nec
1213 1792 1417 1859 consuetudo

364 1898 380 1924 “
404 1890 543 1967 diutina,
573 1910 634 1954 nec
665 1888 779 1955 Sancti
811 1888 946 1955 Thomoe
985 1888 1127 1976 gloriosa
1157 1893 1192 1954 et
1221 1889 1416 1957 miraculosa

364 2001 381 2026 “
400 1992 547 2068 victoria,
562 1991 620 2056 sed
635 2012 695 2057 nec
710 1990 780 2056 ulla
794 1991 881 2056 ratio
895 1990 1021 2056 domini
1036 1989 1219 2056 Alexandri
1234 1997 1416 2077 potuerunt

363 2094 665 2180 “indignationem
695 2080 853 2171 avertere,
884 2093 965 2179 quin
1004 2093 1179 2181 Rogcrium
1211 2093 1365 2160 abbatem
1394 2117 1415 2162 a

363 2205 380 2231 “
398 2196 628 2283 jurisdictione
652 2195 901 2262 cantuariensis
923 2196 1066 2264 ecclesiae
1089 2196 1305 2275 subtraheret
1321 2203 1356 2263 et
1378 2198 1414 2263 in

229 2323 243 2354 ο
363 2307 379 2334 ((
402 2298 633 2365 contumeliam
664 2298 898 2386 archicpiscopi
925 2299 1031 2365 eidem
1062 2299 1190 2386 Rogare
1213 2299 1355 2378 mitram,
1380 2307 1415 2368 ct

194 2372 297 2456 milhma
300 2374 332 2461 ni
362 2410 378 2437 “
401 2401 545 2479 anulum,
576 2407 611 2468 et
636 2402 789 2468 sandaria
819 2401 988 2467 conferret.
1042 2402 1176 2488 Adjecit
1205 2403 1413 2489 postmodum

193 2525 254 2556 11011
273 2475 339 2557 lm.
361 2504 551 2570 “Romana
576 2503 710 2590 justitia
740 2512 780 2569 ut
809 2504 941 2569 abbatis
969 2503 1102 2569 clericos
1126 2510 1161 2569 ct
1184 2503 1284 2569 laicos
1308 2504 1414 2570 archi-

361 2619 379 2645 “
401 2610 552 2697 episcopo
575 2609 790 2688 subtraheret,
807 2609 864 2675 sed
887 2610 930 2675 ad
953 2615 1091 2696 tempus.
1139 2609 1268 2675 Overe
1291 2610 1413 2676 diaboli
1519 2633 1521 2638 ·

360 2714 581 2799 “supradicti
613 2714 767 2800 pertinax
797 2713 990 2779 inventum!
1022 2712 1115 2798 cujus
1145 2713 1296 2799 nequitia
1326 2711 1412 2779 Can-

361 2824 378 2850 “
400 2816 576 2880 tuaricnsis
603 2816 737 2881 ecclesia
761 2815 849 2881 tanti
872 2815 1003 2881 discidii
1030 2815 1170 2881 incurrit
1192 2814 1411 2902 opprobrium.

360 2926 380 2957 “
401 2918 483 2998 Quae
506 2918 594 2983 enirn
616 2918 652 2982 in
675 2917 809 2984 ecclesia
841 2917 906 2984 Dei
937 2917 1042 3003 major
1064 2939 1133 2982 esse
1155 2922 1266 3004 potest
1287 2918 1411 2995 abacia,

359 3027 376 3054 “
400 3042 498 3104 quam
520 3020 607 3105 quod
622 3019 884 3106 archiepiscopus
900 3021 1023 3106 primas
1034 3019 1214 3085 convalet
1228 3019 1411 3085 criminosis

359 3131 376 3156 “
399 3121 601 3207 quibuslibet
620 3105 803 3186 vindictam
828 3121 956 3197 inferre,
979 3143 1054 3187 cum
1081 3122 1205 3188 viderit
1228 3122 1411 3188 sacerdotes

358 3234 374 3259 “
398 3231 433 3290 et
455 3224 586 3290 clericos
601 3246 622 3289 a
636 3223 804 3289 monachis
819 3224 873 3288 vel
897 3223 988 3289 laicis
1003 3223 1173 3310 flagellari,
1188 3224 1338 3291 ccclesias
1352 3224 1411 3290 ho·
1444 3274 1451 3289 .

359 3336 375 3361 “
398 3327 530 3392 micidio
545 3325 600 3391 vel
615 3325 762 3410 quolibet
776 3324 938 3391 accidenti
961 3324 1089 3411 flagitio
1102 3325 1215 3412 pollui,
1232 3325 1412 3392 homicidas

358 3437 375 3462 “
397 3428 512 3505 furere,
543 3427 710 3492 adulteros
740 3434 938 3514 caeterosque
961 3427 1152 3493 criminosos
1181 3427 1410 3514 multiplicare,
1512 3470 1515 3474 Δ

359 3538 375 3564 ((
398 3551 472 3595 cum
495 3530 606 3594 necin
621 3529 758 3595 civitate
773 3551 833 3594 sua
855 3529 997 3615 injurias,
1009 3527 1073 3594 Dei
1094 3529 1206 3595 valeat
1219 3530 1411 3596 vindicaret

358 3643 376 3668 “
399 3632 592 3701 Parochiani
624 3632 733 3698 clerici
763 3641 798 3698 ct
828 3632 904 3698 laici
934 3630 1132 3718 presbiteros
1162 3637 1409 3719 contempnunt,

359 3747 376 3772 “
398 3759 458 3802 sua
480 3736 609 3823 flagitia
630 3735 813 3802 Christiani
839 3758 907 3801 non
933 3735 1139 3813 crubescunt,
1162 3756 1230 3800 non
1250 3735 1409 3802 confiten-

330 3845 463 3917 “,tur
479 3860 547 3903 non
567 3839 818 3915 communicant,
841 3838 1017 3923 judaizant
1040 3836 1153 3923 aliqui,
1178 3838 1408 3924 paganismum

284 3873 562 4009 ¹‹lrnnl“inducunt
591 3941 734 4028 plurimi,
764 3941 979 4028 simpliciores
1011 3939 1221 4005 confundunt
1250 3939 1407 4019 haeretici,
1476 3948 1483 3961 '

357 4046 467 4109 “’et
458 4067 494 4109 rn
518 4044 677 4109 ultionem
702 4042 924 4129 quorumlibet
949 4041 1123 4107 criminum
1145 4040 1407 4129 archiepiscopus

259 4126 313 4210 ΡΟ.
332 4128 520 4234 “primas
535 4169 602 4211 non
619 4151 728 4232 potest
742 4166 877 4210 manum
892 4150 1077 4231 apponeret
1114 4143 1196 4208 Haec
1212 4143 1248 4208 in
1263 4143 1407 4225 diminu-

357 4260 373 4285 “
396 4251 519 4315 tionem
537 4248 783 4315 (lantuariensis
799 4246 943 4313 ecclcsiae
965 4246 1029 4311 sibi
1045 4267 1104 4310 suo
1119 4245 1239 4310 abbate
1254 4254 1408 4333 exempto

356 4362 372 4387 “
397 4353 543 4419 enormia
565 4356 804 4417 succreverunt.
851 4348 940 4430 Quid
963 4335 1003 4414 de
1036 4348 1262 4413 familiaritate
1285 4356 1407 4416 sanctae

357 4466 373 4492 ‘⁴
396 4456 554 4521 Romanae
586 4453 728 4520 acclesiae
751 4458 786 4518 et
807 4452 969 4518 fidelitate
992 4451 1242 4518 Gantuariensis
1264 4452 1407 4518 ecclcsiae

356 4567 373 4593 “
397 4558 559 4623 referam?
597 4556 628 4620 A
659 4562 805 4642 tempora
835 4554 986 4641 florigero
1012 4554 1102 4619 beati
1133 4553 1282 4641 Gregorii
1312 4576 1407 4641 papae

355 4670 373 4695 “
394 4681 497 4746 usque
520 4681 609 4724 nunc
624 4659 772 4725 Romana
794 4657 929 4724 ecclesia
945 4656 1215 4724 Cantuariensem
1237 4656 1406 4724 ecclesiam

355 4772 373 4798 “
395 4762 619 4829 indesinenter
633 4783 691 4828 suo
714 4760 849 4828 fovebat
871 4761 1037 4848 amplexu,
1052 4765 1128 4826 tuto
1150 4761 1309 4848 regimine
1331 4783 1405 4848 pro-
