3666 5724
412 855 478 918 350
612 867 775 918 onnvrsrr
798 867 960 918 nomem
983 868 1259 919 cirroanrnusm

256 1078 379 1126 annu.
411 1061 572 1128 attentius
594 1067 634 1127 ut
656 1060 718 1127 hoc
739 1060 975 1127 idem'iacerct
1000 1066 1205 1143 conventus;
1234 1083 1277 1128 nc
1307 1060 1464 1128 videlicet

240 1128 372 1254 {iffi}
412 1167 514 1228 tantm
536 1164 622 1249 regis
644 1162 761 1250 gratiis
783 1162 978 1231 viderentur
1003 1164 1135 1249 ingrati,
1159 1185 1220 1230 uec
1242 1164 1278 1228 in
1301 1184 1361 1229 suo
1391 1186 1463 1250 per-

240 1244 535 1330 ¹⁰²⁹⁸¹‘²*¹¹²'·tinaees
557 1266 733 1352 proposito,
749 1286 798 1342 ns,
816 1264 957 1351 denique
981 1270 1152 1331 tantorum
1175 1266 1303 1352 impetu
1325 1266 1464 1344 subacti,

409 1367 672 1453 exprobrationis
695 1366 976 1432 confimdcrentur
1001 1366 1115 1454 elogio.
1162 1367 1341 1433 Asserebat
1362 1366 1462 1433 etiarn

409 1468 585 1534 monachos
606 1472 736 1534 tantam
758 1468 846 1554 regis
868 1467 991 1534 habere
1012 1469 1165 1554 gratiam,
1180 1474 1221 1534 ut
1242 1469 1384 1536 nesciret
1397 1490 1463 1554 quo
1521 1518 1524 1524 ,

408 1572 512 1658 ipsius
543 1572 808 1658 praeponderaret
837 1572 985 1648 affectus,
1007 1571 1078 1636 sive
1108 1571 1151 1636 ad
1182 1571 1462 1658 archiepiscopum

238 1667 397 1770 ffllostho
409 1673 479 1738 sive
510 1673 552 1738 ad
583 1677 790 1739 conventum.
838 1672 1025 1756 Subjunxit
1054 1671 1163 1738 denuo
1193 1694 1376 1739 sermonem
1407 1672 1462 1738 ille

238 1768 353 1862 llgssglcgf
409 1774 639 1860 Norwicensia
654 1796 693 1840 ac
714 1775 743 1838 si
758 1780 836 1840 ante
859 1774 952 1840 nulla
967 1774 1021 1839 vel
1037 1796 1142 1862 pauca
1163 1776 1293 1863 prolata
1312 1776 1461 1842 fuissent.

408 1877 584 1963 Proposuit
606 1877 693 1942 enim
724 1876 808 1945 dura
830 1881 865 1942 et
894 1898 1010 1963 aspera
1039 1878 1067 1943 si
1097 1878 1184 1965 regis
1213 1884 1248 1944 et
1269 1878 1462 1965 Anglicanae

407 1979 580 2045 consilium
603 1979 746 2045 ecclesiae
777 1981 967 2065 contempni
1001 1980 1180 2059 videretur,
1202 1981 1345 2067 gratiam
1382 2002 1460 2046 vero

407 2087 442 2146 et
463 2081 601 2167 gloriam
624 2082 652 2145 si
675 2080 765 2145 omni
788 2087 914 2146 remoto
937 2082 1091 2168 scrupulo
1105 2103 1218 2148 eorum
1233 2081 1370 2148 oonsilio
1393 2103 1460 2147 cre-

407 2182 547 2247 deretur.
594 2182 658 2245 His
680 2183 784 2268 igitur
806 2182 940 2247 tandem
964 2183 1071 2270 longis
1093 2189 1128 2248 et
1154 2184 1319 2271 replicatis
1342 2205 1461 2249 sermo-

407 2283 505 2348 nibus
520 2283 677 2369 ·expletis,
698 2283 757 2347 vix
780 2285 916 2349 tandem
939 2285 1158 2371 respondendi
1182 2287 1276 2372 copia
1298 2285 1378 2351 data
1400 2291 1459 2351 est.
1536 2291 1541 2300 ’

237 2399 287 2445 'rho
296 2400 348 2443 suu
409 2385 537 2466 Quibus
560 2385 757 2452 venerabilis
780 2388 933 2471 supprior
955 2386 1143 2463 Gaufridus,
1166 2387 1220 2451 vir
1242 2408 1370 2474 magnae
1394 2388 1456 2453 dis·

237 2450 377 2555 &flurin
406 2488 560 2554 cretionis
591 2493 626 2552 et
656 2488 931 2564 mansuetudinis,
954 2488 1101 2553 breviter
1132 2489 1309 2575 respondit,
1339 2490 1459 2567 dicens,

236 2552 385 2704 ffiw
405 2598 422 2623 “
446 2590 590 2656 Domino
612 2596 725 2655 nostro
747 2589 816 2676 regi
847 2588 1048 2676 multiplices
1076 2591 1259 2676 gratiarum
1285 2590 1458 2657 referimus

304 2683 309 2694 ’
406 2701 422 2725 “
444 2692 590 2759 actiones
613 2713 672 2777 pro
695 2691 858 2756 universis
880 2691 1047 2758 beneficiis
1069 2693 1146 2769 suis,
1168 2696 1204 2757 et
1233 2693 1376 2758 maxime
1399 2715 1459 2779 pro

406 2803 422 2829 ‘³
445 2794 602 2881 praesenti
624 2793 848 2880 compassione
867 2815 966 2879 quam
990 2814 1068 2879 erga
1090 2814 1150 2858 nos
1173 2794 1307 2860 videtur
1328 2794 1456 2861 habore.

403 2906 420 2931 “
444 2896 627 2963 Consilium
650 2896 754 2982 ipsius
777 2901 812 2961 et
834 2900 982 2961 vestrum
1004 2895 1210 2981 aliorumque
1232 2897 1456 2983 episcoporum

404 3008 420 3033 “
443 2998 575 3086 Angliae
597 3019 664 3063 non
687 2997 879 3073 refutamus,
898 2997 956 3063 sed
978 3018 1052 3063 cum
1076 2998 1166 3062 omni
1189 2999 1363 3064 devotione
1386 3020 1456 3064 sus-

404 3111 421 3135 “
443 3101 591 3187 cipimus,
614 3100 707 3165 salvo
736 3099 801 3165 Dei
830 3099 953 3166 honore
983 3105 1018 3165 et
1043 3100 1120 3185 jure
1152 3106 1273 3166 nostine
1305 3101 1454 3168 ecolesiae.

403 3211 420 3236 “
444 3201 679 3277 Veruntamen,
702 3201 743 3266 dc
765 3200 819 3265 his
841 3222 916 3286 quae
939 3201 1035 3266 nobis
1058 3202 1227 3288 proposita
1248 3206 1337 3280 sunt,
1353 3224 1456 3289 usque

403 3302 454 3366 “i
597 3302 689 3366 inum
717 3301 866 3366 inducias
935 3302 1038 3366 timus
1068 3324 1085 3365 r
1188 3303 1209 3366 d
1278 3303 1314 3368 '.''
1444 3341 1456 3353 ·

234 3405 378 3501 ξξζξξω*
403 3325 479 3470 tinb1
498 3308 610 3471 effi
633 3425 708 3470 cum
731 3323 971 3481 conveniebant,
998 3303 1455 3489 majolbgollntbllblelrunffi·

232 3506 364 3609 m&
403 3528 471 3585 nas,
504 3528 566 3574 nec
599 3512 712 3572 tamen
747 3505 950 3571 blanditias¹
987 3505 1120 3591 penitus
1153 3507 1341 3572 omiserunt.
1389 3508 1455 3575 Sed

402 3631 463 3674 nec
493 3608 593 3673 minis
623 3629 683 3673 nec
712 3607 885 3673 blanditiis
911 3607 980 3672 suis
1011 3606 1103 3672 aliud
1128 3613 1310 3693 potnerunt
1331 3609 1454 3687 elicere,

403 3732 502 3797 quam
526 3709 615 3796 quod
636 3716 820 3775 conventus
843 3708 993 3775 unanimi
1016 3729 1177 3773 consensu
1203 3709 1367 3795 subpriori
1390 3712 1455 3777 for·

402 3818 551 3879 macerat
587 3811 790 3888 mandatum,
828 3810 916 3897 quod
954 3816 1026 3876 crat
1062 3809 1272 3896 hujusmodi:
1305 3812 1454 3879 “Grates

402 3925 419 3951 “
442 3915 614 3981 referimus
636 3914 769 3979 domino
792 3918 905 3979 nostro
927 3912 1005 3998 regi,
1029 3911 1116 3997 quod
1139 3933 1198 3998 per
1220 3934 1279 3979 vos
1309 3915 1352 3979 ad
1378 3936 1454 3980 con·

230 4036 322 4081 romu
401 4017 635 4083 “solationem
665 4021 812 4081 nostram
842 4014 971 4080 litteras
993 4035 1069 4080 suas
1095 4014 1161 4080 huc
1182 4015 1315 4080 mittere
1337 4016 1452 4102 digna·

231 4088 369 4182 ilibltl..
402 4128 419 4154 “
442 4125 497 4184 tus
519 4122 588 4197 cst;
609 4117 704 4182 vobis
727 4121 840 4181 autem
862 4120 902 4180 ut
917 4114 995 4179 filiis
1017 4114 1160 4181 ecclesiae
1175 4115 1264 4201 quod
1283 4122 1454 4202 gratanter

401 4229 418 4254 “
440 4220 519 4286 huic
540 4218 673 4305 negotio
696 4216 867 4282 intendere
888 4214 1050 4281 voluistis.
1098 4216 1278 4282 Gratanter
1307 4238 1453 4285 occurre·

400 4332 550 4391 “remus
581 4321 611 4386 ei
634 4325 675 4384 ut
697 4318 830 4385 domino
852 4317 894 4383 dc
920 4316 1063 4403 negotiis
1094 4317 1236 4384 ccclesiae
1267 4322 1452 4400 tractaturi,

401 4433 418 4458 “
440 4424 497 4490 sed
520 4422 674 4489 dominus
695 4425 808 4486 noster
836 4418 1098 4505 archiepiscopus
1128 4418 1276 4484 inhibuit
1305 4441 1347 4485 ne
1377 4423 1451 4508 quis

401 4534 419 4561 “
441 4531 591 4592 nostrum
607 4522 756 4610 qualibet
777 4525 875 4586 excat
897 4519 1072 4598 occasione,
1088 4526 1123 4585 ct
1139 4521 1303 4607 janitores
1321 4529 1451 4589 nostros

750 4772 758 4807 ¹
771 4771 918 4840 aarum]
931 4770 1067 4831 sinum,
1080 4772 1110 4824 c.
