3666 5724
699 916 811 966 orsas
833 904 1024 966 nrsromoa
1316 902 1382 968 403

327 1104 537 1183 celebrarent,
562 1106 715 1183 dicentes,
739 1104 907 1175 ecclesiam
938 1104 1032 1170 nulla
1064 1105 1230 1189 occusl⁰¹¹0
1260 1105 1379 1170 debere
1409 1102 1532 1212 biblii&

326 1208 481 1294 suspendi
504 1208 627 1293 absque
647 1207 836 1273 coniventia
857 1212 893 1272 et
914 1206 1110 1273 auctoritate
1132 1207 1376 1294 archiepiscopi.
1389 1230 1438 1275 rm
1447 1230 1530 1275 nem·

327 1307 582 1396 Responderunt
603 1308 756 1375 monachi
779 1304 933 1386 dieentes,
950 1329 983 1374 se
1007 1307 1092 1373 velle
1115 1307 1234 1374 libenti
1264 1314 1299 1374 et
1324 1309 1375 1395 jo·
1388 1280 1536 1376 iiiiiidniis

326 1410 433 1476 cundo
467 1411 578 1476 animo
611 1432 663 1477 res
696 1416 832 1478 suaset
861 1411 1080 1497 possessiones
1114 1410 1171 1475 sed
1206 1415 1241 1475 et
1270 1382 1525 1477 utiuslltfllltl'

324 1517 450 1578 statum
472 1512 616 1579 eeclesiis
638 1513 675 1577 in
697 1534 737 1578 ea
758 1513 864 1578 forma
890 1519 925 1578 et
946 1512 1100 1579 libertate
1122 1513 1285 1599 suscipere
1308 1481 1535 1598 qusfflb'ebu.

324 1612 394 1679 fuit
417 1614 552 1680 eeclesia
575 1614 629 1679 die
653 1635 718 1701 quo
741 1614 1003 1700 archiepiscopus
1029 1614 1073 1679 ab
1102 1614 1150 1679 eis
1180 1614 1216 1677 in
1245 1619 1373 1701 patrem

324 1721 359 1780 et
392 1720 555 1801 pastorem
589 1720 760 1802 susceptus
782 1714 853 1782 est¹
900 1715 1016 1782 Status
1038 1716 1161 1802 quippe
1183 1719 1218 1781 et
1239 1715 1375 1782 libertas

324 1815 468 1883 ccclesiae
491 1838 549 1902 per
571 1839 647 1882 eum
678 1818 848 1883 immutari
871 1817 925 1883 vel
948 1817 1139 1883 deteriorari
1161 1838 1228 1882 non
1251 1817 1375 1894 debuit,
1488 1855 1491 1860 ·

324 1917 381 2000 qui
404 1939 463 2003 per
485 1940 560 1984 eum
583 1919 712 1984 nullum
728 1920 896 2006 hucusque
918 1924 1106 2006 susceperat
1127 1919 1373 1985 incrementum.

323 2017 374 2083 De
397 2018 613 2086 celebratione
636 2042 715 2087 vero
737 2022 927 2086 divinorum
949 2022 984 2086 id
999 2042 1190 2107 responsum
1213 2026 1271 2098 est,
1287 2022 1375 2107 quod

324 2139 392 2184 non
414 2120 485 2206 ipsi,
508 2122 566 2186 sed
593 2123 771 2189 enormitas
793 2123 922 2188 sceleris
944 2123 1133 2188 canentium
1160 2128 1195 2188 et
1227 2123 1375 2209 jubilan-

324 2222 409 2286 tium
432 2225 569 2289 arterias
591 2225 795 2310 praecluserit
816 2231 851 2290 et
873 2225 990 2290 lauces.
1037 2225 1247 2315 Abeuntibus
1262 2227 1375 2311 itaque
1388 2229 1528 2275 remmon

1388 2282 1408 2325 is
1415 2281 1483 2333 given
1489 2280 1525 2323 tor

324 2323 470 2408 praefatis
492 2326 629 2402 nuntiis,
644 2348 682 2390 ea
704 2326 926 2392 misericordis
947 2327 1074 2392 miseris
1090 2327 1228 2392 obsessis
1243 2326 1375 2392 indulta
1387 2329 1524 2425 {¹32⁵ng
1592 2404 1595 2409 Δ

324 2430 382 2500 est,
398 2430 438 2489 ut
452 2425 653 2490 hostiolum²
674 2433 778 2511 portae
793 2427 946 2493 cimiterii
969 2427 1046 2491 solis
1069 2427 1249 2513 peregrinis
1268 2429 1375 2515 aperi·
1385 2434 1509 2535 {wgo

324 2531 424 2603 retur,
438 2548 481 2591 ne
503 2527 677 2592 turmatim
703 2525 783 2593 sed³
804 2527 997 2614 singulatim
1020 2528 1064 2592 ad
1094 2528 1207 2593 beatos
1230 2528 1373 2594 ecclesiae
1385 2531 1493 2625 mg

324 2632 454 2692 sanctos
476 2628 733 2714 ingrederentur.
780 2629 860 2694 Post
891 2629 961 2694 dies
994 2633 1106 2693 autem
1136 2648 1256 2714 paucos
1278 2635 1375 2715 porta
1387 2631 1518 2685 emm·

324 2729 477 2794 cimiterii
499 2751 558 2816 per
572 2730 798 2797 vicecomitem
816 2730 946 2797 Cantica
968 2735 1084 2815 aperta
1105 2736 1163 2808 est,
1187 2731 1376 2797 hominibus
1413 2744 1419 2749 “

325 2836 437 2895 tamen
460 2830 694 2918 archiepiscopi
728 2831 784 2898 hio
814 2838 849 2897 et
880 2831 1002 2918 ubique
1026 2853 1100 2897 oum
1123 2831 1250 2917 gladiis,
1274 2832 1377 2898 furcis

325 2940 360 2995 et
381 2930 534 3010 fustibus,
555 2937 651 2998 nocte
673 2939 709 2998 et
738 2934 790 2998 die
814 2933 983 3019 pervices
1009 2953 1087 2997 suas
1116 2932 1375 2998 observantibus.

160 3034 307 3081 mvl-⁶·
328 3031 420 3097 Foris
443 3033 547 3119 igitur
570 3055 700 3120 pugnae,
723 3036 816 3100 intus
839 3034 981 3100 timores.
1037 3033 1161 3100 Omnes
1186 3035 1284 3112 enim,
1306 3041 1376 3100 tam

326 3134 476 3200 monachi
507 3157 605 3221 quam
640 3157 752 3201 eorum
790 3137 897 3223 agniti
930 3136 984 3201 vel
1022 3138 1163 3223 cognati,
1194 3137 1376 3223 proditores

325 3237 560 3325 archiepiscopi
576 3240 787 3305 vocabantur.
834 3240 958 3305 Verum
981 3262 1023 3305 ne
1046 3239 1192 3326 aliquam
1214 3241 1375 3307 intactam
1388 3238 1488 3332 aomos}

325 3339 532 3425 praeterirent
553 3340 725 3418 malitiam,
748 3348 783 3407 et
799 3348 869 3407 tam
884 3341 1031 3407 honestae
1054 3342 1153 3407 curiae
1175 3343 1375 3408 munditiam
1388 3340 1510 3434 mm,

324 3439 536 3517 macularent,
551 3441 588 3505 in
610 3440 755 3508 officinas
770 3443 916 3527 ejusdem
939 3444 1047 3519 eurise,
1062 3443 1154 3508 aulas
1175 3450 1210 3508 et
1224 3466 1368 3510 cameras
1388 3441 1472 3485 ⁰⁶¹⁰*

325 3540 473 3628 publicas
504 3547 539 3606 et
576 3543 732 3628 privatas,
764 3550 803 3608 ut
836 3550 956 3610 caetera
989 3550 1170 3621 taceantur,
1209 3546 1378 3610 duxerunt

324 3642 541 3709 mulierculas.
587 3645 651 3709 His
683 3645 787 3731 igitur
818 3651 853 3710 et
889 3645 963 3711 aliis
1001 3646 1181 3711 innumeris
1215 3647 1378 3732 augustiis

325 3745 445 3811 cotidie
476 3745 589 3831 pressi,
612 3745 815 3811 miserabiles
850 3746 1001 3812 monachi
1034 3746 1222 3813 clamabant
1244 3748 1286 3813 ad
1309 3747 1378 3812 Do·

324 3849 452 3913 minum
476 3849 614 3926 fortiter,
637 3856 677 3914 ut
701 3872 755 3915 eos
779 3850 920 3936 eriperet
949 3850 991 3915 de
1021 3849 1171 3916 inimicis.
1218 3850 1379 3916 Sederat

325 3953 362 4016 in
399 3952 479 4038 ipsis
517 3952 762 4017 >formidolosior
799 3952 983 4038 trepidatio.
1031 3952 1116 4019 (lum
1154 3953 1243 4017 enim
1281 3952 1376 4018 Pauli

325 4051 491 4140 apostoli⁴
512 4053 624 4118 omnia
657 4053 892 4119 sustinuissent
921 4054 988 4119 fere
1018 4054 1172 4140 pericula,
1194 4055 1376 4140 periculum
1388 4059 1547 4157 maim

156 4166 298 4213 mor-Mt
327 4160 438 4222 tamen
471 4153 508 4219 in
537 4155 621 4220 mari
652 4161 688 4220 et
715 4156 898 4242 periculum
929 4156 966 4220 in
996 4155 1088 4221 falsis
1119 4156 1276 4222 fratribus
1302 4156 1377 4242 plus
1489 4140 1495 4153 ⁸

325 4255 452 4322 caeteris
482 4254 714 4321 formidabant.
775 4256 961 4323 Periculum
988 4256 1123 4342 inquam
1154 4257 1191 4321 in
1220 4257 1312 4336 mari,
1335 4280 1376 4323 ne

325 4357 444 4423 fratres
467 4378 580 4423 eorum
603 4363 639 4422 et
660 4358 780 4436 nuntii,
804 4379 886 4444 quos
916 4379 1003 4424 novo
1027 4364 1063 4423 et
1084 4359 1245 4425 inusitato
1271 4360 1378 4438 modo,

325 4459 430 4523 forma
452 4458 577 4525 scilicet
599 4458 703 4536 Pauli,
726 4459 839 4526 eadem
862 4459 916 4524 die
938 4481 1005 4545 qua
1026 4460 1118 4526 curia
1139 4460 1305 4527 confracta
1326 4465 1378 4527 est

411 4613 559 4621 —--„—.-
579 4613 617 4619 -.ω
637 4616 645 4620 .
679 4614 904 4623 --..—-.-—..
921 4615 1064 4623 ——a—

361 4687 431 4755 ἰοί]
445 4705 497 4739 om.
510 4689 540 4741 C.
911 4688 989 4757 ³red]
1004 4698 1038 4755 et,
1049 4690 1079 4743 0.

359 4766 370 4799 ²
382 4765 524 4836 hostiolam]
537 4769 679 4829 hostilium,
691 4770 722 4821 O.
911 4769 921 4801 ⁴
933 4767 1013 4819 Pauli
1024 4770 1146 4838 apostoli]
1160 4770 1228 4822 beati
1239 4770 1322 4837 Pauli,
1332 4770 1363 4824 C.

1145 4854 1245 4917 oct
