3544 5724
649 945 760 995 ornes
781 945 971 997 msrosrcs
1306 932 1328 1001 7

274 1140 325 1200 rat
346 1140 382 1199 et
403 1134 549 1200 maxime
579 1135 788 1200 securitatem
814 1135 934 1201 habere
957 1135 1132 1222 cupientes.
1180 1133 1326 1201 Chorum
1349 1157 1481 1219 psoium·

274 1237 385 1353 itaque
418 1236 628 1302 combustum
660 1237 788 1302 diruere
815 1242 1049 1353 copsenserunt
1069 1239 1234 1324 patienter
1263 1235 1327 1303 etsi
1347 1208 1485 1353 Ἠέξὲἓῖ

272 1360 338 1404 non
360 1337 510 1405 hbentcr.
558 1338 599 1403 In
621 1339 832 1425 adquirendis
854 1339 957 1426 igitur
979 1340 1144 1426 lapidibus
1165 1346 1325 1406 transma-
1364 1359 1464 1411 suune,

272 1441 353 1505 riuis
375 1462 476 1528 opere
497 1441 577 1506 date
598 1446 658 1506 est
703 1441 757 1505 Ad
779 1463 880 1507 naves
903 1442 1084 1508 onerandas
1098 1449 1133 1508 et
1147 1462 1324 1508 exoneran-
1338 1410 1494 1492 ΜΨ

273 1542 339 1619 das,
362 1543 406 1608 ad
429 1548 615 1609 cementum
637 1542 736 1607 etad
759 1542 884 1629 lapides
910 1543 1087 1610 trahendos
1117 1549 1326 1609 tornamenta

272 1644 354 1711 fecit
375 1645 474 1711 valde
496 1645 670 1731 ingeniose.
717 1643 852 1710 Formas
874 1667 1003 1731 quoque
1033 1646 1075 1710 ad
1107 1645 1232 1731 lapides
1262 1645 1325 1710 for·
1338 1653 1485 1750 midai

273 1747 431 1813 mandos¹
453 1746 506 1812 his
539 1747 597 1833 qui
629 1752 850 1813 convenerant
880 1746 1100 1842 sculptoribus
1125 1747 1264 1813 tradidit
1293 1752 1328 1812 et
1487 1737 1494 1749 '

273 1848 339 1914 ulia
352 1848 389 1913 in
403 1847 494 1916 huno
515 1848 649 1914 modum
671 1847 810 1915 sollicite
828 1849 1036 1936 praeparavit.
1082 1848 1211 1914 Chorus
1225 1848 1328 1935 igitur

274 1950 489 2016 destructioni
522 1950 730 2036 adjudicatus
764 1950 917 2028 diruitur,
944 1957 979 2017 et
1009 1956 1130 2038 praeter
1162 1950 1234 2017 haec
1256 1955 1328 2016 toto

273 2073 361 2117 anno
382 2052 442 2119 illo
464 2051 567 2118 nichil
590 2052 715 2119 factum
738 2059 796 2118 est

318 2153 484 2235 Quoniam
500 2176 579 2223 vero
596 2176 721 2220 novum
736 2175 818 2241 opus
842 2155 877 2219 in
892 2153 995 2220 alium
1017 2161 1143 2220 statum
1158 2161 1326 2220 mutatum
1340 2175 1436 2221 mesu

274 2262 332 2332 est,
355 2277 423 2321 non
454 2255 575 2321 inutile
605 2256 687 2320 duri
709 2260 835 2323 statum
867 2256 1048 2323 describere
1083 2257 1269 2335 vetustatis,
1293 2225 1484 2322 etibnffiem

275 2356 393 2424 deinde
409 2359 578 2424 novitatis.
624 2357 799 2424 AEdmerus
822 2358 1024 2424 venerabilis
1042 2366 1156 2425 cantor
1179 2360 1215 2424 in
1230 2381 1326 2446 opus·
1340 2327 1472 2423 duffii*

275 2459 358 2525 culis
380 2461 450 2525 suis
474 2466 618 2526 veterem
641 2460 809 2527 ecclesiam
828 2483 871 2527 ex
894 2483 983 2527 more
1015 2460 1238 2527 Romanorum
1261 2461 1327 2528 fac-

276 2568 343 2627 tam
375 2562 539 2640 describit,
570 2584 670 2650 quam
704 2562 917 2629 lamfrancus
953 2561 1223 2649 archiepiscopus,
1253 2584 1329 2628 cum

276 2663 592 2752 archiepiscopatum
614 2665 802 2752 susciperet,
824 2665 1027 2731 combustam
1050 2665 1232 2742 inveniens,
1254 2666 1329 2729 fun·

277 2766 366 2832 ditus
388 2767 519 2833 evertit.
563 2767 740 2834 Ecclesiam
765 2766 890 2834 Christi
911 2767 1011 2833 tertio
1033 2768 1238 2833 combustam
1262 2789 1330 2832 csse
1343 2786 1467 2832 austeres

277 2868 434 2957 legimus:
457 2870 572 2957 primo,
588 2870 719 2956 quando
737 2869 854 2937 beatum
877 2876 1005 2956 martyr
1019 2870 1167 2957 AElfegus
1189 2869 1331 2935 aDanis
1343 2837 1467 2934 Pasiam

279 2975 395 3059 captus
417 2978 469 3038 est
490 2979 525 3038 et
547 2973 706 3059 martyrio
738 2978 933 3039 coronatus:
954 2972 1104 3050 secundo,
1127 2994 1203 3038 cum
1235 2971 1331 3037 Lam·

279 3074 410 3141 francus
426 3074 638 3141 Ca'domensis
649 3075 751 3141 abbas
761 3075 1075 3163 archiepiscopatum
1085 3074 1333 3141 Oantuariensis

278 3177 423 3244 ecclesiae
445 3177 590 3264 suscepit
621 3178 820 3265 regendum:
844 3179 943 3244 tertio
974 3200 1062 3257 vero,
1096 3183 1242 3265 tempore
1274 3177 1332 3242 Ri-

278 3280 368 3347 cardi
400 3280 634 3367 archiepiscopi
668 3286 703 3346 et
733 3279 859 3347 Odonis
890 3280 1015 3368 prioris.
1061 3280 1158 3347 Hanc
1180 3279 1333 3346 ultimam

278 3382 414 3469 quidem
446 3405 513 3450 non
535 3382 684 3471 legimus,
706 3383 764 3449 sed
786 3383 875 3469 quod
897 3382 1115 3449 miserabilius
1147 3387 1207 3461 est,
1230 3381 1333 3449 oculis

279 3485 514 3573 perspeximus.
561 3486 661 3553 Nunc
675 3507 753 3573 ergo
768 3485 890 3552 veteris
911 3485 1054 3552 ecclesiae
1072 3484 1333 3572 descriptionem,

279 3588 367 3655 sicut
389 3610 462 3655 cam
485 3587 643 3656 describit
663 3586 861 3654 AEdmerus²
881 3587 1062 3656 subiciam:

136 3704 269 3773 intumas
316 3708 338 3733 ‘⁴
352 3705 499 3761 mmor.
535 3703 720 3761 Venerabilis
733 3702 912 3775 Odocorpus
929 3702 1008 3760 beati
1019 3700 1170 3759 Wilsridi³
1187 3700 1335 3772 pontificis
1347 3717 1465 3763 mm

136 3773 238 3842 Q,

137 3841 270 3908 Μῑὼυί,

282 3791 302 3815 “
321 3787 548 3844 Eboracensium
569 3787 605 3843 de
632 3786 772 3861 Rhipun⁴
790 3786 941 3844 sublatum
966 3785 1153 3843 Ouutuarism
1180 3782 1334 3841 transtule-
1347 3770 1481 3863 mm

137 3904 270 3968 meuc·
284 3875 303 3984 :I
321 3878 378 3970 rat,
397 3879 429 3929 et
452 3871 528 3928 illud
544 3872 577 3928 in
595 3872 717 3929 editiore
742 3872 875 3938 entheca,
889 3878 923 3928 ut
940 3871 1064 3943 ipsemet
1085 3869 1198 3935 scribit,
1216 3869 1272 3925 hoc
1289 3868 1445 3926 ostoburch.

137 3976 182 4026 au.

322 3976 355 4012 m
381 3955 486 4029 majori
512 3955 598 4012 altari
618 3955 696 4028 qnod
721 3956 754 4011 in
778 3955 913 4012 orientali
933 3953 1100 4026 presbiterii
1124 3958 1207 4025 parte
1229 3952 1335 4025 parieti

284 4042 303 4068 ‘⁴
323 4039 495 4109 contiguum
507 4038 544 4095 da
561 4038 703 4110 impolitis
721 4036 867 4110 lapidibus
885 4041 916 4093 ct
933 4042 1065 4093 cemento
1083 4040 1248 4092 extructum
1260 4040 1334 4098 erat,

285 4126 304 4150 ‘⁸
323 4123 454 4196 digniter
471 4122 671 4178 collocaverat.
708 4122 781 4177 Erat
798 4120 876 4177 onim
894 4122 960 4193 ipsa
976 4120 1107 4188 ecclesia,
1128 4119 1207 4192 quod
1218 4137 1270 4191 per
1288 4137 1335 4175 ex·

285 4208 437 4264 “cessum
464 4204 523 4263 dici
548 4205 696 4279 patienter
723 4223 821 4277 quaeao
846 4204 1015 4277 accipiatur,
1041 4203 1118 4260 sicut
1141 4204 1174 4259 in
1198 4203 1337 4275 hystoriis
1350 4192 1446 4287 {mn

287 4296 304 4320 ‘⁶
324 4292 406 4347 Beda
422 4297 556 4357 testatur,
574 4291 773 4348 Romanorum
790 4307 878 4364 opere
895 4290 981 4355 taeta,
998 4294 1029 4345 et
1046 4307 1082 4345 ex
1107 4287 1232 4360 quadam
1255 4292 1338 4359 parte
1350 4292 1491 4339 chauonim

286 4378 305 4401 “
324 4375 362 4431 aa
379 4371 573 4431 imitatem
591 4372 721 4430 saraia
735 4372 813 4430 aas
831 4372 1027 4445 apostolorum
1045 4370 1187 4444 principis
1205 4369 1295 4435 asar,
1306 4370 1338 4426 in
1350 4344 1413 4389 ‘¹⁸¹³
1427 4355 1451 4387 ¹¹·

288 4461 307 4487 '‘
325 4477 383 4543 qua
400 4458 605 4515 sacratissime
622 4456 758 4530 reliquioe
775 4455 866 4514 totius
884 4455 964 4513 orbis
980 4456 1170 4513 veneratione
1189 4453 1336 4511 celebrau-

321 4743 329 4777 ι
332 4743 493 4811 sm]
509 4759 558 4796 m
569 4745 603 4794 A⁸
615 4743 663 4804 B.;
680 4742 727 4793 im·
740 4741 771 4794 c·
840 4720 897 4778 tory
914 4711 944 4763 ol
961 4712 1120 4777 Centerbury
1138 4707 1281 4771 cathedral,
1298 4720 1340 4774 pp.

319 4850 488 4918 tauma]
521 4849 655 4909 umerus,
684 4847 713 4900 c.
747 4847 797 4900 see
842 4797 1025 4940 spPie-isse]
1042 4872 1194 4933 wreus.

289 4922 531 4985 ProteswrWillis’s
540 4929 727 4981 Architsctmal
738 4927 798 4979 His·
876 4951 886 4986 s
899 4951 1013 5021 pin-W]
1028 4953 1121 5018 mmm,
1133 4951 1162 5004 c,
