3572 5744
423 923 467 987 40
622 932 784 986 annvssn
806 934 967 985 nossem
990 933 1264 985 cmrusmaams

273 1141 402 1191 mamone
426 1125 443 1151 “
465 1139 562 1198 oves3
584 1125 619 1184 et
640 1120 729 1205 quod
751 1120 866 1186 dnrim
888 1126 940 1186 est
960 1120 1023 1187 hoc
1044 1126 1182 1188 conatur
1204 1119 1338 1197 efficere,
1352 1124 1393 1184 ut
1406 1118 1479 1184 ovis

294 1193 381 1287 {illd
426 1229 443 1254 “
466 1222 585 1287 misera
605 1244 665 1288 suo
687 1223 814 1289 nudata
835 1224 965 1303 vellere,
983 1224 1135 1311 luporum
1158 1231 1193 1290 et
1214 1246 1332 1291 eanum
1355 1223 1480 1288 vallata

292 1294 383 1387 »pana
426 1331 443 1356 (ι
545 1325 552 1339 .
916 1327 923 1341 .
1022 1329 1029 1342 .
1109 1329 1116 1343 .
1286 1327 1330 1340 ..
1453 1325 1460 1339 .

267 1344 406 1439 maringe
466 1345 607 1410 agmine,
639 1326 702 1392 sub
735 1331 860 1393 aeterno
890 1333 988 1394 vrvat
1019 1334 1165 1394 mtentu.
1221 1326 1352 1393 Ootrdre
1384 1324 1479 1390 nobrs

313 1466 364 1476 —
427 1427 600 1494 “duriora
632 1429 771 1517 apponit
793 1430 1049 1508 verberasse
1084 1431 1293 1498 'criminosum
1327 1428 1480 1494 videatur

427 1536 444 1562 “
466 1530 555 1615 quod
577 1529 648 1596 dire
670 1530 835 1619 flagellato
853 1533 949 1600 licuit
970 1534 1048 1600 flere
1062 1535 1125 1599 sub
1139 1534 1281 1599 verbera
1327 1530 1481 1619 aprima

426 1639 443 1665 “
466 1632 554 1696 enim
587 1635 793 1719 percussione
823 1634 884 1701 sua
917 1659 1020 1724 usque
1052 1659 1141 1704 nunc
1163 1637 1223 1702 vix
1256 1657 1360 1702 unum
1392 1634 1480 1700 diem

425 1742 442 1767 “
465 1734 560 1800 nobis
583 1738 734 1822 permisit
754 1737 876 1804 habere
898 1740 1055 1826 quietum.

470 1846 487 1872 “
510 1836 596 1903 Cum
619 1840 732 1926 igitur,
754 1843 939 1908 venerande
961 1850 1064 1929 pater,
1086 1842 1122 1906 in
1145 1841 1297 1908 omnibus
1319 1839 1372 1905 his
1394 1840 1480 1907 Oan-
1591 1864 1597 1882 ·

257 1847 366 1904 unsym-

257 1904 322 1970 traat
328 1902 369 1963 the

257 1953 413 2049 mx„
425 1948 442 1974 “
465 1928 639 2007 tuariensis
674 1944 808 2011 eeclesia
830 1947 964 2013 unicum
996 1947 1039 2011 ad
1062 1968 1120 2011 vos
1153 1944 1275 2011 habeat
1307 1942 1480 2031 refugium,

257 2053 381 2149 {2222ng
425 2051 441 2076 ‘⁴
464 2044 551 2129 petit
572 2048 733 2113 attentius
756 2054 796 2114 ut
817 2050 996 2116 secundum
1019 2049 1133 2115 datam
1155 2048 1250 2114 vobis
1264 2069 1286 2112 a
1300 2047 1371 2112 Deo
1393 2048 1479 2133 sapi-

255 2153 379 2259 {ffig‘
424 2153 441 2178 “
463 2146 589 2213 entiam
604 2156 825 2238 opportunum
842 2154 872 2218 ei
887 2154 1061 2238 praebeatis
1075 2151 1230 2218 solatium
1245 2158 1280 2216 et
1293 2150 1483 2236 ingruentia

363 2238 369 2250 ⁶
424 2254 442 2281 “
464 2248 551 2315 mala
573 2271 676 2317 manu
698 2254 929 2321 misericordia
951 2255 1125 2341 repellatis.
1171 2254 1254 2319 Haec
1269 2252 1390 2317 etenim
1407 2274 1480 2318 nos-

425 2357 441 2383 “
464 2355 518 2416 tra
544 2373 642 2420 eausa
667 2356 771 2422 totius
797 2357 991 2444 Anglieanae
1011 2356 1154 2424 eoelesiae
1176 2363 1212 2421 et
1233 2355 1381 2421 omnium
1403 2354 1481 2420 aub-

425 2463 441 2489 “
466 2455 611 2523 ditorum
644 2480 743 2527 causa
777 2467 835 2539 est,
859 2466 894 2527 et
915 2461 1103 2548 exemplum
1138 2460 1202 2526 erit
1235 2460 1271 2524 in
1304 2466 1479 2546 posterum.

424 2566 441 2591 “
466 2558 565 2625 Unde
587 2561 690 2640 vobis,
713 2564 767 2650 pis
786 2568 889 2651 pater,
904 2557 1133 2650 summopere1
1155 2562 1408 2649 praecavendum
1430 2567 1483 2627 est

424 2670 441 2694 “
464 2668 499 2728 et
514 2666 765 2750 opponendum²
786 2667 978 2745 remedium,
993 2689 1035 2732 ne
1057 2666 1179 2732 futuris
1202 2666 1404 2752 temporibus
1426 2663 1479 2729 vel

423 2774 440 2800 ‘⁴
463 2769 682 2852 praesentibus
712 2771 778 2835 ista
814 2771 1028 2837 retrahantur
1060 2771 1096 2834 in
1130 2769 1404 2855 consequentiam,
1438 2789 1480 2832 ne

423 2876 440 2903 “
458 2871 609 2955 'perversi
631 2878 778 2958 pastores
800 2896 933 2961 gregem
955 2873 1156 2941 conturbent
1176 2873 1239 2937 sibi
1263 2872 1480 2948 commissum,

423 2979 439 3005 “
463 2993 505 3037 ne
530 2977 678 3059 pastores
700 2982 936 3042 convertantur
958 2977 996 3042 in
1028 2976 1132 3062 lupos,
1159 2997 1202 3040 ne
1234 2997 1332 3062 grege
1363 2973 1480 3060 fugato

422 3082 439 3107 ‘¹
462 3075 564 3141 etiam
580 3075 682 3143 ovilia
701 3078 922 3145 destruantur.
970 3079 1148 3145 Succurrat
1170 3078 1282 3165 igitur,
1304 3080 1480 3153 succurrat,

423 3185 439 3209 “
462 3177 517 3263 pie
538 3184 641 3264 pater,
666 3179 744 3246 filiis
767 3182 886 3246 vestris
912 3182 1057 3268 benigna
1078 3180 1268 3267 paternitas,
1291 3202 1332 3243 ne
1354 3178 1480 3245 caeteris

423 3281 626 3366 “oppressis
654 3303 746 3369 spem
776 3283 952 3350 subtrahat
984 3283 1198 3371 protectionis
1224 3287 1260 3348 et
1281 3286 1406 3347 metum
1429 3280 1479 3345 in·

423 3390 440 3416 “
463 3382 549 3450 ferat
571 3384 835 3470 desperationis.''

446 3576 686 3646 ”Pnasnourro
708 3594 828 3646 causa
852 3596 988 3647 eomas
1010 3579 1255 3646 anawrsnu
1277 3595 1457 3645 meamn-

882 3700 1025 3750 scopon.

260 3826 411 3882 ramosos
468 3819 661 3885 “Audistis
697 3820 852 3886 hesterno
890 3822 952 3899 dic,
991 3820 1176 3887 venerande
1213 3825 1316 3906 pater,
1353 3821 1480 3887 domini

260 3888 440 4035 ⁰ffim
463 3923 567 3987 nostri
589 3922 823 4012 archiepiscopi
846 3925 980 3990 modum
1003 3923 1179 4002 electionis,
1203 3944 1334 3989 eausam
1364 3925 1479 4013 primae

309 4062 360 4072 -
423 4033 441 4059 “
463 4024 702 4112 appellationis,
723 4026 865 4092 formam
887 4026 1152 4105 renuntiationis,
1174 4026 1320 4092 enormia
1350 4048 1479 4114 quoque

422 4128 654 4213 “gravamina
691 4149 751 4216 pro
786 4129 906 4216 quibus
940 4130 1081 4197 secundo
1115 4128 1318 4217 appellatum
1353 4133 1410 4209 est,
1445 4135 1480 4194 et

423 4237 439 4263 “
463 4230 610 4317 ejusdem
633 4231 864 4318 appellationis
887 4234 1121 4299 executionem.
1176 4231 1217 4297 In
1233 4232 1391 4299 electione
1406 4253 1478 4318 per-

422 4340 439 4367 “
462 4333 573 4419 spicue
587 4333 759 4420 palliatam
780 4334 903 4401 videtis
918 4334 1143 4414 intrusionem,
1160 4336 1196 4401 in
1211 4340 1351 4423 utraque
1366 4335 1477 4423 appel-

456 4564 635 4634 manopera]
650 4582 748 4619 summo
760 4582 843 4633 opere,
855 4567 886 4619 C.
969 4570 985 4597 “
1003 4567 1164 4619 Theodbaldi
1180 4568 1362 4635 archiepiscopi
1374 4577 1400 4620 et
1415 4570 1477 4621 Bel·

454 4645 917 4713 ’opmmuumeraeponensumc
970 4653 986 4678 “
1003 4646 1121 4699 dewini.’'
1171 4647 1251 4700 Great
1277 4656 1336 4715 part
1363 4648 1393 4699 of
1425 4648 1476 4700 this

454 4724 574 4777 'Rubrio
610 4725 638 4775 in
673 4727 718 4779 Ca
756 4726 927 4778 “Prosecutio
969 4726 1144 4795 “Imaginatio
1154 4728 1169 4755 '’
1187 4726 1210 4778 is
1226 4727 1478 4794 reproduaedinthe

422 4806 438 4834 “
458 4820 543 4857 masa
554 4805 645 4871 prioris
653 4806 797 4859 manantis
805 4807 928 4876 originem
971 4807 1105 4862 Chronicle
1117 4807 1201 4861 which
1212 4809 1320 4861 foueas.

421 4892 437 4916 “
455 4885 645 4940 cantuariensis
666 4888 781 4941 ecelesia
808 4896 835 4940 et
856 4896 927 4940 actus
