3662 5728
744 809 879 898 ¹oanan
902 848 1095 899 msroarca
1388 831 1450 904 171

395 1032 475 1101 fatae
513 1034 752 1103 Londoniensis
789 1032 933 1101 ecclesie
969 1055 1058 1101 novo
1095 1035 1297 1122 scripserunt
1342 1034 1454 1111 electo,
1485 1053 1613 1100 auara·

397 1137 589 1224 suppliciter
620 1136 826 1224 postulantes
860 1137 1019 1225 quatinus
1051 1139 1202 1226 episcopo
1232 1136 1455 1204 Wintonieusi
1468 1119 1615 1231 ffffl'fissd

397 1239 512 1307 liceret
532 1241 569 1305 in
592 1239 835 1307 consecratione
857 1240 917 1306 illa
939 1240 1178 1307 Londoniensis
1201 1240 1345 1327 episcopi
1367 1240 1456 1306 vices
1468 1221 1591 1366 fflffssl'

396 1362 502 1428 agere,
524 1341 611 1408 sicut
631 1340 790 1409 hactenus
813 1342 850 1406 in
872 1342 1055 1408 minoribus
1078 1343 1200 1408 fecerat
1229 1341 1453 1408 sacramentis.
1468 1323 1622 1418 ffissff'

399 1441 645 1510 Consenserunt
666 1445 780 1531 itaque
802 1444 863 1508 vix
892 1445 1027 1509 tandem
1051 1444 1203 1531 episcopi,
1227 1449 1262 1510 et
1291 1464 1456 1510 consecra-

401 1545 454 1610 vit
491 1568 567 1612 eum
602 1546 767 1612 Henricus
801 1545 1041 1612 Wintonicnsis
1075 1547 1254 1633 episcopus,
1283 1546 1459 1612 Dominica

402 1652 595 1714 octavarum
618 1648 836 1725 Pentecostes,
859 1646 936 1713 iiifi0
957 1669 1061 1713 nonas
1083 1647 1188 1725 Junii,
1210 1649 1459 1735 quadragesimo

230 1764 383 1845 elapsos.
401 1750 531 1816 circiter
564 1750 673 1816 aetatis
705 1771 773 1816 suae
800 1770 896 1827 anno,
923 1750 1110 1815 astantibus
1137 1755 1172 1815 et
1208 1749 1459 1837 cooperantibus

229 1833 348 1883 ¹¹¹³·¹¹L⁰·
357 1835 382 1881 ⁴·
403 1852 555 1918 omnibus
577 1852 644 1918 fere
667 1851 882 1939 suffraganeis
917 1850 1060 1917 ecclesiae
1093 1850 1349 1918 Cantusriensis.
1396 1852 1459 1917 Eo-

401 1977 476 2020 rum
500 1955 557 2040 qui
581 1954 749 2020 affiremnt
777 1954 913 2021 nomina
943 1960 1023 2020 sunt
1056 1954 1147 2020 hoec:
1178 1954 1343 2020 Hernicus
1365 1954 1459 2021 Win-

402 2056 571 2135 toniensis,
609 2056 762 2144 Nigcllus
800 2055 975 2132 Heliensis‚
1013 2056 1178 2122 Robertus
1219 2057 1460 2136 Bathoniensis,

403 2158 571 2225 Jocelinus
605 2157 867 2236 Saresberiensis,
899 2157 1086 2224 Willelmus
1121 2158 1351 2237 Norwicensis
1386 2159 1460 2246 Hy·

403 2261 506 2326 larius
540 2260 761 2338 Ciceshensis,
785 2260 946 2326 Ricardus
977 2259 1167 2339 cestrensis,
1199 2261 1461 2328 Bartholomaeus

404 2363 609 2441 Exonicnsis,
633 2362 798 2428 Robertus
829 2361 1074 2439 Lincolniensis,
1098 2362 1265 2428 Walterus
1289 2364 1460 2444 Roffensis,

405 2463 587 2531 Nicholaus
621 2464 855 2541 Lendavensis,
878 2463 990 2529 David
1025 2463 1240 2542 Mcnavensis,
1265 2465 1462 2531 Godefridus

405 2565 627 2643 Lcnelvensis,
643 2565 831 2631 Gilebertus
849 2564 1108 2629 Herefordensis.
1154 2565 1233 2631 Tres
1256 2567 1462 2652 episcopatus

405 2668 442 2732 in
464 2667 587 2754 Anglia
613 2667 779 2733 vacabant
801 2666 879 2752 quia
912 2686 1025 2731 eorum
1059 2670 1206 2750 pastores
1239 2668 1463 2750 decesserant3

406 2768 530 2835 scilicet
567 2768 814 2846 Londoniensis,
853 2766 1101 2854 Wigorniensis,
1140 2773 1175 2833 et
1196 2768 1463 2856 Bangornensis.¹

407 2868 640 2936 Mentiuntur²
661 2870 759 2957 plane
781 2871 840 2956 qui
863 2869 980 2935 dicunt
1012 2869 1276 2959 Londoniensem
1310 2872 1463 2938 electioni

407 2972 542 3057 Thomas
574 2971 808 3058 archiepiscopi
841 2971 1010 3049 restitisse,
1042 2972 1123 3058 quia
1153 2973 1246 3039 sedas
1279 2973 1345 3052 illa,
1376 2974 1462 3039 Lon·

407 3074 515 3140 doniae
538 3073 670 3153 scilicet,
693 3073 759 3138 illis
782 3073 898 3140 diebus
920 3073 1061 3151 vacavit,
1085 3080 1120 3139 et
1149 3080 1263 3161 postea
1294 3077 1464 3163 usquead

408 3176 631 3241 Nativitatem
647 3175 791 3240 Domini.
838 3173 1055 3240 Consecratus
1070 3181 1191 3254 autem,
1206 3183 1246 3242 ut
1267 3179 1464 3264 preadictum
1475 3199 1588 3245 normu-

408 3283 468 3354 est,
491 3276 632 3342 Thomas
656 3275 905 3342 Oantueriensis
936 3275 1207 3364 archiepiscopus,
1230 3280 1379 3345 instituit
1400 3280 1463 3346 fes·
1476 3250 1617 3346 ῗέιῗιῗῖῗῗιιο

408 3379 577 3444 tivitatem
600 3378 814 3465 principalem
838 3376 971 3444 Scnctae
993 3377 1167 3445 Trinitatis
1198 3380 1337 3468 singulis
1367 3351 1574 3448 annisffiw'

409 3481 644 3566 inperpetuum
678 3480 732 3545 die
769 3484 962 3546 octavarum
984 3478 1193 3547 Pentecostes
1227 3480 1463 3563 celebrandam

409 3581 497 3647 unde
519 3585 555 3646 et
576 3581 647 3667 ipse
669 3581 784 3647 eadem
807 3581 861 3646 die
883 3580 1017 3646 missam
1040 3581 1226 3648 celebravit.

373 3676 378 3685 ’
454 3682 528 3748 Hoc
572 3703 660 3748 anno
705 3682 914 3749 Fretherious
952 3682 1131 3768 imperator
1168 3684 1317 3751 inclitam
1355 3685 1464 3754 Italiae
1476 3702 1636 3799 ww

410 3785 526 3850 urbem
548 3784 715 3850 subvertit
737 3784 970 3850 Mediolanum.
1477 3766 1568 3850 msa'

470 3895 638 3950 Alexander
672 3907 751 3951 vero
807 3908 894 3972 papa
935 3886 1142 3971 imperatoris
1181 3889 1343 3976 ἱῙῙῙΙἮΠῙῙῙ
1380 3891 1465 3956 ferro
1477 3905 1612 4002 ffiffla

242 3994 390 4047 Heraeor-
412 4008 480 4053 non
517 3986 640 4066 valens,
671 3992 707 4053 et
743 3987 965 4054 Romanorum
992 3999 1098 4055 scisma
1133 3993 1290 4071 devitans,
1323 3993 1466 4059 navibus
1478 4009 1573 4054 ermae.

242 4061 393 4181 3225:
413 4089 572 4155 advectus
623 4089 730 4176 primo
779 4098 857 4170 apud
900 4100 1031 4156 Mentem
1072 4099 1264 4157 Pessulanum
1311 4097 1467 4175 applicuit,

242 4198 302 4246 aa.
414 4200 521 4275 ibique
555 4191 748 4271 aliquamdiu
779 4217 892 4256 moram
917 4193 1000 4270 lecit,
1038 4193 1157 4259 deinde
1194 4195 1289 4260 venit
1321 4196 1358 4261 in
1390 4196 1466 4262 Gal·

449 4374 459 4408 ¹
470 4374 672 4443 Bcapcrscasis]
685 4375 877 4443 Bangcriensia
884 4378 917 4428 B.
963 4376 1064 4429 Gilbert
1071 4377 1157 4429 Foliot
1168 4385 1287 4430 scemata
1294 4381 1326 4430 bc
1337 4389 1422 4432 meant
1432 4383 1468 4448 by

448 4453 646 4522 'MentimurJ
679 4454 919 4508 Thisisadlstinct
962 4456 1135 4522 anticipatiom
1146 4448 1470 4523 cpposcd‘tbeclccticnof

415 4533 543 4583 reference
564 4541 592 4584 to
615 4535 659 4585 the
679 4533 823 4601 biography
842 4534 874 4584 cf
892 4534 918 4585 S.
962 4536 1081 4587 Thomas.
1116 4535 1166 4588 See
1185 4537 1240 4587 also
1257 4538 1384 4605 Rogmoi
1398 4540 1467 4591 Pon·

414 4613 528 4663 Thomas
538 4613 573 4678 by
583 4614 692 4664 Edward
704 4613 778 4664 (irim
789 4614 831 4677 (S.
842 4614 873 4665 T.
887 4613 918 4665 C.
962 4613 1044 4680 tigny,
1064 4614 1097 4666 ib.
1119 4631 1145 4680 p.
1169 4620 1234 4677 107;
1255 4617 1293 4669 W·
1313 4618 1386 4671 Cant.
1414 4621 1468 4683 (ed

415 4692 598 4755 i.15),where
618 4691 638 4744 it
656 4691 678 4742 is
697 4694 781 4743 stated
799 4693 855 4744 that
877 4693 921 4743 the
965 4693 1129 4759 Robertson),
1140 4710 1165 4759 p.
1178 4700 1202 4746 9.

416 4769 508 4836 bishop
527 4771 559 4821 ol
570 4771 687 4832 London,
697 4774 733 4837 by
745 4770 829 4822 which
847 4787 920 4822 name
