3628 5728
422 869 489 935 490
624 886 786 934 onuvlsu
809 885 970 935 nossem
993 886 1268 936 cnuronrrnusm

269 1084 391 1127 unum.
421 1071 497 1131 tem.
545 1066 676 1144 Verum,
700 1067 779 1151 quia
808 1067 967 1133 dissensio
997 1067 1085 1133 inter
1115 1089 1170 1132 eos
1200 1067 1289 1132 fucta
1319 1070 1369 1129 est
1399 1064 1473 1149 quis

253 1148 311 1191 uere
319 1147 397 1191 “¹¹⁶¹'‘
422 1191 534 1235 eorum
566 1169 734 1234 videretur
764 1192 832 1236 esse
855 1171 968 1257 major,
991 1169 1095 1237 nichil
1117 1170 1171 1236 vel
1201 1191 1319 1256 purum
1342 1188 1474 1254 prospe·

421 1271 531 1337 ritetis
554 1272 601 1336 eis
615 1271 743 1338 accidit.
789 1273 949 1339 Attamen
971 1279 1139 1358 utcunque
1155 1273 1266 1339 Acron
1288 1277 1385 1357 captu
1400 1266 1471 1336 est¹

252 1399 404 1444 rhenense
466 1376 578 1440 Mense
610 1375 731 1440 Martio
754 1397 796 1440 ex
819 1376 975 1442 mandato
1001 1376 1091 1463 regio
1121 1399 1181 1463 per
1209 1374 1398 1462 peregrinos
1424 1373 1473 1437 rie

252 1451 366 1494 thom-ch·
550 1477 557 1492 .
715 1477 722 1490 .
849 1477 856 1492 .
1119 1478 1126 1492 .
1255 1476 1263 1492 .
1423 1476 1430 1490 .

252 1501 354 1553 eunom
419 1477 616 1543 lerosohme
637 1498 759 1563 possum
781 1483 953 1543 vementes
982 1500 1094 1543 rumor
1117 1477 1282 1545 mereburt
1313 1477 1354 1541 de
1377 1475 1472 1541 obitu

252 1551 345 1646 unu
420 1579 606 1646 sedewne
639 1579 887 1645 cantuariensis
921 1580 1164 1668 ecnepsepu
1211 1579 1310 1646 cnse
1343 1579 1472 1644 noneo-

253 1651 394 1748 ii'iiiffdm
419 1683 543 1748 niensis
576 1682 755 1769 episcopus,
778 1683 871 1768 quasi
904 1682 945 1748 de
976 1705 1114 1771 sompno
1143 1688 1362 1770 experrectus,
1386 1680 1472 1747 Onn-

419 1786 562 1852 tuuriam
585 1806 761 1871 properans
795 1784 985 1871 appellavit,
1019 1791 1055 1850 et
1088 1806 1162 1851 cum
1193 1807 1232 1850 eo
1264 1784 1400 1870 quidem
1432 1784 1472 1849 de

420 1888 588 1965 scaccario,
610 1908 652 1952 ne
685 1887 758 1972 quis
791 1886 914 1972 absque
948 1886 1148 1953 conscientie
1170 1887 1313 1974 episcopi
1336 1885 1390 1952 vel
1421 1908 1472 1950 ns·

253 2008 362 2068 usmeta
420 2011 518 2055 sensu
540 1989 630 2075 regio
659 1989 696 2052 in
726 1987 1004 2075 archiepiscopum
1036 1989 1219 2077 eligeretur.
1266 1989 1349 2055 Haec
1378 1989 1473 2054 nudi·

251 2064 389 2158 iiiiii&
420 2099 512 2159 entes
535 2091 696 2168 monachi,
715 2091 788 2156 “Et
802 2091 888 2170 nos,'’
911 2092 1079 2178 inquiunt,
1102 2102 1188 2179 “pro
1211 2092 1369 2158 electione
1391 2091 1471 2157 faci·

251 2164 351 2262 lilim
420 2204 437 2231 “
460 2196 553 2274 endu,
576 2218 635 2282 pro
657 2216 736 2261 voce
759 2194 874 2280 prima,
896 2216 956 2281 pro
979 2195 1133 2262 universo
1157 2199 1249 2262 stetu
1271 2194 1415 2261 eoclmiae
1437 2199 1472 2260 et

420 2307 436 2334 “
459 2298 650 2385 privilegiis,
672 2296 716 2361 eb
747 2297 837 2362 omni
870 2297 1063 2383 gravamine
1095 2297 1326 2385 appellemus''
1386 2297 1470 2363 Haec

419 2402 526 2488 prims
547 2401 682 2465 fluerunt
711 2398 873 2464 bellorum
894 2400 1064 2485 praeludin.
1111 2399 1335 2468 cancellarius
1357 2406 1470 2466 sutem

420 2503 612 2569 confiscavit
633 2501 958 2587 archiepiscopatum.

252 2630 408 2675 comentur
466 2605 560 2671 Obiit
582 2626 669 2691 pepe
691 2602 853 2682 Clemens,
876 2603 930 2670 cui
953 2602 1108 2671 successit
1122 2602 1291 2669 Jecinctus
1314 2603 1471 2669 diaeonus

251 2682 401 2776 iiiiii&
421 2705 618 2784 cardinalis?
640 2712 675 2771 et
705 2704 891 2771 Celestinus
914 2705 1099 2792 appellatus
1129 2711 1187 2771 est.
1234 2705 1340 2770 Filius
1369 2705 1470 2771 etium

268 2682 275 2724 i

252 2783 366 2901 ism*
421 2808 627 2896 imperatoris
650 2806 840 2884 Fretherici,
863 2807 920 2893 qui
943 2807 980 2871 in
1001 2807 1264 2895 peregrinatione
1287 2807 1469 2873 Jerusalem

250 2869 609 3003 ggffirsubmersm
632 2916 664 2975 et
689 2909 862 2976 defunctus
893 2914 952 2987 est,
976 2909 1163 2976 Romanum
1194 2911 1338 2996 suscepit
1366 2910 1470 2996 impe·

421 3015 517 3091 rium,
539 3019 574 3078 et
596 3012 711 3078 Romae
734 3018 908 3077 coronatus
930 3017 982 3077 est
1004 3011 1040 3076 in
1062 3009 1210 3078 Pusche.³

253 3142 400 3187 moerens
474 3115 646 3201 Applicuit
689 3114 814 3179 interea
859 3113 1023 3179 Robertus
1061 3112 1184 3179 electus
1221 3113 1469 3202 wigorniensis,

252 3193 393 3337 griffi
420 3217 612 3285 cancellario
634 3216 744 3303 legato
767 3215 892 3282 domini
907 3237 1002 3302 pepae
1018 3215 1166 3280 deferens
1189 3215 1317 3281 litteras
1339 3220 1380 3281 ut
1394 3238 1470 3281 eum

253 3345 366 3388 cneum
419 3323 456 3387 in
479 3319 769 3386 westmonasterio
791 3323 1003 3395 consecraret,
1025 3318 1054 3383 si
1076 3317 1210 3403 quidem
1233 3317 1470 3384 Londornensis

252 3395 387 3492 grimm*
420 3429 455 3490 et
469 3422 633 3489 Roffensis
656 3421 798 3508 episcopi
815 3420 855 3486 de
878 3419 1032 3487 ferienda
1046 3419 1288 3487 consecratione
1311 3442 1378 3486 non
1393 3441 1468 3486 con-

419 3528 590 3594 sentirent.
636 3522 872 3611 Appellaveret
887 3522 976 3587 enim
991 3526 1139 3608 uterque.
1185 3520 1469 3588 Convenientibus

420 3631 524 3718 igitur
539 3626 697 3715 episcopis
708 3624 840 3712 Angliae
851 3625 942 3711 apud
952 3623 1283 3689 westmonasterium
1294 3624 1471 3690 Dominion

290 3753 374 3805 Arra.
420 3733 618 3806 anmm,
640 3728 704 3793 vii⁰
726 3726 850 3793 scilicet
872 3725 947 3790 idus
962 3724 1097 3811 Aprilis,
1120 3732 1160 3790 ut
1175 3725 1211 3789 in
1226 3726 1468 3792 consecratione

251 3814 387 3928 ww
421 3832 657 3922 wigorniensis
698 3827 914 3915 apostolicum
960 3826 1224 3914 exequerentur⁴
1265 3829 1469 3906 mandatum,

252 3920 358 3963 mm·
419 3940 584 4003 venerunt
606 3939 640 3999 et
662 3929 814 3996 monachi
836 3933 904 3995 tres
923 3928 1113 3995 Cantueriae
1137 3929 1229 3994 missi
1251 3951 1272 3996 a
1294 3938 1469 4010 conventu,

420 4046 454 4107 et
476 4039 599 4105 eisdem
621 4033 780 4123 episcopis
802 4031 991 4120 hujusmodi
1013 4033 1141 4099 litteras
1163 4039 1398 4119 porrexerumt:

251 4163 374 4213 pfflmf
457 4149 475 4172 “
489 4139 667 4199 Reverendis
690 4140 722 4193 in
745 4136 862 4194 Ohristo
885 4137 1010 4193 dominis
1034 4143 1064 4193 et
1086 4136 1226 4192 frutribus
1244 4136 1394 4194 willelmo
1414 4139 1470 4193 Dei

251 4217 399 4264 thecouvent
421 4234 437 4258 ‘⁴
460 4227 556 4300 gretie
587 4222 721 4281 Heliensi
748 4222 893 4294 episeopo,
919 4221 1084 4293 apostolicae
1115 4219 1191 4275 sedis
1219 4221 1326 4292 legato,
1358 4222 1469 4278 domini

251 4269 376 4375 iiglw
420 4316 439 4341 “
458 4312 538 4383 regis
551 4307 732 4371 cancellario,
745 4306 914 4376 coetcrisquc
935 4304 1077 4376 episcopis
1098 4305 1314 4361 centuariensis
1338 4306 1469 4363 ecclesius

420 4401 438 4426 ⁸*
459 4394 660 4467 suffraganeis,
677 4391 826 4447 Osbcrnus
846 4390 927 4461 prior
955 4395 986 4444 et
1019 4395 1176 4445 conventus
1203 4390 1332 4445 ccclesioe
1358 4390 1469 4447 Christi

454 4582 532 4631 ¹Rer
544 4588 623 4630 auum
640 4616 647 4629 .
664 4617 671 4631 .
690 4615 696 4628 .
713 4584 790 4642 capta
806 4576 855 4644 ar]
870 4591 919 4626 om.
964 4577 1014 4626 und
1030 4575 1156 4628 celestino
1175 4575 1227 4625 111.
1246 4591 1297 4625 was
1317 4576 1413 4629 elected
1435 4591 1467 4627 on

421 4665 442 4716 c
964 4654 1007 4705 the
1019 4653 1080 4704 ooth
1092 4654 1121 4703 of
1128 4654 1172 4704 the
1184 4669 1253 4705 same
1264 4654 1360 4705 mouth.

445 4700 464 4774 '²
475 4737 629 4805 cardinalis]
651 4753 701 4788 om.
725 4739 757 4788 Α.
775 4737 807 4786 Β.
849 4737 921 4800 Pope
998 4732 1046 4782 'in
1060 4731 1174 4799 Pescla]
1189 4748 1240 4783 om.
1254 4734 1284 4786 C.

420 4822 535 4874 clement
546 4819 599 4870 111.
607 4817 666 4869 ‹lied
682 4816 772 4867 March
785 4818 827 4877 27,
841 4819 901 4866 1191
914 4835 921 4876 ;
996 4812 1209 4878 lacerantur]
1225 4819 1400 4879 exequeretur,
1412 4814 1442 4866 C.
