3628 5728
374 873 439 939 462
584 888 746 939 cravasn
768 890 927 941 norsum
950 890 1222 942 currusmausrs

222 1082 345 1180 Agggffffff·
374 1075 497 1142 berent.
543 1077 609 1144 Sed
631 1083 823 1157 conventus,
846 1079 964 1144 videns
988 1100 1029 1144 ex
1056 1078 1246 1165 hujusmodi
1270 1080 1424 1147 missione

203 1198 352 1300 {baffi
372 1202 439 1245 non
462 1182 627 1248 modicum
649 1183 792 1249 ecclesiae
815 1204 883 1248 suae
906 1188 941 1247 et
963 1204 1069 1248 causae
1095 1183 1268 1249 imminere
1297 1185 1423 1270 pericu·

203 1311 344 1392 &pansam
371 1283 450 1361 lum,
482 1284 602 1350 litteris
632 1284 822 1371 hujusmodi
855 1285 1000 1372 praebere
1035 1285 1215 1351 noluerunt
1245 1308 1422 1365 assensum,

256 1363 350 1402 'mm’
370 1387 428 1451 sed
450 1387 625 1473 monachos
647 1389 774 1474 aliquot
805 1388 849 1455 ad
880 1410 991 1473 regem
1026 1388 1207 1454 mittendos
1229 1411 1298 1455 esse
1330 1391 1422 1455 dixe·

369 1495 457 1565 runt,
495 1511 562 1555 non
600 1496 639 1554 ut
675 1491 798 1576 absque
835 1495 1019 1556 conventus
1057 1490 1256 1557 auctoritate
1295 1491 1423 1577 aliquid

370 1589 532 1657 efficerent
563 1592 689 1671 stabile,
713 1593 770 1658 sed
793 1597 832 1658 ut
863 1593 990 1658 domini
1012 1593 1099 1679 regis
1130 1599 1315 1679 quaererent
1346 1616 1422 1660 con·

368 1692 480 1758 silium
514 1698 548 1760 et
578 1695 792 1781 implorarent
823 1695 987 1761 auxilium
1021 1695 1063 1760 de
1093 1695 1300 1762 reformanda
1333 1718 1420 1783 pace.

369 1793 505 1861 Reversi
527 1802 607 1860 sunt
632 1802 744 1862 autem
767 1798 802 1861 in
823 1797 917 1861 brevi
940 1819 961 1862 a
992 1819 1067 1884 rege
1090 1797 1243 1863 monachi
1265 1798 1340 1879 duo,
1364 1800 1421 1885 qui

368 1896 472 1982 ipsius
503 1904 733 1985 praetemptare
766 1899 931 1965 debebant
963 1899 1121 1977 animum,
1154 1900 1260 1987 regias
1293 1901 1420 1967 litteras

200 2004 343 2099 {mm
367 2002 545 2066 conventui
568 2001 758 2067 deferentes
805 2002 898 2067 Missi
921 2008 1001 2067 sunt
1027 2025 1045 2068 e
1069 2003 1210 2089 vestigio
1236 2003 1279 2069 ad
1310 2026 1419 2091 regem

198 2156 274 2208 king’s

197 2207 334 2301 fflssld
366 2204 632 2284 benivolentiam,
656 2212 690 2271 et
723 2206 810 2271 diem
843 2206 1139 2294 compromissionis
1168 2207 1329 2273 faciendae
1359 2209 1418 2274 ali·

198 2310 319 2401 ffiffffl·
366 2309 564 2393 quantulum
597 2309 806 2395 protelarent,
829 2310 859 2374 si
890 2310 975 2375 forte
1009 2310 1143 2375 interim
1166 2311 1341 2377 visitaret¹
1364 2335 1418 2378 eos

365 2413 472 2476 oriens
494 2434 537 2478 ex
559 2412 627 2478 alto
650 2412 823 2489 Dominus,
846 2419 882 2478 et
911 2435 932 2479 a
962 2413 1070 2498 legato
1093 2412 1214 2479 veleb
1248 2415 1320 2501 ipso
1352 2415 1414 2480 Ro-

365 2536 462 2580 mano
485 2515 639 2601 pontifice
662 2515 807 2600 aliquam
830 2521 1034 2582 mererentur
1056 2513 1201 2580 habere²
1224 2517 1416 2603 consplatio-

364 2638 448 2683 nem.
494 2617 658 2684 Miserunt
672 2623 784 2683 autem
800 2617 910 2705 legato
925 2617 1115 2704 colligendis
1131 2618 1266 2684 decimis
1287 2619 1416 2685 intento

364 2720 492 2785 litteras
514 2720 551 2784 in
573 2719 662 2786 hunc
684 2719 839 2785 modum:

196 2818 310 2863 latim?
401 2825 420 2849 “
440 2821 610 2879 Reverendo
639 2822 718 2894 patri
747 2828 777 2877 et
806 2820 924 2877 domino
955 2821 1094 2887 Jolmuni,
1126 2822 1181 2877 Dei
1210 2822 1307 2892 gratia
1335 2823 1415 2879 tituli

194 2870 343 2963 pppppnvent
364 2908 384 2935 “
405 2905 507 2961 Sancti
530 2905 624 2961 Marci
649 2904 811 2976 presbitero
837 2903 988 2968 cardinali,
1012 2903 1090 2959 sedis
1116 2904 1281 2975 apostolica
1306 2906 1412 2977 legato,

194 2970 275 3022 “W
364 2990 384 3016 “
403 2994 563 3045 conventus
590 2989 720 3044 ecclesiae
739 2986 852 3043 Christi
871 2985 1046 3052 (lautuariae,
1067 2987 1196 3043 omnium
1219 2995 1414 3059 conventuum

364 3072 584 3126 “miserrimus
614 3075 644 3126 et
673 3071 769 3142 magis
799 3070 933 3135 afflictus,
965 3071 1089 3127 salutem
1119 3076 1150 3126 et
1173 3070 1238 3126 vala
1267 3071 1412 3128 ultimum.

363 3157 382 3183 “
402 3155 543 3224 Quotiens
561 3159 593 3210 et
610 3173 663 3227 pro
681 3155 787 3226 quibus
804 3155 921 3227 injuriis
947 3154 1120 3226 suflbcgium
1145 3154 1222 3209 sedis
1249 3157 1414 3227 apostoliea

361 3242 381 3269 “
401 3239 664 3311 imploraverimus,
684 3238 890 3295 discretionem
907 3244 1035 3295 vestram
1054 3238 1146 3294 latere
1172 3256 1232 3293 nou
1258 3240 1412 3307 eredimus,

362 3325 381 3350 “
402 3322 459 3378 Sed
477 3328 585 3393 quanto
606 3323 731 3394 amplius
758 3322 866 3377 advos
891 3321 1090 3389 clamavimus,
1109 3321 1163 3376 eo³
1180 3321 1295 3377 acrius⁴
1312 3324 1412 3380 afflicti

362 3407 382 3433 “
401 3424 510 3462 sumus.
549 3405 671 3478 Semper
697 3412 796 3461 tamen
821 3405 1001 3478 speravimus
1025 3405 1102 3477 quod
1127 3405 1232 3460 saltem
1257 3406 1414 3479 aliquando

400 3496 587 3563 exsurgentes
604 3495 722 3563 propter
739 3489 872 3545 miserias
890 3495 921 3544 et
945 3490 1090 3560 gemitum
1117 3506 1277 3565 pauperum
1295 3495 1325 3545 et
1347 3498 1413 3563 post

362 3575 381 3601 “
400 3574 645 3629 dissimulationes
662 3578 708 3627 tot
725 3579 756 3627 et
775 3576 870 3628 tantas
897 3572 1060 3644 arriperent
1086 3588 1188 3626 manus
1205 3578 1311 3628 vestrae
1333 3573 1412 3646 judi·

362 3661 381 3686 “
400 3661 487 3714 cium.
530 3658 617 3713 Nunc
643 3664 740 3712 autem
759 3657 829 3727 quin
855 3657 940 3711 aliter
966 3655 1073 3711 accidit
1098 3672 1186 3727 quam
1213 3657 1410 3728 sperabamus,

362 3744 381 3771 “
399 3760 454 3797 nec
478 3740 597 3813 aliquod
614 3757 668 3811 per
684 3757 736 3796 vos
754 3741 801 3796 vel
819 3740 851 3794 in
868 3739 991 3794 minimo
1016 3739 1163 3795 consecuti
1190 3756 1290 3795 sumus
1306 3743 1410 3797 auxili·

362 3829 380 3854 “
399 3844 459 3893 urn,
479 3825 530 3882 sed
545 3826 641 3898 majus
659 3825 851 3880 sustinuimus
872 3824 1089 3890 detrimentum,
1109 3823 1186 3896 quod
1204 3830 1305 3881 tamen
1323 3827 1409 3883 iuviti

361 3913 378 3938 ‘¹
398 3908 533 3974 dicimus,
560 3925 619 3963 non
646 3909 788 3964 existente
816 3908 867 3979 qui
897 3907 981 3963 nobis
1011 3907 1165 3963 subveniat
1189 3908 1237 3962 vel
1263 3909 1410 3981 justitiam

361 3995 379 4020 “
399 3992 543 4057 exhibeat,
556 3991 763 4047 confundimur
781 3998 811 4047 et
828 3990 991 4056 deficimus,
1010 3991 1102 4046 coacti
1120 4008 1238 4045 manum
1257 3992 1326 4047 dare
1347 3994 1425 4047 hos·

360 4078 379 4104 ‘⁸
400 4076 478 4132 tibus
497 4082 527 4131 et
544 4076 576 4130 in
601 4092 703 4130 eorum
728 4075 965 4146 compromittere
982 4074 1137 4130 arbitrium
1155 4075 1207 4146 qui
1232 4092 1286 4130 uos
1311 4094 1410 4131 eorum

190 4173 316 4227 abessent
361 4162 380 4187 “
395 4159 570 4233 judicabunt
593 4159 631 4215 cd
648 4166 758 4215 votum.
796 4158 879 4228 Quod
906 4164 937 4213 et
962 4158 1077 4231 plenius
1101 4158 1236 4230 poteritis
1261 4158 1411 4215 advertere

189 4224 347 4326 ffllfsstm
360 4247 380 4273 “
399 4262 434 4298 ex
453 4243 559 4299 litteris
577 4243 687 4298 domini
706 4243 787 4315 regis
806 4260 878 4313 ques
896 4242 978 4297 nobis
996 4242 1101 4297 iubae
1119 4241 1213 4297 forma
1230 4259 1323 4315 nuper
1346 4243 1410 4299 des·

359 4331 378 4357 “
398 4328 521 4384 tiuavit:
543 4327 707 4383 ‘Ricardus
725 4328 780 4383 Dei
798 4327 895 4398 gratia
912 4344 962 4381 rex
980 4324 1099 4396 Anglioe
1121 4329 1151 4381 et
1176 4324 1238 4380 dux
1264 4326 1409 4382 Normau-

360 4413 379 4438 “
400 4411 478 4466 ‘nim
501 4415 532 4466 et
551 4410 719 4483 Aquitaniae
744 4415 774 4465 et
791 4427 888 4465 comes
906 4406 1094 4479 Andagavim,
1118 4407 1273 4463 conventui
1293 4407 1410 4465 Sanctae

390 4643 539 4709 ¹viu'turet]
554 4642 675 4701 visitarit,
687 4641 717 4692 C.
937 4636 1057 4702 ⁴scrr'us]
1080 4636 1197 4701 amplius,
1216 4638 1257 4699 B„
1279 4642 1409 4691 corrected

391 4721 515 4787 rusae]
530 4736 581 4771 om.
593 4723 628 4771 Δ.
641 4721 672 4770 Β.
906 4725 933 4767 to
945 4717 1036 4767 acuns.

390 4801 402 4836 ³
413 4800 455 4868 co]
469 4810 504 4861 ct,
515 4800 546 4852 O.
