3628 5728
708 898 819 948 orans
842 898 1032 948 nrsroarca
1323 886 1388 950 419

336 1084 427 1150 missi
447 1090 535 1162 sunt,
550 1091 590 1151 ut
612 1085 735 1151 ibidem
751 1084 837 1170 regis
859 1083 894 1147 in
911 1083 1063 1149 Gualiam
1086 1083 1293 1170 properantis
1315 1082 1388 1148 red·
1413 1103 1534 1199 effla

335 1188 421 1252 itum
453 1192 674 1274 expectarent.
722 1186 789 1251 Sed
821 1186 987 1251 eisdem
973 1206 1044 1271 Jam
1068 1186 1159 1271 apud
1181 1185 1387 1251 Wintoniam
1400 1204 1463 1249 ιιιι
1472 1208 1555 1250 tanc

336 1288 460 1375 positis,
487 1310 546 1354 rex
576 1312 598 1356 a
621 1310 681 1354 suo
711 1288 859 1355 resiliens
875 1288 1048 1405 proposito
1071 1287 1296 1353 mandavit
1268 1309 1324 1365 ers,
1348 1217 1555 1351 utillud

336 1391 425 1477 apud
463 1389 725 1458 (ιιιιιιιιιιιιιιιιιι
764 1396 834 1457 tam
873 1389 976 1476 ipsius
1015 1411 1114 1475 quam
1152 1369 1413 1476 ιιιιιιιριιιοριθ
1399 1359 1506 1401 ”mm
1506 1389 1512 1399 '

285 1508 287 1513 ’
334 1492 605 1579 praestolarentur
633 1494 825 1570 adventum,
848 1492 1010 1557 mandans
1039 1490 1153 1557 abbati
1183 1497 1223 1557 ut
1256 1491 1387 1556 eosdem

334 1594 510 1662 monachos
533 1596 713 1682 susciperet
735 1616 810 1661 cum
843 1594 974 1659 honore.
1022 1592 1087 1673 Qui
1119 1615 1194 1659 cum
1219 1598 1295 1681 post
1316 1593 1386 1657 dies

334 1697 463 1783 aliquot
509 1697 753 1814 archiepiscopq
800 1697 949 1763 venienti
992 1701 1207 1775 occurrerent,
1246 1716 1387 1780 eumque

199 1828 202 1834 ’
333 1798 467 1884 pacifica
507 1800 701 1876 salutarent,
738 1799 809 1885 ipsa
854 1797 1117 1885 archiepiscopus
1161 1798 1385 1864 salutantibus
1400 1810 1499 1856 lumea
1500 1813 1545 1857 ιιι

333 1922 394 1967 nec
416 1901 553 1966 verbum
577 1902 748 1988 respondit
769 1900 834 1966 nisi
857 1901 945 1986 quod
968 1907 1078 1966 essent
1100 1901 1383 1967 excommunicati.
1397 1861 1555 1965 iunium

332 2005 365 2068 A
387 2004 511 2070 clericis
533 2005 677 2071 autem
668 2004 771 2090 ιριιιιι
794 2003 922 2090 probris
944 2009 979 2069 at
1000 2004 1209 2069 contumeliis
1229 2008 1264 2069 et
1286 2004 1385 2068 minis

332 2105 442 2173 affecti
472 2111 559 2184 sunt,
585 2107 784 2192 tandemque
815 2127 890 2171 cum
920 2106 1176 2172 subsannatione
1208 2111 1242 2171 et
1275 2106 1385 2171 derisu

332 2214 543 2287 recesserunt,
559 2208 718 2295 pluraque
742 2230 784 2273 ax
805 2207 859 2272 his
881 2229 956 2294 quse
978 2208 1153 2274 audierant
1175 2208 1244 2294 regi
1267 2207 1386 2273 retule-

332 2317 419 2376 runt
466 2310 594 2391 Quibus
617 2332 692 2376 cum
715 2310 838 2377 diceret
864 2331 924 2375 rex
951 2310 1039 2395 quod
1070 2331 1182 2375 omnes
1212 2310 1261 2374 illi
1292 2310 1447 2411 quasiffhe
1426 2318 1554 2413 mssiussdff'

333 2434 374 2478 ex
407 2434 461 2477 ore
495 2412 728 2499 archiepiscopi
762 2412 984 2498 loquerentur,
1015 2411 1069 2497 adj
1072 2413 1154 2477 ecit:
1186 2412 1411 2512 ‘Archiepi-
1398 2379 1464 2463 illm
1412 2423 1554 2564 {ptqgma

333 2524 350 2549 “
372 2535 489 2601 scopus
526 2536 625 2601 super
660 2520 772 2580 vestro
810 2515 942 2601 negotio
987 2535 1114 2579 mecum
1160 2513 1289 2580 locutus
1335 2482 1455 2579 estio

333 2625 350 2650 “
373 2617 494 2695 dicens,
516 2617 605 2733 quod
638 2617 680 2682 de
702 2622 775 2683 tota
804 2637 910 2694 causa,
927 2637 1002 2701 quse
1024 2616 1195 2681 intervos
1218 2617 1384 2702 etrpsum

333 2727 350 2752 “
373 2718 524 2797 vertitur,
548 2718 772 2805 episcoporum
805 2716 859 2783 vel
892 2715 1050 2782 abbatum
1084 2737 1295 2803 quoscunque
1328 2738 1385 2782 vo·

332 2830 349 2856 ‘⁴
371 2821 500 2886 lueritis
522 2821 641 2907 eligere
664 2825 839 2906 nostroque
862 2819 1102 2886 communicato
1123 2840 1159 2884 se
1181 2819 1385 2885 committere

333 2932 349 2957 “
372 2922 456 2989 velit
477 2922 622 2988 arbitrio.
669 2921 736 2987 Vos
758 2921 861 3038 igitur
887 2941 1003 2986 moneo
1029 2925 1069 2985 ut
1094 2920 1168 3006 paci
1194 2920 1385 2996 intendatis

332 3034 349 3060 “
373 3046 485 3111 pacem
519 3025 683 3110 quaeratis,
718 3023 797 3108 quia
827 3044 887 3088 nec
921 3022 996 3087 volo
1032 3043 1093 3088 nec
1129 3022 1224 3088 valeo
1257 3021 1384 3087 diutius

333 3136 350 3162 ⁴‘
372 3127 458 3193 hanc
489 3127 650 3191 sustinere
681 3124 990 3211 perturbationem?
1036 3124 1100 3190 Oui
1123 3124 1325 3191 monachiz‘
1327 3123 1446 3219 ‘Si0
1397 3122 1446 3218 lif
1453 3123 1535 3169 mone.

333 3228 515 3315 “episcopi
546 3226 600 3293 vel
634 3226 771 3292 abbates
804 3230 937 3292 tantum
961 3232 1111 3292 amarent
1137 3248 1197 3293 nos
1221 3232 1384 3313 quantum
1397 3175 1527 3320 νιῇῑξῑξὲζ
1596 3210 1598 3214 ’

333 3341 349 3367 “
373 3331 476 3418 ipsius
503 3334 539 3395 at
561 3333 710 3395 vestrum
736 3327 918 3394 formidant
944 3328 1176 3414 principatum,
1203 3330 1311 3416 parati
1335 3352 1384 3395 es·
1397 3330 1452 3372 ³⁰¹³·

332 3442 349 3468 “
372 3454 481 3498 semus
504 3435 614 3496 vestro
644 3434 680 3496 et
708 3429 854 3515 ipsorum
877 3430 950 3494 sisti
975 3429 1110 3515 judicio
1160 3430 1224 3495 Sed
1257 3431 1383 3497 subditi

332 3533 477 3621 “ipsius
510 3536 598 3608 sunt,
635 3551 696 3596 nec
729 3536 844 3596 contra
875 3552 949 3596 eum
981 3530 1108 3616 justam
1135 3532 1189 3596 vel
1223 3532 1383 3617 injustam

332 3632 634 3721 “pronuntiabunt
661 3630 886 3696 sententiam?
933 3630 1062 3711 Quibus
1091 3655 1150 3698 rex
1172 3633 1260 3711 ait‚‘
1262 3633 1383 3701 ‘-Puta
1396 3643 1445 3689 Tho
1457 3644 1514 3697 kins

1395 3694 1552 3739 tellathemto

332 3745 349 3771 “
372 3736 460 3800 tiene
483 3732 571 3819 quod
605 3732 749 3819 episcopi
784 3732 838 3796 vel
871 3730 1007 3797 abbates
1031 3753 1112 3817 quos
1135 3755 1193 3799 vos
1218 3733 1516 3847 elegeritisffiuoe

1398 2520 1543 2614 ascititiam

332 3847 348 3872 “
371 3835 506 3951 aliquod
538 3834 700 3920 injustum
729 3831 902 3950 proferant
930 3832 1120 3918 judicium?
1154 3835 1381 3923 Nequaquam.

333 3947 348 3973 “
373 3937 481 4003 Sed
466 3958 538 4023 Jam
572 3957 662 4002 nunc
687 3935 829 4022 priorem
852 3939 999 4000 vestrum
1022 3939 1057 3999 et
1081 3934 1199 4002 fratres
1222 3945 1382 4019 revocate,

332 4045 412 4105 “ut
445 4038 685 4104 communicato
718 4036 853 4103 consilio
884 4036 982 4103 citius
1016 4058 1091 4101 cum
1121 4038 1242 4124 gaudio
1272 4047 1459 4111 vestrarum
1467 4060 1508 4103 ιιι

331 4151 349 4177 “
371 4139 563 4226 recipiatis”
610 4138 674 4205 Oui
709 4137 860 4216 monachi
892 4143 1093 4225 temptantes
1120 4139 1325 4221 dixerunt;‘
1326 4143 1381 4209 Si
1394 4109 1544 4256 {quispim
1455 4109 1509 4204 inii

331 4253 348 4279 “
371 4247 553 4308 conventus
575 4245 687 4306 noster
704 4240 790 4305 forte
814 4240 1014 4306 consenserit
1035 4245 1076 4305 ut
1097 4242 1186 4327 prior
1208 4247 1244 4308 et
1265 4242 1382 4310 fratres
1394 4271 1482 4304 man
1462 4216 1544 4306 lull

331 4355 348 4381 “
370 4366 391 4411 a
413 4345 504 4411 curia
526 4347 729 4419 revocentur,
752 4342 826 4426 quis
850 4341 983 4407 interim
1014 4346 1256 4409 conventum
1246 4367 1282 4409 ιιι
1314 4347 1381 4412 vic-

330 4447 518 4513 “tualibus
552 4444 741 4511 necessariis
773 4443 1002 4510 sustinebitl'
1026 4445 1150 4511 Videns
1183 4446 1295 4531 itaque
1322 4469 1382 4513 rex

329 4571 365 4615 se
388 4547 627 4635 deprehensum
650 4545 791 4612 demisso
815 4545 982 4632 paulisper
1018 4546 1125 4633 capite
1158 4548 1263 4614 dixit:
1287 4558 1304 4585 “
1317 4549 1382 4615 Res

637 4788 646 4821 ¹
661 4788 853 4854 comesuram]
870 4787 1029 4850 curasan,
1040 4790 1070 4841 O.

1138 4889 1163 4936 n
1176 4887 1201 4936 n
1224 4875 1245 4937 2
