3662 5728
765 867 876 917 oculu
899 867 1090 918 msrouros.
1384 852 1446 920 191
1486 844 1495 852 “

157 1112 161 1119 ,
224 1064 306 1118 nub.
320 1049 563 1118 Bcstineveret
593 1049 740 1117 formem.
790 1049 876 1116 Cum
907 1055 1020 1116 eutem
1051 1070 1111 1113 rex
1143 1049 1291 1117 Frenciae
1318 1050 1449 1117 dicente
1469 1060 1607 1157 fflllgr

223 1131 259 1183 5'·
273 1134 295 1183 ⁷·
393 1138 514 1205 lectore
534 1138 689 1217 audisset,
708 1150 728 1177 “
739 1147 886 1220 quondum
907 1148 1188 1222 archiepiscopum,”
1208 1139 1364 1227 quaesivit
1382 1166 1449 1221 qurs
1460 1173 1611 1228 hemum.

395 1254 463 1293 cum
487 1229 669 1309 deposuerit,
700 1234 735 1294 et
766 1229 824 1309 ait,
850 1238 869 1264 “
879 1237 943 1309 Ego
969 1228 1103 1316 quidem
1131 1255 1184 1292 rex
1214 1256 1280 1295 sum
1310 1237 1386 1294 siout
1418 1225 1572 1330 etglffffl'

396 1324 414 1353 “
436 1317 515 1404 ipse,
545 1338 606 1384 nec
628 1330 728 1382 temen
751 1340 884 1405 possum
918 1323 1015 1385 terroe
1048 1339 1131 1383 mese
1154 1325 1311 1382 minimum
1335 1338 1447 1403 quem-

396 1415 414 1442 “
437 1428 537 1493 quam
567 1415 705 1472 clericum
736 1414 924 1488 deponerc;”
949 1414 984 1474 et
1013 1408 1142 1494 adjecit,
1167 1413 1276 1471 “Novi
1306 1414 1448 1471 Thomem

224 1502 268 1553 W.
280 1500 355 1553 cmc.
397 1504 416 1530 ‘⁸
437 1504 583 1575 quondum
603 1504 811 1561 cancellarium
829 1505 895 1577 regi
916 1505 1034 1563 domino
1053 1510 1150 1562 vestro
1171 1495 1286 1561 diuet
1307 1494 1450 1562 fideliter

224 1567 298 1620 ²³⁵·
396 1589 415 1619 “
437 1583 636 1664 deservisse3
660 1609 737 1647 nnnc
760 1589 873 1649 eutem
896 1592 928 1648 id
951 1592 1095 1651 mercedis
1116 1592 1237 1665 accipit,
1262 1585 1350 1671 quod
1373 1607 1450 1650 eum

396 1691 414 1720 “
435 1682 479 1752 eb
493 1686 617 1773 Anglie
630 1674 792 1772 fugatum,
810 1706 832 1752 e
849 1685 990 1752 Francia
1005 1708 1135 1774 quoque
1152 1685 1333 1773 propellere
1353 1708 1450 1755 conu-

395 1796 413 1823 “
435 1793 492 1853 tur
505 1788 534 1854 l''
571 1787 734 1854 Insistunt
750 1796 847 1853 nuntii
863 1801 898 1852 ut
917 1788 1087 1854 dominum
1107 1808 1229 1877 papum
1246 1797 1363 1870 scriptis
1380 1791 1450 1855 suis

275 1936 281 1941 .
394 1882 518 1944 moncet
537 1903 574 1942 ne
588 1885 799 1957 archiepiscopi
814 1881 928 1943 contra
942 1900 1052 1965 regem
1067 1878 1199 1965 Angliae
1211 1886 1447 1959 suggestionibus

394 1967 548 2033 crederet.
587 1965 712 2031 Verum
730 1986 805 2031 cum
827 1967 874 2032 eis
897 1989 957 2033 rex
978 1989 1046 2033 non
1063 1967 1275 2055 responderet
1297 1968 1339 2033 ed
1360 1974 1449 2048 vote,

394 2070 439 2136 ed
468 2070 640 2136 dominum
669 2088 790 2154 papam
823 2067 961 2135 Senonis
998 2071 1137 2158 profecti
1174 2073 1261 2135 sunt.
1317 2068 1381 2136 Oui
1412 2071 1450 2137 in

395 2170 587 2239 consistorio
616 2191 685 2236 rure
714 2191 789 2237 cum
819 2171 1042 2239 cardinalibus
1072 2172 1201 2240 sedenti
1239 2177 1450 2236 bondonicnsic

396 2274 443 2341 sie
464 2274 533 2340 eit:
837 2268 843 2279 ¹

227 2383 555 2491 Alnn.,c.19.““Peter
577 2377 699 2451 mete,
723 2381 762 2438 ed
783 2398 836 2437 vos
859 2388 971 2455 spectet
994 2384 1144 2441 eutholicae
1166 2386 1298 2443 ecclesie
1326 2401 1398 2442 cure
1422 2389 1452 2441 et
1464 2391 1587 2488 mbos

437 2461 602 2529 solicitudo,
625 2469 659 2519 ut
682 2461 734 2535 qui
757 2460 874 2532 sepiunt
897 2479 951 2534 per
973 2468 1102 2519 vestrum
1120 2463 1273 2520 foveantur
1296 2445 1620 2538 provida-popilium„

397 2548 418 2575 “
437 2547 510 2602 tium
526 2545 564 2602 ed
581 2545 748 2618 exemplum
764 2562 890 2612 morum,
902 2551 933 2602 et
947 2545 999 2616 qui
1015 2545 1164 2617 desipiunt
1184 2548 1357 2604 auctoritate
1382 2564 1449 2619 epo-
1464 2544 1599 2597 mmm

397 2631 417 2659 “
437 2629 540 2687 stolice
559 2630 756 2702 corripientur
777 2633 808 2685 et
834 2628 1020 2700 corriguntur
1052 2634 1087 2685 ut
1121 2630 1255 2701 sepiunt:
1289 2631 1341 2687 sed
1373 2629 1451 2703 opud

398 2716 418 2743 “
436 2718 566 2771 vestrum
586 2713 759 2786 sapientiem
777 2728 836 2766 non
856 2711 986 2767 creditur
1006 2728 1107 2785 supere
1127 2712 1178 2784 qui
1194 2713 1226 2768 in
1243 2731 1295 2770 sue
1307 2713 1450 2786 sepientis

398 2800 468 2854 “et
488 2798 613 2855 fratrum
632 2795 817 2854 concordiem
838 2799 867 2852 et
886 2795 1016 2852 ecclesie
1036 2813 1139 2869 psoem
1159 2797 1297 2869 regisque
1320 2796 1449 2855 devotio·

398 2883 418 2911 ‘⁸
437 2899 505 2939 uem
525 2880 698 2954 perturbere
717 2878 875 2936 contendit.
911 2878 1015 2951 Nuper
1035 2879 1181 2951 siquidem
1199 2881 1231 2936 in
1250 2880 1362 2953 Angliu
1386 2885 1451 2937 crte

393 2968 418 3041 ξ·
438 2971 484 3023 est
501 2965 643 3023 dissensio
663 2964 741 3022 inter
759 2981 884 3036 regnum
905 2970 936 3021 ct
955 2963 1150 3021 secerdotium
1170 2983 1207 3021 ex
1224 2965 1286 3024 levi
1306 2971 1337 3022 et
1351 2966 1450 3022 minus

398 3050 505 3106 “utili
532 3048 777 3120 occasioneque
805 3046 921 3104 facilius
946 3052 1045 3119 posset
1063 3047 1196 3120 extingui
1217 3049 1243 3105 si
1266 3048 1399 3106 adhibite
1421 3049 1451 3106 ei

398 3136 418 3163 ‘⁶
437 3133 541 3192 fuisset
557 3131 709 3189 moderate
727 3130 848 3187 curatio.
884 3130 998 3189 Verum
1017 3130 1087 3203 quie
1103 3131 1239 3189 dominus
1259 3131 1449 3189 Oentnsricn·

397 3219 417 3247 ‘⁴
437 3218 488 3285 sis,
500 3234 552 3274 suo
568 3222 599 3273 et
617 3214 760 3288 singulnri
779 3214 811 3270 in
822 3214 877 3271 hnc
895 3220 977 3287 purte
995 3220 1025 3271 et
1039 3231 1098 3272 uon
1116 3221 1216 3273 nostro
1231 3235 1302 3274 usus
1318 3218 1450 3283 oonsilio,

398 3304 419 3331 ⁴‘
438 3301 535 3358 scrius
553 3317 639 3372 reque
657 3298 774 3364 institit,
787 3316 847 3355 non
865 3298 1047 3355 considerate
1066 3301 1205 3373 temporis
1215 3302 1338 3368 melitis,
1356 3300 1448 3373 quod¹

398 3381 419 3408 “
437 3380 487 3438 vel
517 3379 603 3453 quale
632 3376 818 3451 dispendium
844 3394 881 3432 ex
907 3376 962 3434 teli
988 3377 1101 3450 impetu
1120 3380 1213 3451 possit
1231 3381 1395 3452 provenire.
1421 3384 1451 3437 et

399 3465 419 3492 “
438 3464 495 3520 sibi
515 3468 547 3520 et
566 3460 707 3519 frutribus
727 3461 792 3517 suis-
808 3459 936 3517 contexit
954 3461 1083 3532 lequeos,
1103 3467 1134 3518 et
1152 3462 1179 3518 si
1199 3458 1227 3518 ei
1250 3463 1282 3518 in
1306 3482 1359 3520 suo
1381 3482 1449 3537 pro·

399 3544 421 3570 “
437 3543 533 3616 posito
553 3545 654 3599 noster
671 3531 970 3606 murcomannus,
987 3539 1051 3610 jem
1069 3557 1117 3597 res
1135 3540 1200 3613 ipse
1221 3542 1258 3598 ed
1275 3543 1451 3601 deteriorem

399 3631 419 3658 ‘⁶
437 3630 584 3686 mleulum
612 3627 785 3685 devenisset.
833 3625 910 3697 Quis
936 3618 1041 3707 igitur
1070 3643 1199 3685 nostrum
1230 3630 1449 3698 coniventium,2

398 3710 419 3738 ‘⁸
438 3709 515 3766 sicut
532 3725 586 3764 nec
607 3707 718 3775 debuit,
731 3706 769 3762 ed
784 3705 817 3761 id
835 3723 892 3777 quo
905 3707 1044 3764 tendebat
1058 3707 1166 3764 bebere
1181 3726 1241 3764 non
1252 3711 1357 3781 potuit,
1370 3711 1452 3768 nisus

399 3795 419 3823 “
438 3799 484 3850 est
502 3794 535 3849 in
552 3791 705 3850 dominum
722 3807 823 3862 regem
843 3795 874 3846 et
892 3807 956 3858 nos,
972 3791 1063 3848 immo
1082 3791 1114 3847 in
1132 3797 1228 3849 totum
1246 3810 1373 3869 regnum
1392 3813 1453 3852 suae

399 3876 613 3935 “temeritatis
636 3874 753 3949 culpem
772 3880 951 3946 retorquere.
1000 3873 1143 3944 Quocirca
1165 3875 1204 3931 ed
1229 3875 1451 3935 decolorandum

398 3965 419 3993 ‘⁶
438 3967 551 4020 mutue
571 3958 765 4017 butemitetis
783 3958 902 4024 semem,
915 3958 977 4015 vim
995 3959 1111 4015 nemine
1130 3959 1278 4016 inferente
1287 3962 1337 4017 vel
1356 3962 1451 4019 mines

398 4048 419 4077 “
437 4045 618 4110 intendente,
638 4045 740 4116 iugem
759 4040 837 4108 iniit,
857 4041 934 4098 sicut
953 4042 1096 4117 scriptum
1124 4047 1179 4111 est,
1205 4043 1317 4117 ‘Fugit
1340 4043 1450 4119 impius

399 4132 418 4160 “
440 4129 578 4186 ‘nemine
595 4124 834 4201 persequente.'''

432 4215 482 4272 Ad
512 4215 576 4270 brec
607 4212 742 4276 dominus
773 4227 864 4283 pepe:
898 4209 1048 4279 “Peroe'’
1078 4210 1185 4283 inquit,
1217 4212 1367 4268 “freter”
1412 4214 1452 4272 Et
1464 4238 1575 4284 mm.

397 4298 627 4364 Londoniensis3
647 4298 666 4326 “
675 4295 808 4363 Domine,
820 4312 937 4367 pureum
952 4295 1010 4352 ei.'’
1038 4296 1086 4361 ¹Et
1096 4297 1232 4353 dominus
1243 4314 1337 4370 popa:
1352 4301 1373 4327 “
1382 4298 1451 4356 Non
1463 4289 1581 4344 ''¹¹¹⁰de

398 4388 418 4416 ‘⁸
437 4385 512 4451 dico,
544 4386 646 4450 buter,
677 4381 756 4455 quod
785 4382 814 4438 ei
841 4398 952 4454 pmcm,
983 4381 1034 4439 sed
1055 4381 1140 4439 tibi.”
1175 4382 1226 4438 Ad
1252 4383 1326 4438 hunc
1357 4340 1580 4455 igimtncpcpc.

429 4593 530 4661 rw]
554 4592 687 4661 corrected
705 4598 733 4643 to
751 4588 859 4656 “quid'’
874 4589 900 4640 in
984 4591 1179 4660 'courum
1194 4591 1408 4659 convenientium,
1419 4594 1450 4649 C.

396 4674 427 4729 Ο.
