3662 5728
209 1108 299 1169 blan,

211 1188 236 1225 c.
247 1179 290 1225 2³.

750 916 864 970 orm
883 916 1075 969 ms'rcmcn
1370 902 1435 968 193

416 1091 437 1119 “
450 1089 607 1157 Domine,'’
630 1090 682 1155 ait,
704 1089 811 1162 “Quid
831 1090 924 1147 locuti
943 1089 1054 1147 tuerint
1073 1087 1203 1161 episcopi
1222 1103 1275 1145 nos
1298 1082 1436 1143 illiterati
1457 1086 1584 1147 lull-11⁶&

382 1174 401 1202 “
420 1174 537 1245 penitus
548 1174 736 1245 ignoramus3
749 1172 860 1230 idcirco
879 1191 935 1229 nos
955 1178 1072 1246 oportet
1091 1171 1269 1229 edisserere¹
1289 1167 1434 1243 quomodo
1498 1150 1580 1246 „iffi

382 1256 401 1283 “
420 1274 576 1328 possumus
594 1256 632 1313 ad
651 1256 724 1330 quid
743 1275 846 1315 sumus
865 1257 964 1325 missi3
986 1273 1040 1312 neo
1061 1255 1099 1312 ad
1118 1256 1174 1311 hoo
1194 1255 1298 1327 utique
1318 1258 1353 1309 nt
1367 1270 1434 1309 oon·
1449 1250 1559 1297 &mitit

382 1341 401 1367 “
420 1339 574 1397 tendamus
591 1340 640 1397 vel
656 1345 692 1396 ιιι
708 1340 843 1413 cuiquem
860 1340 1001 1397 faciamus
1018 1339 1219 1406 contumelias,
1232 1338 1265 1394 in
1276 1342 1435 1410 conspectu

382 1424 402 1449 “
421 1424 547 1480 maxime
563 1423 639 1480 tanti
655 1423 721 1490 riri,
734 1424 819 1496 ouius
836 1424 924 1480 nutui
942 1429 973 1481 et
990 1422 1159 1480 auctoritati
1173 1439 1205 1478 se
1217 1421 1254 1477 de
1268 1422 1336 1494 jure
1353 1425 1435 1478 totus

381 1507 403 1535 “
420 1506 542 1563 inclinat
558 1506 697 1581 mundus..
736 1506 796 1564 Sed
812 1505 851 1565 nd
867 1506 923 1564 hcc
946 1505 1141 1579 proculdubio
1164 1506 1310 1573 venimus,
1329 1508 1365 1561 ut
1382 1503 1433 1560 do·

383 1590 494 1649 “mini
510 1590 592 1663 regis
615 1589 799 1648 devotionem
822 1596 854 1647 et
877 1607 1008 1648 amorem
1034 1607 1123 1663 quem
1147 1589 1227 1646 circa
1252 1605 1305 1647 vos
1330 1604 1434 1662 gerere

383 1675 403 1702 “
421 1673 573 1731 consuerit
589 1679 621 1731 et
637 1673 733 1731 adhuc
749 1674 840 1747 gerit,
858 1675 891 1730 in
913 1674 1071 1747 prasentia
1093 1679 1195 1731 vestm
1218 1678 1250 1731 et
1265 1672 1357 1730 totins
1375 1671 1434 1728 Bo-

382 1758 402 1786 ‘'
420 1773 515 1813 mense
542 1757 632 1814 curin
656 1756 739 1814 vobis
765 1763 984 1830 presentemus.
1020 1742 1193 1829 Per'quosl
1210 1755 1340 1829 iuquam.
1376 1753 1436 1810 Per
1445 1768 1575 1865 swas

393 1843 401 1868 ·
419 1839 546 1911 majorca
564 1845 595 1897 ec
609 1840 768 1898 usonem
786 1857 860 1912 quos
877 1840 986 1897 noers
1011 1839 1109 1913 potuit
1135 1839 1168 1895 in
1190 1838 1327 1896 omnibus
1344 1838 1434 1896 orna
1446 1820 1590 1916 gmffi

380 1926 400 1954 “
419 1923 476 1980 sibi
493 1923 642 1996 subjeotis,
658 1923 714 1981 hco
732 1932 778 1982 est
793 1942 849 1997 per
865 1923 1107 1996 archiepiscopos,
1126 1923 1285 1996 episcopos,
1299 1923 1433 1989 comites,

381 2017 401 2046 ‘⁸
420 2021 452 2073 et
482 2015 614 2072 barones
663 2017 721 2075 His
748 2018 913 2089 superiores
940 2017 972 2073 in
996 2033 1050 2072 sna
1073 2019 1217 2088 potestate
1241 2032 1300 2071 non
1322 2007 1435 2094 potuit

381 2118 401 2145 “
420 2108 565 2187 invenire,
584 2123 616 2173 et
632 2117 659 2173 si
675 2117 845 2184 invenisset,
858 2116 964 2190 utique
987 2115 1164 2173 destinasset
1180 2115 1218 2173 ob
1235 2117 1434 2173 reverentiam

382 2211 402 2239 '⁸
420 2214 552 2266 vestram
576 2214 607 2266 et
635 2214 744 2266 sancta
771 2209 911 2267 Romarm
934 2208 1074 2266 ecclesie.
1111 2208 1170 2265 His
1194 2207 1337 2266 edicimus
1355 2210 1434 2282 quod

381 2301 401 2329 ιι
524 2302 530 2315 ·
772 2301 778 2315 ·
1035 2299 1041 2313 ·
1141 2300 1148 2313 ·

382 2383 400 2411 “
418 2305 579 2448 mas
586 2306 701 2437 dbbimtbi
714 2304 796 2454 gg:
812 2298 1434 2454 ddgllitnbednetmdgbvdbntngedffisbig:

381 2466 402 2493 ‘⁸
420 2481 495 2532 sum,
515 2482 583 2523 suos
600 2472 630 2522 et
647 2483 701 2522 sus
723 2465 823 2522 omnia
845 2470 952 2522 vestrm
975 2464 1094 2537 penitus
1121 2466 1255 2538 exposuit
1279 2466 1433 2522 voluntati.

381 2554 401 2582 '‘
420 2554 461 2611 lit
483 2572 538 2628 pro
562 2561 642 2612 certo
666 2555 721 2612 sub
747 2555 899 2612 catholicos
925 2554 995 2611 fidei
1020 2554 1133 2612 unitate
1158 2574 1248 2628 qnam
1264 2549 1384 2615 habetis
1402 2556 1436 2613 in

382 2648 402 2674 “
421 2645 538 2704 Christo
555 2664 669 2720 regere,
688 2652 723 2704 ut
751 2646 909 2713 oredimus,
927 2664 987 2704 non
1011 2652 1058 2704 est
1084 2663 1119 2703 ec
1145 2646 1271 2715 fidelior,
1297 2648 1347 2706 vel
1370 2648 1434 2704 Deo

382 2731 402 2758 ‘⁶
422 2730 562 2798 devotior,
581 2748 635 2787 seu
652 2730 690 2787 ad
708 2747 774 2787 eem
790 2729 829 2786 ad
846 2747 934 2802 qunm
952 2735 1120 2804 assumptus
1140 2737 1187 2788 est
1212 2732 1294 2804 peois
1317 2749 1434 2788 conser-

382 2816 403 2844 “
420 2815 569 2871 rationem
598 2814 784 2872 moderatior.
819 2813 1038 2872 Niohilcminus
1064 2821 1095 2872 et
1124 2814 1260 2873 dominns
1290 2816 1433 2888 archiepi-

383 2899 528 2971 “scopus
546 2899 578 2955 in
595 2916 648 2956 suo
664 2898 760 2971 grudu
777 2904 809 2955 et
825 2897 927 2954 ordine
945 2915 1027 2971 arque
1051 2899 1219 2966 instructus,
1239 2900 1270 2956 in
1294 2899 1342 2957 his
1367 2917 1434 2973 quse

381 2983 401 3011 “
420 2980 459 3037 ad
475 2999 544 3037 eum
559 2981 710 3053 pertinent
726 2979 865 3053 providus
883 2985 914 3037 et
936 2979 1092 3048 dismctus,
1110 2981 1180 3040 licet
1202 2987 1237 3039 ut
1260 2982 1434 3055 quibusdam

381 3066 402 3094 ‘⁴
419 3064 517 3123 risum
534 3071 580 3122 est
597 3064 753 3137 aliqnando
764 3064 854 3122 nimis
866 3070 976 3122 acutus
1013 3065 1054 3122 Et
1069 3066 1128 3122 nisi
1144 3066 1204 3123 ista
1220 3084 1286 3139 quie
1298 3085 1376 3124 nuno
1388 3072 1436 3125 est

383 3151 403 3178 ‘⁸
422 3149 500 3206 inter
517 3149 668 3206 dominum
684 3164 787 3221 regem
805 3153 837 3205 ct
853 3147 1005 3205 dominum
1018 3149 1269 3222 archiepiscopum
1286 3144 1365 3207 es'eet
1375 3150 1434 3208 dis·

384 3234 404 3262 “
423 3234 531 3300 sensio,
558 3249 685 3305 regnum
710 3237 741 3289 et
764 3231 959 3289 sacerdotium
983 3237 1087 3289 mutuo
1113 3233 1330 3306 congauderent
1353 3233 1435 3292 adin·

384 3317 404 3345 “
422 3315 517 3372 ricem
535 3316 601 3388 paci
617 3320 648 3372 et
664 3314 826 3372 concordis
847 3314 902 3372 sub
926 3315 1059 3389 principe
1083 3315 1160 3373 bono
1185 3322 1216 3374 et
1241 3324 1358 3389 pastore
1385 3334 1435 3390 cp·

383 3400 403 3428 “
421 3400 503 3455 timo.
538 3399 595 3455 list
618 3399 711 3471 igitur
736 3398 801 3456 hnc
826 3404 926 3455 nostra
950 3399 1125 3472 supplicatio
1154 3404 1189 3456 ιιι
1214 3399 1253 3456 sd
1277 3400 1435 3457 tollendsm

381 3484 509 3541 “istam
536 3484 748 3540 dissensionem
772 3488 804 3540 et
829 3482 868 3539 ad
891 3484 972 3556 pacis
1002 3490 1034 3541 et
1062 3484 1170 3542 smoris
1198 3485 1435 3543 reformationem

382 3569 402 3596 “
420 3574 520 3624 vestre
536 3567 634 3640 gratia
649 3567 789 3625 attentius
806 3567 964 3639 invigilare
980 3567 1081 3624 relit.”

416 3651 492 3708 Huc
513 3651 614 3723 itaque
638 3668 735 3708 comes
752 3651 905 3723 eleganter
930 3650 983 3707 sed
1007 3651 1039 3707 in
1062 3650 1167 3723 lingua
1193 3668 1248 3707 sus
1270 3652 1432 3726 proposuit,
1447 3665 1547 3712 ceum

381 3735 425 3792 ita
441 3735 519 3808 qnod
536 3735 730 3791 communiter
747 3734 784 3791 nb
802 3733 936 3790 omnibns
954 3733 1018 3807 ejus
1035 3735 1196 3808 plurimum
1212 3735 1344 3792 modesta
1358 3752 1435 3793 oom-
1447 3716 1564 3771 ‚pm

293 3870 301 3897 ‚
381 3817 569 3875 mendaretur
586 3817 732 3875 discretio.
769 3817 827 3874 His
845 3818 934 3874 etinm
954 3817 1090 3874 dominns
1112 3834 1189 3889 papa
1210 3818 1369 3890 rigilnnter
1391 3819 1436 3876 in·

282 3939 290 3956 .
381 3901 505 3959 tendens
523 3901 690 3974 respondit:

420 3987 439 4015 “
459 3984 586 4051 Scimus,
605 3985 650 4040 flli
667 4001 775 4052 comes,
794 3990 826 4042 et
841 3984 1011 4042 memoriter
1027 3983 1185 4041 recolimus
1202 4001 1239 4041 ex
1262 3992 1370 4057 quante
1386 3986 1436 4043 de·
1448 3994 1498 4040 t'te
1506 4006 1567 4050 poue

1464 4047 1582 4092 rcmlsesa
1655 4074 1658 4079 ,

383 4071 402 4099 ‘⁴
421 4069 539 4126 votione
556 4085 609 4124 rex
625 4068 743 4141 Anglice
761 4068 891 4142 plurima
907 4076 938 4125 et
955 4069 1086 4141 largiora
1102 4068 1187 4125 nobis
1211 4069 1369 4126 contulerit
1384 4070 1434 4126 be·
1448 4057 1558 4149 imm,

382 4154 402 4180 “
420 4152 534 4218 nefioio,
554 4151 603 4208 cui
620 4151 690 4207 dats
706 4152 922 4225 opportunitate
940 4158 1084 4224 quantum
1103 4169 1171 4208 cnm
1188 4151 1251 4208 Deo
1274 4154 1435 4226 poterimus

381 4236 401 4266 “
420 4236 452 4292 in
477 4234 623 4291 desiderio
650 4234 755 4291 animes
779 4236 920 4292 hebemus
945 4252 999 4308 pro
1025 4235 1140 4292 meritis
1165 4235 1357 4308 respondem
1384 4237 1437 4293 sed

381 4319 401 4346 ‘⁴
421 4318 492 4390 quia
507 4318 622 4390 legatos
638 4318 818 4389 postulastis,
837 4318 982 4375 habebitis
1000 4324 1031 4375 et
1047 4317 1189 4390 legatos.”

416 4408 553 4467 Osculato
574 4401 689 4488 itaque
710 4410 784 4483 pede
802 4411 913 4467 domini
936 4428 1030 4484 papie,
1049 4402 1206 4489 quaeeivit
1223 4411 1437 4469 Londcniensis
1449 4424 1566 4479 tmpore

380 4524 417 4563 ex
433 4510 577 4578 consulto,
598 4510 631 4566 in
654 4527 713 4582 qua
736 4516 879 4584 potestate
901 4507 1012 4570 essent
1033 4505 1176 4571 venturi
1224 4512 1290 4569 “In
1308 4477 1583 4581 debitassfflnii.

380 4598 479 4672 inquit
502 4600 640 4659 dominus
664 4619 748 4676 pape
786 4602 943 4670 “Immo‚”
967 4604 1010 4661 ait
1036 4602 1259 4673 Londoniensis,
1286 4604 1345 4660 “id
1361 4604 1436 4679 peti·
1450 4577 1603 4673 mmor

1451 4676 1553 4730 nobs·

467 4788 1244 4915 m¹ersm010ctune‚s.ss.;mcsonnnlinc.

1205 4880 1209 4893 '
1278 4887 1303 4941 li
