3572 5744
725 934 836 983 orans
859 934 1049 984 1119199191.
1342 922 1404 985 121

190 1125 469 1211 Commeapacem
482 1118 650 1211 predicari&
663 1123 693 1210 et
715 1123 815 1189 portas
839 1117 968 1209 civitatis
994 1117 1112 1189 aperiri,
1132 1111 1406 1208 91119911919999919ι
1438 1113 1560 1219 Δθσξέἱέι

190 1191 260 1259 We·
354 1209 424 1274 Jam
441 1199 488 1254 1119
506 1216 572 1271 quae
585 1198 772 1254 festivitatem
785 1196 967 1253 exslauoms
980 1196 1094 1253 89119191
1107 1196 1208 1253 Crucis
1220 1193 1407 1268 praecedebat.

191 1274 217 1322 Ρ·
230 1263 287 1311 ⁶⁷⁷·
357 1286 532 1357 Imperatrix
561 1278 674 1363 itaque
706 1297 780 1342 cum
814 1276 953 1341 diutinae
988 1276 1166 1341 obsidionis
1197 1273 1408 1362 gravissimas

357 1377 477 1443 fuisset
513 1400 666 1464 perpessa
703 1377 878 1454 molestias,
916 1377 1120 1443 desideravit
1156 1377 1268 1442 animo
1299 1375 1407 1440 locum

357 1484 496 1556 mutare,
534 1481 746 1565 animumque
783 1479 955 1544 turbatum
1001 1479 1081 1544 alibi
1119 1478 1321 1545 commodius
1357 1496 1407 1540 re·
1421 1477 1573 1582 {qlgssffiggffl

358 1589 474 1634 creare.
521 1577 587 1633 Jam
607 1575 775 1648 imperatrix
800 1593 905 1647 equum
925 1575 1101 1640 ascenderat,
1121 1579 1278 1631 comitante
1303 1586 1408 1630 seeum
1422 1577 1570 1674 lilim·

359 1665 450 1722 tratre
468 1682 519 1720 suo
537 1664 699 1735 Reginaldo
716 1655 834 1721 comite
858 1654 1042 1733 Comubiae,
1065 1655 1252 1721 domesticis
1279 1676 1409 1739 quoque

341 1756 395 1822 ’91
431 1757 544 1822 amicis
580 1756 648 1821 suis
686 1757 808 1823 multis.
854 1757 954 1823 Porro
988 1779 1095 1824 comes
1133 1757 1296 1822 Robertus
1333 1778 1407 1822 eum

358 1859 476 1945 grandi
513 1879 684 1944 procerum
729 1859 938 1944 militumque
975 1865 1109 1926 caterva
1153 1858 1352 1944 sequebatur
1388 1879 1409 1922 a

359 1965 460 2046 tergo.
506 1960 583 2026 Jam
611 1960 674 2046 ipsi
706 1966 939 2047 processerant,
963 1967 998 2026 et
1015 1987 1081 2026 eece
1099 1969 1195 2025 subito
1208 1959 1310 2045 jussit
1340 1960 1408 2045 epi-

361 2070 478 2136 seopus
493 2074 560 2112 suos
577 2056 615 2112 ad
631 2074 714 2112 arma
731 2050 901 2127 convolare,
925 2057 959 2115 et
976 2059 1074 2114 hostes
1092 2049 1234 2114 viriliter
1248 2050 1409 2136 persequi,

360 2145 600 2218 comprehendere
618 2142 653 2201 et
674 2157 798 2203 necare.
844 2137 1053 2226 Episcopales
1085 2139 1197 2223 itaque
1220 2161 1262 2205 ex
1289 2139 1409 2225 impro-

360 2227 431 2291 viso
452 2225 632 2303 exilientes,
655 2247 730 2291 eum
753 2227 880 2315 impetu
903 2249 1024 2315 magno
1046 2232 1081 2292 et
1095 2227 1235 2293 clamore
1250 2228 1409 2294 abeuntes

358 2327 587 2414 insequuntur,
619 2327 751 2393 caedunt
783 2336 818 2395 et
847 2331 1011 2406 scindunt,
1042 2334 1077 2393 et
1108 2329 1266 2415 plurimos
1297 2334 1410 2416 captos

359 2429 501 2496 vinculis
527 2429 704 2516 stringimt.
742 2440 855 2496 Territa
873 2431 1068 2517 imperatrix
1099 2431 1235 2518 aufugit
1256 2432 1410 2507 velocius,

358 2536 390 2586 et
407 2530 444 2585 ad
461 2529 611 2585 castellum
630 2545 687 2600 quo
705 2528 842 2586 tendebat
869 2531 904 2586 de
922 2529 1166 2600 Lutegareshale²
1184 2530 1278 2586 tristis
1296 2536 1326 2585 et
1352 2542 1410 2586 ex·

358 2609 479 2675 animis
501 2617 630 2681 advenit,
655 2614 706 2671 sed
731 2612 767 2671 et
792 2616 835 2671 ibi
859 2622 978 2688 propter
1005 2620 1117 2670 metum
1142 2615 1270 2687 episcopi
1297 2630 1411 2675 secura

359 2719 428 2764 9889
451 2718 519 2762 non
549 2695 668 2782 potuit.
714 2702 799 2759 Unde
823 2704 1007 2760 hortantibus
1033 2695 1147 2761 91111918
1169 2722 1224 2760 usu
1249 2708 1411 2764 masculino
1423 2717 1553 2763 8119991999

359 2812 433 2867 “1¹10
460 2793 648 2867 superposita,
667 2805 770 2870 usque
797 2791 835 2848 ad
860 2783 1031 2849 castellum
1049 2792 1164 2849 Divisae
1181 2791 1410 2872 nuncupatum
1423 2768 1562 2864 ffll'ss„

357 2882 507 2954 perducta,
520 2894 595 2939 cum
621 2901 675 2938 neo
701 2882 743 2938 ibi
770 2899 800 2937 se
827 2882 918 2937 tutari
944 2899 1027 2954 posse
1054 2881 1233 2946 formidaret,
1249 2881 1310 2953 jam
1336 2901 1409 2955 pene
1422 2869 1563 2965 ttprelonoa·

358 2961 500 3017 exanimis
518 2962 623 3017 feretro
641 2961 756 3016 invecta
773 2965 803 3015 et
821 2961 904 3032 quasi
923 2959 1046 3016 cadaver
1064 2960 1182 3016 funibus
1209 2960 1309 3031 ligata,
1329 2962 1410 3034 equis

361 3066 433 3111 eam
446 3051 652 3116 deferentibus,
671 3049 709 3106 ad
726 3049 875 3105 civitatem
894 3049 1101 3105 Glaomensem
1119 3048 1297 3121 deportatur.

190 3149 349 3203 9911919.
397 3143 489 3197 Porro
501 3126 597 3196 comes
609 3140 755 3196 Robertus
766 3156 819 3211 per
836 3140 926 3195 aliam
943 3139 1022 3194 viam
1039 3152 1060 3195 a
1075 3130 1249 3196 Wintonia
1265 3156 1409 3210 egressus,

254 3253 261 3268 ·
362 3222 399 3278 ab
417 3220 636 3293 insequentibus
654 3236 806 3292 oppressus
824 3226 878 3284 est,
897 3226 985 3291 atque
1003 3219 1035 3274 in
1047 3220 1110 3276 loco
1136 3221 1187 3291 qui
1212 3219 1411 3290 Stonbregge⁸
1424 3234 1478 3278 usu
1491 3236 1580 3283 1199111

210 3320 217 3335 ·
280 3321 287 3333 ·
362 3312 471 3369 dicitur
500 3330 566 3368 cum
600 3311 707 3368 comita
735 3310 901 3367 Warenniae
931 3302 1069 3389 aliisque
1102 3303 1253 3390 pluribus
1285 3313 1410 3389 captus,
1423 3287 1533 3389 mm

361 3412 391 3456 91
419 3400 530 3471 reginas
558 3413 618 3478 per
655 3391 842 3477 episcopum
868 3393 1002 3457 civitatis
1039 3394 1074 3456 in
1112 3394 1194 3460 urbe
1231 3392 1411 3459 Wintouiae

360 3489 501 3546 residenti
529 3496 728 3563 presentatus.
775 3479 933 3544 'Raditur
963 3483 1076 3568 itaque
1109 3504 1216 3548 eomes
1247 3481 1412 3548 Robertus

360 3576 508 3633 willelmo
539 3576 665 3648 Yprensi
695 3570 753 3654 qui
791 3567 913 3634 Cautia
949 3570 1158 3649 abutebatur,
1187 3585 1218 3635 et
1245 3593 1304 3657 per
1340 3571 1412 3658 ejus

361 3656 536 3742 imperium
556 3665 587 3720 in
605 3670 687 3720 turre
705 3664 825 3734 Rofensi
843 3665 981 3722 custodie
998 3669 1189 3740 mancipatur.
1226 3666 1299 3723 Milo
1310 3662 1411 3726 etiam

360 3744 625 3812 constabularius
647 3744 715 3829 qui,
737 3752 777 3810 ut
808 3746 1034 3830 supradictum
1057 3753 1152 3826 esta
1173 3768 1249 3833 rege
1270 3751 1411 3827 recessit,
1424 3787 1491 3831 m„

359 3844 396 3899 ab
422 3842 556 3898 hostibus
581 3842 799 3915 circumseptus,
818 3835 876 3900 sed
906 3836 1103 3902 mirabiliter
1132 3837 1271 3923 elapsus
1289 3846 1325 3902 de
1351 3847 1412 3902 sola
1423 3839 1516 3882 racha

360 3920 423 3977 vita
451 3921 546 3984 latus,
570 3919 651 3976 venit
676 3919 882 3978 Gloecestriam
907 3926 967 3981 fere
992 3925 1097 3981 nudus.
1134 3925 1294 3981 Johannem
1322 3925 1411 3981 etiam
1424 3887 1567 3935 mmm·

358 3992 504 4059 nobilem
528 3991 693 4078 quendam
719 4001 862 4057 1911191919
892 4020 991 4060 sorum
1021 4004 1059 4061 ad
1091 4004 1299 4060 monasterium
1328 4005 1410 4060 war,

359 4092 523 4147 wellensem
549 4090 711 4162 fugientem
729 4088 836 4145 milites
861 4091 988 4164 episcopi
1015 4098 1230 4165 persequentes,
1250 4108 1317 4146 oum
1336 4105 1410 4148 eum
1422 4114 1546 4160 evermu

359 4177 462 4235 exinde
492 4178 642 4234 extrahere
670 4194 729 4232 non
758 4176 909 4247 valerent,
939 4180 969 4235 19
1001 4180 1065 4252 ipsa
1100 4180 1259 4236 festivitate
1296 4178 1411 4236 8999191
1423 4166 1519 4211 tumea.

360 4265 462 4322 Crucis
477 4265 629 4321 ecclesiam
647 4274 850 4322 cremaverunt
868 4285 934 4323 curn
953 4267 1098 4333 domibus,
1118 4272 1148 4322 et
1160 4267 1241 4322 libris
1259 4275 1293 4324 et
1311 4263 1411 4326 vesti·

360 4345 469 4400 mentis
519 4345 784 4400 sanctimonialium
833 4346 1022 4403 inclementer
1067 4347 1180 4411 ablatis,
1228 4345 1411 4421 humanoque

360 4424 504 4495 sanguine
521 4440 618 4478 coram
637 4415 708 4500 ipso
726 4424 812 4479 altari
833 4426 933 4492 effuso,
953 4426 1126 4496 praedictum
1144 4439 1223 4483 vero
1248 4428 1410 4486 Johaunem

359 4519 413 4558 nec
425 4519 537 4575 capere,
557 4519 610 4558 999
628 4504 769 4577 expellere
787 4509 951 4575 potuerunt.

395 4582 451 4637 His
478 4582 584 4658 itaque
614 4585 714 4654 gestis,
743 4583 850 4654 praesul
879 4583 1025 4640 Henrious
1056 4586 1100 4641 ira
1125 4588 1411 4661 quantulumcunque

359 4660 458 4718 sedata
476 4661 527 4717 sed
540 4660 699 4733 cupiditate
717 4660 874 4718 admodum
891 4662 1022 4728 dilatata,
1042 4672 1217 4736 suggerente
1235 4667 1332 4739 priore
1343 4670 1411 4723 novi

781 4771 964 4778 —.—..-...-·.
979 4772 1113 4780 unm.

392 4844 649 4911 ,mmmm
671 4845 862 4909 advesperante,
941 4805 1172 4875 π1919999991919]
1203 4810 1412 4878 Lutegareshala‚

359 4925 390 4977 Β.
909 4886 931 4939 C

933 4924 952 4997 '³
966 4965 1131 5033 Stoabrcppe]
1146 4967 1306 5035 Stoubrigga,
1318 4969 1348 5021 C.
