3646 5720
421 879 488 950 272
623 895 786 947 omvssn
808 893 970 947 nossem
992 895 1267 948 ommmmssie

270 1085 411 1132 summ
460 1079 479 1107 “
493 1077 595 1134 Sciant
612 1094 713 1134 omues
730 1084 791 1134 tem
809 1084 968 1150 praeseutes
987 1096 1075 1150 quom
1094 1079 1196 1144 futuri,
1216 1077 1294 1151 quod
1311 1094 1366 1150 ego
1384 1077 1477 1134 Ledo-
1491 1060 1615 1183 goim

253 1150 373 1255 &5⁰¹
423 1164 444 1191 “
462 1163 545 1218 vicus
572 1162 627 1217 Dei
653 1163 749 1233 gretie
774 1181 826 1218 rex
851 1163 1039 1228 Francorum,
1059 1167 1089 1217 et
1119 1181 1175 1235 ego
1203 1162 1349 1219 Henricus
1376 1162 1478 1217 eedem
1543 1167 1550 1181 '

423 1249 443 1275 “
463 1246 560 1317 gretie
576 1263 628 1301 rex
645 1245 812 1318 Anglorum
829 1248 964 1325 volumus
985 1248 1023 1303 sd
1041 1249 1173 1303 omnium
1199 1251 1261 1303 tom
1287 1246 1479 1319 praesentinm

424 1332 443 1357 “
464 1349 552 1401 quom
570 1331 736 1386 futurorum
751 1331 888 1387 notitiam
907 1332 1068 1404 pervenire,
1088 1349 1141 1387 nos
1159 1332 1221 1387 Deo
1238 1330 1399 1403 inspirante
1413 1346 1479 1401 prc-
1518 1366 1520 1370 -

425 1416 443 1441 “
463 1414 579 1470 misisse
598 1421 628 1470 et
641 1415 757 1485 jurasse
770 1415 848 1485 quod
863 1415 950 1470 simul
969 1414 1077 1470 ibimus
1095 1415 1127 1470 in
1139 1415 1293 1470 servitium
1306 1413 1478 1471 Christiani·

423 1501 443 1526 “
462 1498 531 1553 tetis
561 1504 591 1554 et
621 1515 738 1554 crucem
768 1497 960 1570 suscipiemus
990 1498 1062 1553 ituri
1093 1497 1311 1565 Jerosolimom,
1343 1497 1419 1553 sicut
1446 1496 1478 1551 iu

425 1584 444 1609 “
463 1583 571 1654 scripto
601 1581 637 1637 de
668 1582 851 1654 susceptione
876 1580 971 1636 crucis
996 1581 1075 1637 inter
1109 1598 1166 1658 uos
1193 1582 1271 1637 icoto
1304 1581 1477 1637 continetur.

424 1669 444 1694 “
463 1666 608 1722 Volumus
627 1666 715 1720 etiem
735 1670 769 1720 ut
786 1681 886 1719 omnes
904 1664 1009 1730 sciunt,
1028 1664 1106 1736 quod
1132 1665 1174 1721 sio
1200 1681 1300 1720 sumus
1328 1668 1358 1720 et
1375 1661 1479 1718 amodo

424 1752 443 1776 “
462 1750 596 1804 volumus
613 1766 675 1804 esse
693 1747 791 1811 smioi,
812 1746 890 1817 quod
907 1754 1032 1817 uterque
1048 1753 1180 1803 nostrum
1198 1747 1284 1802 alteri
1296 1744 1480 1803 conservabit

424 1835 445 1860 “
464 1832 557 1887 ritem
575 1837 605 1887 et
622 1830 753 1886 membro
770 1837 801 1886 et
818 1835 967 1885 terrenum
983 1831 1124 1886 honorem
1142 1846 1228 1885 suum
1252 1835 1354 1884 contro
1379 1845 1480 1884 omues

424 1917 444 1942 ‘⁴
463 1916 597 1971 homines
614 1932 667 1987 pro
685 1930 769 1986 posse
787 1930 849 1968 suo.
885 1912 926 1968 Et
943 1913 969 1968 ei
987 1929 1167 1985 quecunque
1192 1928 1317 1984 persons
1342 1911 1479 1968 alterutri
1585 1935 1592 1948 ·

425 2001 444 2026 “
463 2004 596 2054 nostrum
613 1999 725 2052 molum
751 1996 844 2053 fucere
869 1996 1096 2069 presumpserit,
1121 2012 1177 2067 ego
1204 1995 1352 2050 Henricos
1369 1994 1479 2064 jurabo

424 2085 442 2111 ‘⁴
464 2081 642 2137 Lodovicum
669 2096 771 2150 regem
796 2079 928 2135 Fronoioe
955 2079 1105 2134 dominum
1130 2096 1230 2135 meum
1256 2085 1357 2134 contre
1380 2095 1479 2135 omnes

424 2166 442 2193 ‘⁴
461 2164 594 2221 homines
618 2181 672 2237 pro
695 2179 780 2234 posse
804 2179 887 2217 meo:
915 2167 945 2218 et
972 2178 1027 2233 ego
1052 2162 1215 2219 Lcdovious
1237 2161 1349 2233 jurabo
1369 2161 1477 2218 Henri-

425 2252 444 2278 “
463 2266 531 2305 cum
548 2264 649 2319 rogem
666 2246 785 2317 Angliae
811 2249 913 2301 contra
935 2262 1037 2300 omnes
1066 2245 1200 2301 homines
1222 2262 1378 2317 proposse
1401 2261 1476 2311 meo,

426 2332 444 2357 “
463 2332 540 2387 sicut
569 2330 719 2385 homiuem
749 2334 779 2384 et
801 2328 918 2385 fidelem
943 2345 1053 2393 meum,
1078 2328 1159 2384 solve
1185 2327 1243 2384 fide
1274 2345 1363 2400 quem
1391 2327 1478 2384 debe·

425 2416 444 2441 “
463 2431 528 2469 mus
545 2412 713 2469 hominibus
729 2411 839 2467 nostris
858 2410 999 2484 quamdiu
1024 2410 1082 2482 ipsi
1100 2409 1185 2466 nobis
1203 2410 1291 2467 fidem
1309 2410 1477 2467 servabunt.

426 2501 445 2527 ‘¹
464 2499 504 2554 Et
533 2502 636 2553 neuter
663 2501 797 2552 nostrum
821 2495 925 2551 amodo
949 2495 1089 2551 retinebit
1113 2495 1267 2551 inimicum
1293 2495 1415 2551 alterius
1445 2496 1478 2551 in

425 2584 445 2606 “
463 2588 544 2638 terre
568 2599 621 2638 sus
645 2599 681 2636 ex
699 2598 756 2652 quo
781 2581 942 2651 requisitus
969 2579 1038 2635 inde
1064 2579 1163 2637 fuerit.
1199 2579 1240 2635 m
1264 2585 1299 2635 ut
1324 2579 1401 2635 inter
1425 2596 1478 2635 nos

424 2667 445 2693 “
463 2665 568 2722 smodo
585 2664 707 2720 tollatur
729 2662 823 2718 omnis
846 2662 971 2718 materie
997 2661 1159 2728 discordiae,
1178 2662 1372 2719 concessimus
1397 2661 1479 2718 ediu-

424 2750 443 2776 “
462 2749 557 2805 vicem
575 2746 653 2820 quod
670 2745 706 2801 de
724 2746 811 2802 terris
836 2751 866 2802 et
890 2739 1121 2818 'possessionibus
1140 2752 1171 2801 et
1196 2745 1264 2801 eliis
1289 2744 1379 2803 rebus
1406 2763 1477 2818 quos

426 2833 445 2858 “
463 2832 586 2903 quisque
603 2834 738 2886 nostrum
755 2827 842 2884 modo
859 2827 998 2899 possidet,
1015 2827 1090 2883 citer
1106 2826 1247 2883 adversus
1266 2827 1392 2883 alterum
1409 2827 1477 2884 inde

425 2913 555 2970 “nichil
585 2911 690 2967 amodo
720 2916 809 2982 petet,
829 2915 949 2982 excepto
966 2927 1000 2965 eo
1028 2908 1063 2964 de
1081 2908 1240 2966 Alvernie¹
1258 2909 1337 2965 unde
1360 2915 1478 2968 conten-

425 3000 444 3025 “
464 2997 506 3051 tio
523 2996 601 3051 iuter
630 3011 684 3049 nos
708 2998 761 3059 est,
787 2998 817 3048 et
840 2998 959 3065 excepto
983 2991 1070 3049 feudo
1100 2991 1137 3047 de
1167 2998 1262 3049 castro
1288 2992 1416 3059 Rudulfl,
1447 3000 1478 3049 et

425 3078 589 3150 “exceptis
615 3077 738 3132 minutis
765 3075 860 3132 feudis
887 3080 917 3131 et
942 3075 1045 3130 divisis
1068 3079 1214 3130 terrerum
1239 3082 1410 3132 nostrornm
1440 3076 1477 3132 de

425 3163 444 3188 ‘⁴
463 3159 587 3225 Berrio,²
610 3160 637 3217 si
662 3160 796 3216 homines
821 3160 915 3215 nostri
940 3158 1053 3231 aliquid
1076 3157 1144 3213 inde
1168 3159 1377 3231 interceperint
1400 3158 1478 3215 inter

425 3246 445 3271 “
465 3261 497 3299 se
515 3244 563 3299 vel
581 3243 720 3298 advorsus
738 3242 861 3297 alterum
879 3247 1019 3298 nostrum.
1058 3240 1091 3297 Si
1109 3246 1208 3297 sutem
1233 3260 1321 3314 super
1346 3242 1394 3298 his
1412 3259 1477 3314 quae

426 3327 444 3352 ‘⁴
464 3327 597 3398 superius
614 3332 735 3397 exoepts
751 3330 820 3382 sunt
837 3342 890 3398 per
907 3329 1022 3382 nosmet
1045 3325 1124 3399 ipsos
1142 3326 1297 3383 convenire
1319 3343 1379 3381 nou
1395 3331 1476 3398 pote-

425 3410 444 3437 “
462 3409 565 3476 rimus,
585 3426 640 3479 ego
658 3408 821 3464 Lcdovicus
838 3425 889 3463 rex
906 3408 1039 3464 Francis
1056 3408 1135 3480 elegi
1151 3413 1211 3465 tres
1231 3409 1391 3481 episcopos,
1411 3408 1477 3465 Olo-

426 3495 445 3520 “
463 3499 690 3558 romouteosem,
708 3491 935 3558 Niremensem,
960 3491 1191 3558 Trcterneneem,
1210 3496 1240 3548 et
1266 3498 1326 3549 tres
1344 3492 1475 3558 botones,

425 3578 601 3633 “comitem
628 3575 858 3642 Theodbuldum,
889 3581 920 3655 et
946 3576 1084 3631 comitem
1111 3574 1273 3631 Bobertum
1298 3581 1328 3633 et
1354 3577 1477 3632 Petrum

426 3660 445 3686 “
464 3660 500 3716 do
528 3659 683 3717 Ourteuci⁸
708 3659 816 3716 fratres
841 3676 929 3715 meos.
966 3658 1005 3714 Et
1031 3674 1087 3729 ego
1113 3658 1261 3715 Heuricus
1287 3677 1340 3715 rex
1357 3659 1478 3731 Angliae

426 3746 445 3771 “
465 3744 541 3814 elegi
559 3748 618 3799 tres
636 3743 794 3813 episcopos,
814 3742 997 3799 Willelmnm
1015 3740 1271 3809 cenomanensem,
1291 3742 1412 3798 Petrum
1424 3743 1477 3799 Pe·

424 3830 444 3856 “
464 3832 675 3897 trugorensem,
694 3830 724 3881 et
750 3824 786 3881 lt.
805 3825 1048 3892 Namnetensem,
1074 3830 1105 3881 et
1128 3830 1189 3881 tres
1212 3824 1346 3892 barones,
1366 3826 1476 3903 Mauri-

426 3913 444 3939 “
463 3911 542 3967 cium
560 3910 596 3966 de
615 3909 722 3975 Orcum,
741 3908 925 3966 Willelmum
950 3908 1082 3980 Mangot,
1109 3914 1139 3964 et
1165 3908 1287 3965 Petrum
1313 3910 1349 3966 de
1376 3910 1478 3967 Monte

427 3995 445 4021 ‘⁶
464 3993 567 4060 Rubel,
586 4010 622 4049 ex
647 3998 730 4066 perte
748 4009 824 4057 meo,
844 3992 895 4062 qui
912 3991 1058 4062 inquisito
1082 3991 1241 4062 diligenter
1264 3993 1335 4048 hinc
1352 3999 1383 4049 et
1409 3994 1478 4050 inde

426 4080 445 4107 “
464 4077 588 4133 veritate
622 4082 683 4132 tom
712 4093 764 4147 per
790 4075 901 4149 seipsos
928 4092 1017 4147 quom
1052 4092 1106 4146 per
1131 4075 1303 4148 'juramento
1330 4081 1476 4133 terrorum

426 4163 445 4189 “
464 4162 592 4227 illerum,
609 4158 742 4231 proedicti
760 4159 889 4231 episcopi
907 4159 939 4214 in
956 4159 1045 4215 verbo
1062 4158 1196 4215 veritatis
1213 4160 1427 4227 asseverabunt,
1448 4166 1479 4217 et

425 4247 445 4272 “
464 4244 532 4300 loici
547 4244 698 4313 jurabunt.
718 4241 796 4314 qnod
814 4259 1003 4313 quecumque
1021 4242 1214 4314 cognoverint
1237 4242 1273 4298 de
1296 4243 1364 4314 jure
1382 4244 1477 4315 cujus·

426 4331 445 4356 ‘⁴
466 4345 523 4401 que
541 4333 673 4383 nostrum
692 4342 763 4390 esse,
782 4325 837 4380 hoo
854 4326 932 4381 inter
953 4341 1007 4381 uos
1025 4323 1134 4390 dicent,
1153 4330 1184 4381 et
1200 4342 1255 4381 nos
1280 4343 1382 4382 eorum
1399 4325 1478 4381 dicto

427 4413 446 4439 “
465 4412 541 4467 bons
568 4409 624 4465 fide
651 4407 776 4464 tirmiter
801 4408 953 4477 stobimus.
994 4407 1028 4463 Si
1052 4423 1122 4464 vero
1147 4424 1248 4464 omnes
1273 4409 1320 4463 iili
1348 4409 1478 4481 episcopi

427 4497 446 4523 “
465 4512 538 4568 quos
566 4510 622 4565 ego
646 4490 811 4547 Lodovious
838 4490 915 4562 elegi
939 4490 1080 4547 interesse
1104 4508 1164 4547 non
1188 4492 1326 4564 poterint,
1354 4492 1478 4549 nichilo·

458 4723 816 4792 1A10mc1A1umpnisc.
1008 4722 1169 4793 wimari]
1183 4725 1360 4790 curteum&
1373 4727 1403 4781 0.

457 4805 469 4839 ²
479 4805 593 4872 Bossia]
609 4806 714 4868 Bomos,
724 4804 755 4857 0.
