3662 5728
421 891 487 956 194
620 904 783 955 amvssn
805 902 965 954 11111111
987 904 1261 964 caurusnmusrs

268 1086 393 1132 All-11&
422 1087 443 1115 “
461 1084 550 1152 mus,¹
577 1090 613 1141 ut
641 1085 755 1157 possint
784 1102 903 1142 causam
928 1075 1082 1143 dirimere
1110 1087 1306 1160 appellatione
1330 1074 1641 1144 remoueatur-2⁴·

347 1154 352 1163 ’
421 1166 443 1195 “
462 1165 536 1220 Haec
554 1164 627 1232 est,''
652 1165 750 1235 inquit
767 1165 902 1221 dominns
919 1183 1003 1238 papa,
1025 1166 1147 1238 “gloria
1172 1184 1246 1233 maa,
1273 1184 1363 1238 quam
1387 1166 1472 1223 alteri

423 1251 444 1279 “
462 1267 520 1305 non
538 1249 621 1305 dabo.
658 1248 697 1304 Et
714 1253 793 1304 certe
817 1266 886 1304 cum
905 1248 1082 1321 judicandus
1106 1249 1205 1318 suerit,
1224 1268 1243 1306 a
1260 1250 1345 1306 nobis
1359 1249 1472 1322 judica-

422 1336 441 1362 ‘⁴
461 1333 549 1399 bitur,
569 1330 639 1404 quia
656 1331 738 1387 nulla
754 1331 901 1403 permittit
924 1332 1000 1387 ratio
1023 1336 1057 1386 11
1081 1349 1150 1387 eum
1167 1334 1198 1388 in
1215 1333 1356 1405 Angliam
1372 1334 1472 1389 remit·

420 1427 441 1455 “
460 1431 565 1492 tamus,
583 1425 620 1482 ab
636 1423 810 1481 adversariis
822 1429 852 1479 et
863 1424 940 1479 inter
951 1424 1084 1480 inimicos
1098 1423 1318 1495 judicandum.'’
1346 1417 1474 1505 Adjeeit
1485 1412 1565 1492 ‚Herb-
1576 1412 1638 1464 13⁰¹·

419 1518 529 1597 etiam,
561 1523 601 1583 ut
633 1516 869 1603 archiepiscopi
898 1517 1065 1605 paulisper
1094 1484 1556 1605 οιροο111111111111111,”’8’

395 1631 450 1687 ,11
472 1621 566 1707 eujus
597 1627 729 1684 absentia
744 1627 836 1683 nichil
866 1623 938 1683 erut
959 1620 1000 1686 de
1026 1623 1102 1707 jure
1132 1631 1329 1698 statuendum,
1353 1623 1414 1687 nee
1435 1620 1472 1686 id

418 1724 507 1810 quod
536 1722 695 1809 petebant
723 1720 945 1786 annuendum.
993 1723 1059 1804 Qui
1089 1747 1164 1793 cum
1197 1725 1345 1791 dicerent
1375 1730 1473 1788 sitia

418 1826 551 1892 domino
573 1851 644 1906 roga
661 1833 821 1888 torminum
844 1845 913 1890 essa
935 1835 1098 1907 praefixum,
1123 1850 1184 1896 nea
1206 1827 1404 1914 optinerent,
1420 1845 1470 1891 as·

417 1933 593 2016 pemantes
616 1926 727 1992 omnia
747 1937 958 1997 recesserunt.

462 2031 596 2096 Interea
617 2028 879 2116 archiepiscopus
901 2033 1029 2120 aliquot
1058 2031 1174 2101 diebus
1196 2031 1287 2118 apud
1310 2028 1631 2122 8111111111111111.

418 2132 592 2200 Bcrtinum
622 2132 753 2217 degens,
779 2151 855 2196 cum
876 2143 955 2213 regis
978 2134 1163 2222 Anglorum
1185 2148 1216 2198 ot
1232 2139 1347 2197 comitis
1370 2131 1470 2195 Flan-
1483 2105 1641 2223 ξξζιόὲξῇ

417 2236 498 2301 driae
513 2242 717 2316 cognationem
734 2238 863 2299 haberet
880 2251 1053 2316 suspectam,
1067 2235 1224 2323 suffragio
1242 2242 1362 2297 Milonis
1379 2241 1469 2298 Taru-
1483 2235 1500 2288 't
1512 2241 1553 2288 84.

380 2420 387 2431 ἡ
417 2346 531 2403 anensis
549 2344 677 2416 episcopi
695 2336 862 2402 etaetatis
881 2344 981 2402 Sancti
997 2348 1111 2404 Bertini
1128 2338 1308 2425 prudenter
1324 2344 1357 2400 in
1375 2344 1471 2400 Suesi-

417 2465 503 2504 onam
522 2443 686 2519 perductus
708 2443 767 2504 est.
815 2438 888 2519 Quo
911 2459 986 2505 cum
1009 2450 1137 2506 erastino
1153 2439 1313 2506 adveniret
1335 2445 1471 2501 dominus
1567 2518 1574 2525 ,

416 2565 468 2604 rex
490 2548 623 2604 Francia
646 2547 819 2616 Lodovicus,
844 2547 882 2604 ad
905 2549 1064 2621 hospitium
1087 2549 1298 2622 archiepiscopi
1328 2538 1471 2605 festinus

417 2648 576 2716 descendit,
590 2640 685 2727 eique
707 2640 744 2709 in
766 2641 919 2706 omnibus
941 2641 1066 2728 regiam
1080 2642 1204 2729 optulit
1224 2641 1471 2729 protectionem,

417 2756 448 2806 at
464 2750 501 2806 ds
519 2750 602 2823 ragio
626 2751 695 2807 fisco
726 2764 820 2809 suam
853 2748 888 2811 et
920 2764 1054 2809 suorum
1087 2744 1359 2831 procurationem.
1407 2741 1471 2808 Oui

415 2863 492 2910 cum
514 2844 766 2931 archiepiscopus
788 2849 889 2931 prout
910 2844 1027 2910 debuit
1049 2854 1160 2926 gratim
1183 2846 1310 2930 egisset,
1334 2849 1368 2910 et
1399 2864 1470 2908 eam

343 2956 348 2966 ·
416 2965 516 3030 quam
554 2945 720 3032 optulerat
748 2947 1013 3032 procurationem
1045 2946 1089 3013 ed
1127 2968 1270 3033 praesens
1310 2948 1470 3021 renuisset,

415 3066 491 3111 cum
521 3054 618 3126 gratia
635 3047 739 3133 ipsius
761 3047 861 3111 simul
884 3053 920 3114 at
948 3048 1114 3119 conductu
1135 3049 1179 3115 ed
1210 3047 1381 3127 dominum
1411 3067 1554 3148 pa·Herb
1572 3096 1626 3149 Bor

414 3168 493 3235 pam
528 3158 650 3217 Sasonis
683 3149 857 3236 profectus,
890 3154 925 3215 et
956 3172 978 3217 a
1011 3151 1144 3217 domino
1173 3170 1262 3238 papa
1291 3148 1515 3215 honorifioaiv.
1529 3135 1568 3217 ld.
1627 3134 1634 3148 ⁸

415 3255 586 3338 saeptus
608 3256 666 3317 est.
721 3251 802 3321 Post
831 3260 943 3333 aliquot
964 3259 1078 3320 autem
1101 3261 1245 3317 adventus
1268 3252 1320 3318 sui
1343 3258 1406 3315 dies
1432 3250 1469 3315 in

415 3361 609 3418 secretiorem
639 3374 801 3421 cumeram
838 3354 1009 3435 admissus
1048 3375 1158 3422 eorem
1188 3360 1305 3418 domino
1329 3377 1404 3434 papa
1434 3357 1469 3418 et

414 3450 622 3530 &cutheus
658 3478 733 3525 eum
773 3462 861 3524 stare
884 3467 976 3524 111111
1000 3467 1101 3525 sedere
1123 3464 1236 3538 jussus,
1260 3464 1302 3520 sio
1334 3475 1469 3521 exorsus

414 3562 484 3624 est:

246 3654 370 3750 my
451 3661 470 3689 ‘¹
489 3659 573 3716 Licet
589 3677 649 3717 nou
666 3660 793 3717 multum
812 3661 966 3733 sapientes,
980 3677 1034 3716 neo
1050 3663 1152 3715 tamen
1168 3676 1261 3731 usque
1279 3659 1351 3715 adeo
1369 3676 1469 3716 sumus
1479 3699 1559 3753 Am·

246 3755 374 3802 taonem
416 3744 435 3771 “
454 3744 536 3812 latui,
556 3750 591 3801 ut
606 3762 709 3816 regem
727 3745 855 3818 Angliae,
875 3762 943 3801 suos
962 3749 993 3801 et
1009 3761 1063 3800 sua
1079 3761 1133 3815 pro
1156 3743 1267 3799 nichilo
1290 3744 1468 3816 relinquere·
1479 3783 1503 3819 ο,
1515 3738 1569 3819 25]

244 3817 311 3861 ‘⁰¹³⁰'
415 3829 436 3856 “
454 3845 531 3894 mus,
551 3834 582 3883 et
598 3829 624 3885 si
641 3829 783 3885 vellemus
801 3846 862 3884 suas
880 3846 933 3900 per
950 3828 1047 3885 omnia
1064 3827 1180 3898 placere
1196 3827 1350 3891 voluntati,
1367 3827 1399 3882 in
1416 3843 1469 3883 Μ

245 3903 395 4000 {mmm
416 3913 434 3939 ‘⁴
454 3916 597 3984 potestate
615 3912 663 3967 111
681 3929 772 3984 regno
790 3928 848 3967 non
866 3917 943 3972 assat
960 3911 1025 3982 quis
1049 3911 1101 3982 qui
1124 3911 1208 3966 nobis
1233 3928 1285 3983 pro
1308 3910 1394 3984 libito
1410 3927 1469 3966 non

243 4005 346 4060 euml
415 4004 435 4031 “
454 4003 595 4060 obediret.
632 4003 672 4059 Et
690 4004 760 4060 dum
779 4004 835 4061 sub
851 4004 907 4059 hac
919 4002 1084 4060 conditione
1098 3994 1162 4059 sibi
1177 4003 1377 4069 militavimus,
1397 4002 1470 4075 quid

415 4095 436 4123 “
455 4094 512 4151 suit
530 4094 608 4167 quod
625 4095 708 4151 nobis
725 4113 783 4151 non
801 4096 941 4151 successit
958 4095 996 4151 od
1006 4094 1131 4151 votum?
1159 4094 1204 4150 Ex
1222 4111 1279 4166 quo
1296 4112 1367 4151 vero
1380 4095 1468 4149 aliam

415 4179 436 4206 ‘¹
454 4177 583 4249 ingressi
600 4196 702 4233 sumus
720 4179 808 4244 viam,
826 4177 873 4234 et¹
892 4179 963 4234 lacti
987 4168 1091 4234 sumus
1112 4195 1257 4234 memores
1281 4177 1469 4249 professionis

415 4262 436 4290 “
455 4268 485 4339 et
514 4262 686 4319 obedientiae
716 4281 805 4336 quam
834 4280 887 4335 pro
916 4263 981 4320 Deo
1011 4263 1200 4335 suscepimus,
1232 4280 1319 4334 quem
1350 4261 1388 4317 ad
1416 4279 1469 4318 nos

417 4346 436 4373 ‘⁶
454 4346 559 4403 habuit
581 4348 677 4420 tepuit
699 4347 830 4419 profecto
854 4347 936 4418 prior
960 4347 1089 4404 affectus.
1125 4346 1231 4402 Adhuc
1258 4351 1366 4411 autem,
1387 4345 1414 4400 si
1431 4345 1468 4400 ab

416 4429 437 4457 “
455 4429 509 4485 hoc
527 4431 678 4502 proposito
695 4430 838 4487 vellemus
856 4430 980 4496 resilire,
999 4431 1037 4485 ad
1061 4431 1124 4503 ejus
1148 4429 1377 4515 recuperapdam
1401 4446 1469 4499 gra·

415 4512 435 4540 “
453 4511 527 4567 tiam
552 4513 663 4569 nullius
691 4513 858 4570 interventu
886 4530 1018 4584 personas
1045 4529 1207 4584 egeremus.
1255 4512 1369 4570 Verum
1399 4511 1468 4583 qnia

447 4795 822 4864 ι1111111111]11111111110.
982 4797 987 4866 Ι
1033 4798 1093 4867 ’11]
1107 4816 1158 4852 om.
1171 4800 1201 4853 0.
