3572 5744
418 920 463 992 72
620 934 782 987 oaevrsn
804 934 965 987 uounonr
988 929 1265 985 carronmnrsrs
1305 987 1312 998 ‚

133 1194 136 1199 g
247 1140 403 1194 samaruga
419 1133 436 1161 “

248 1191 383 1245 appointed.
419 1236 437 1261 u

459 1146 596 1212 regnum
619 1124 788 1190 successit
828 1122 901 1204 Quo
922 1126 1081 1210 regnante
1104 1124 1139 1185 et
1172 1118 1316 1183 donante
1339 1111 1476 1200 Hugoni

460 1227 591 1292 crridam
624 1226 793 1292 abbatiam
828 1225 943 1291 Sancti
975 1222 1166 1310 Augustini,
1198 1220 1287 1285 idem
1325 1215 1426 1302 Hugo
1456 1235 1478 1279 a

421 1338 438 1363 ‘¹
461 1327 630 1395 monachis
667 1329 735 1393 suis
773 1332 991 1415 praesentatus
1027 1332 1078 1392 est
1113 1322 1278 1400 Ans‘elmo,
1317 1324 1356 1385 ut
1401 1338 1477 1384 eum

250 1448 343 1492 Anselrn

250 1500 337 1543 ramses
345 1501 370 1541 to

251 1551 311 1593 bleso
319 1549 367 1592 him
377 1549 401 1592 in
421 1542 438 1569 ‘⁶

251 1600 375 1650 tbekinr’s

251 1650 387 1699 chapelnnd
422 1644 440 1671 “

253 1702 307 1745 does
315 1701 335 1744 it
343 1702 368 1742 in

252 1752 290 1795 bis
298 1763 355 1798 own.
363 1764 378 1794 e

254 1802 374 1862 hambeth,

253 1956 379 2005 profession
423 1953 439 1977 “

253 2004 409 2050 otobcdicnce.

378 1746 470 1794 tut

420 1439 437 1465 “
460 1430 673 1496 benediceret
719 1429 913 1494 Potentibus
935 1434 1046 1494 autem
1069 1424 1237 1493 monachis
1259 1429 1295 1490 et
1317 1422 1388 1508 ipso
1401 1440 1478 1506 rege

460 1555 520 1620 pro
550 1532 718 1599 monachis
747 1537 787 1597 ut
817 1553 892 1597 eum
922 1532 958 1597 in
988 1530 1114 1618 capelia
1145 1528 1231 1616 regis
1263 1524 1478 1599 benediceret,

462 1636 633 1722 respondit
670 1635 856 1713 Anselmus,
893 1633 996 1699 ‘Non
1034 1637 1085 1699 ost
1122 1625 1232 1696 mcum
1270 1629 1403 1693 missam
1441 1624 1477 1688 in

486 1737 611 1824 capella
633 1738 719 1824 regis
741 1737 912 1827 celebrare,
934 1736 999 1801 nisi
1029 1757 1105 1800 cum
1131 1755 1242 1820 regern
1264 1731 1367 1797 debeo
1389 1749 1477 1794 coro·

281 1864 333 1945 opu
352 1865 394 1947 “s
423 1850 439 1876 “
463 1852 573 1906 ‘nare
620 1840 691 1906 Nec
713 1839 789 1905 volo
811 1840 874 1906 hac
895 1840 967 1905 vice
990 1837 1146 1903 honorem
1169 1835 1230 1901 soli
1252 1834 1322 1920 regi
1345 1831 1478 1897 domino

463 1952 560 2008 ‘meo
583 1943 733 2009 debitum
755 1942 870 2008 abbati
893 1963 966 2006 meo
996 1940 1194 2027 impendere,
1216 1938 1274 2003 sed
1304 1935 1383 2021 quia
1412 1954 1479 1998 non

423 2054 440 2080 “
463 2050 585 2110 ‘vacat
607 2044 690 2109 mihi
713 2067 773 2131 pro
803 2043 865 2110 hac
886 2066 922 2108 re
945 2041 1160 2108 cantuariam
1191 2041 1247 2118 ire,
1277 2038 1332 2104 hic
1361 2037 1397 2101 in
1426 2056 1478 2100 ca-

423 2156 440 2182 “
463 2146 574 2233 ‘pella
599 2146 737 2232 hospitii
768 2147 833 2212 mei
856 2168 931 2211 eum
954 2146 982 2210 si
1005 2145 1110 2233 vultis
1139 2139 1348 2209 benenom!
1393 2137 1478 2204 Gon·

424 2257 441 2283 “
463 2251 645 2325 sensenmt,
668 2253 702 2314 et
724 2248 917 2314 benedictus
940 2252 991 2313 est
1012 2247 1101 2335 apud
1124 2244 1276 2322 lamhee,
1299 2248 1335 2308 et
1355 2241 1479 2307 ibidem

424 2349 708 2436 “archiepiscopo
740 2350 974 2436 professionem
1005 2350 1084 2415 fecit
1114 2349 1184 2413 sine
1213 2343 1480 2413 contradictione.

425 2460 442 2486 ‘⁴
465 2450 652 2516 Decedente
674 2451 831 2517 Anselmo
860 2457 1008 2538 ternpore
1037 2450 1123 2537 regis
1154 2447 1301 2525 Hernici,
1326 2444 1482 2511 successit

425 2553 497 2618 “ei
531 2553 694 2618 Radulius
731 2553 884 2619 Roiensis
921 2553 1111 2641 episcopus·
1130 2550 1201 2637 qui,
1231 2571 1306 2616 cum
1343 2548 1481 2614 Romam

425 2654 629 2740 “profectus
667 2675 688 2720 a
720 2654 877 2720 Paschale
915 2675 1002 2741 papa
1034 2653 1172 2740 pellium
1210 2651 1413 2737 suscepisset,
1446 2649 1482 2712 in

425 2766 441 2790 “
465 2756 647 2822 festivitate
678 2755 793 2823 Sancti
816 2757 964 2844 Gregorii
995 2777 1096 2842 super
1121 2755 1226 2825 altare
1256 2754 1370 2821 Sancti
1392 2751 1482 2817 Petri

427 2869 442 2895 ‘⁸
466 2859 651 2924 astantibus
673 2859 895 2925 cardinalibus
918 2858 1050 2924 missam
1080 2857 1267 2935 celebravit,
1290 2862 1326 2921 et
1353 2855 1391 2919 in
1413 2854 1481 2919 An·

426 2970 443 2995 “
466 2960 566 3047 gliam
589 2959 696 3025 rediit.
743 2960 864 3046 Elapso
886 2964 997 3025 autem
1028 2959 1199 3044 aliquanto
1222 2963 1377 3044 tempore,
1408 2978 1483 3022 cum

379 3094 395 3125 n
427 3063 556 3127 “idem
579 3061 742 3127 Radulfus
765 3062 904 3127 Romam
934 3062 1042 3127 iturus
1065 3061 1221 3149 Angliam
1252 3061 1383 3137 exisset,
1405 3058 1482 3124 Pas-

467 3163 569 3230 chalis
591 3163 684 3240 obiit,
699 3167 734 3227 et
756 3163 822 3228 duo
837 3163 1011 3228 substituti
1029 3168 1116 3239 sunt,
1140 3163 1290 3229 Gelasius
1304 3161 1428 3228 scilicet
1450 3165 1485 3226 ct

428 3274 444 3301 “
468 3264 644 3351 Gregorius
659 3287 668 3343 ;
683 3263 867 3349 Gregorius
893 3264 1032 3330 Romam
1056 3265 1211 3342 obtinuit,
1234 3265 1384 3331 Gelasius
1406 3283 1485 3329 vero

429 3376 446 3402 ‘⁴
466 3367 503 3430 in
519 3367 691 3433 Franciam
706 3367 808 3431 venit.
841 3365 996 3446 Quicum
1012 3366 1096 3432 dura
1113 3367 1265 3453 quaedam
1286 3373 1320 3432 et
1335 3366 1486 3431 inaudita

429 3478 446 3504 “
469 3475 584 3533 contra
605 3466 774 3533 ecclesiam
796 3474 1001 3554 proponeret,
1024 3473 1129 3533 morte
1158 3475 1348 3555 praeventus
1371 3467 1485 3533 Cluni-

430 3579 446 3605 “
469 3569 519 3637 cci
554 3568 703 3655 sepultus
734 3572 786 3634 est
842 3569 1037 3636 Gardinales
1069 3592 1149 3636 vero
1184 3576 1219 3635 et
1251 3570 1394 3636 Romani
1427 3569 1485 3656 qui

430 3679 447 3706 “
469 3693 543 3737 cum
566 3692 654 3757 papa
675 3677 843 3748 venerant,
866 3678 1090 3758 praecaventes
1112 3673 1185 3752 sibi,
1208 3672 1486 3759 archiepiscopum

430 3781 448 3811 “
470 3773 666 3838 Viencnsem
689 3772 934 3839 substituerunt
964 3781 998 3840 et
1021 3775 1192 3842 Galixtum
1222 3777 1485 3842 nominaverunt.

432 3883 449 3910 “
472 3874 578 3954 Quem
630 3895 704 3939 cum
758 3873 922 3941 Radulfus
976 3876 1239 3963 archiepiscopus
1292 3878 1488 3944 decrevisset

471 3976 593 4053 videre,
616 3975 723 4041 ulcere
746 3997 918 4060 percussus
940 3977 976 4041 in
998 3977 1082 4045 facie
1105 3983 1255 4044 retentus
1284 3984 1342 4046 est.
1389 3978 1487 4044 Unde

473 4077 625 4144 Gelixtus
655 4078 868 4155 vehementer
902 4080 1016 4158 iratus,
1047 4080 1284 4147 Eboracensem
1320 4081 1486 4149 ecclesiam

433 4190 450 4216 “
473 4186 507 4245 et
530 4180 644 4247 Sancti
667 4180 849 4268 Augustini
871 4182 1040 4250 abbatiam
1070 4189 1185 4251 contra
1215 4183 1487 4251 Gantuariensem

433 4291 450 4318 “
473 4282 641 4348 ecclesiam
663 4283 777 4349 erexit.
823 4283 990 4352 Defuncto
1004 4292 1117 4353 autem
1135 4286 1287 4366 Radulfo,
1303 4282 1488 4353 Willelmus

299 4422 360 4454 on
432 4393 449 4422 “
472 4384 594 4451 electm
631 4391 690 4464 cst,
717 4391 752 4452 et
781 4394 927 4453 sacratus
964 4389 1103 4476 pallium
1133 4391 1275 4478 suscepit
1304 4412 1326 4457 a
1356 4389 1489 4457 Galixto

280 4474 312 4575 ii
337 4472 380 4555 ri
433 4496 450 4527 “
472 4509 567 4573 papa,
598 4509 671 4553 cum
710 4490 962 4575 exprobratione
1007 4497 1120 4557 tamen
1149 4494 1236 4579 quod
1273 4493 1490 4580 praedecessor

266 4577 295 4607 '¹
367 4575 410 4606 '¹³⁰'
432 4600 449 4627 ‘¹
473 4612 551 4654 suus
574 4590 737 4654 Raduifus
766 4594 1000 4678 contempserit
1029 4617 1104 4659 eum
1135 4595 1170 4658 in
1201 4596 1340 4663 Francia
1369 4598 1489 4663 videre.

434 4700 449 4725 ‘⁴
474 4690 557 4755 Haec
590 4695 641 4755 cst
679 4691 786 4777 prima
824 4694 949 4759 occasio
979 4717 1046 4781 qua
1077 4695 1325 4764 Gantuariensis
1357 4699 1492 4767 ecclesia

435 4802 451 4828 “
475 4793 590 4859 matris
622 4815 691 4860 suae
720 4794 878 4863 Romanae
910 4797 1051 4865 ecclesiae
1082 4799 1222 4866 incurrit
1251 4802 1389 4868 odium.⁴
1419 4803 1493 4869 Hac
