3588 5740
421 891 486 954 590
623 902 785 952 ennvssn
807 903 969 953 nossem
991 904 1267 955 οιιιιιιιιιιιιιειε

270 1094 326 1138 un
335 1088 541 1145 1los.“vobis
565 1106 624 1142 non
650 1096 762 1144 cessent
787 1090 936 1144 detrahere
962 1090 1030 1161 quis
1051 1090 1207 1163 sequimini
1223 1091 1394 1147 bonitatem.
1430 1091 1470 1145 Et

252 1145 441 1241 {fflssfoffl
461 1178 569 1244 quanto
586 1172 721 1237 mundus,
741 1173 859 1244 quivos
877 1174 938 1228 odit
957 1173 1078 1245 quiade
1096 1175 1204 1230 mundo
1222 1193 1280 1230 non
1298 1175 1381 1239 estis,
1400 1173 1619 1230 21i0.s.sounxv

252 1248 439 1365 ffflffiffihou
422 1258 441 1283 “
461 1255 532 1326 quin
557 1256 634 1326 qnod
660 1273 746 1310 suum
764 1262 839 1312 esset
856 1256 999 1328 diligeret,
1019 1259 1231 1329 persecutiones
1256 1258 1340 1313 vobis
1364 1258 1472 1313 excitat
1486 1228 1519 1268 ¹⁹

252 1350 356 1391 convent.
421 1338 620 1408 “graviores:
641 1344 724 1393 tanto
750 1340 875 1411 amplius
903 1340 985 1395 Petri
1007 1341 1162 1405 luminum,
1186 1359 1204 1395 s
1222 1341 1285 1410 Quo
1310 1347 1355 1397 est
1380 1359 1466 1396 omne
1486 1353 1599 1401 seems·

421 1421 560 1475 “datum
586 1421 728 1491 optimum
753 1428 783 1476 et
807 1439 891 1476 omne
922 1421 1030 1477 donum
1056 1424 1226 1494 perfectum,
1253 1424 1285 1478 in
1309 1425 1471 1494 gratiarum
1486 1405 1501 1446 ¹
1511 1407 1542 1448 ¹⁷

421 1507 439 1530 “
459 1505 621 1561 actionibus
639 1505 804 1575 assurgatis,
825 1505 882 1575 Qui
899 1506 981 1580 vobis
994 1506 1075 1562 dedit
1092 1508 1292 1578 patientium
1281 1526 1314 1582 ιιι
1332 1507 1468 1562 adversis.

421 1591 440 1615 “
460 1589 603 1660 Despecta
627 1596 670 1643 est
697 1588 776 1643 euim
804 1589 945 1645 confessio
973 1607 1060 1661 quam
1092 1591 1163 1645 fecit
1191 1591 1368 1663 prosperitas
1399 1598 1472 1646 teste

421 1674 440 1699 ‘⁴
459 1673 610 1744 scriptura,
631 1690 695 1743 ques
713 1672 793 1739 dicit,
821 1674 1034 1729 ‘Confitebitur
1056 1675 1112 1729 tibi
1136 1692 1202 1729 cum
1227 1676 1402 1730 benefeceris
1426 1674 1473 1729 ιι.’
1486 1668 1615 1713 ΡΜῙΜ

421 1757 440 1782 “
461 1755 519 1812 Sed
536 1757 588 1810 illa
605 1756 705 1827 magni
722 1757 864 1812 momenti
881 1757 966 1813 debet
984 1758 1106 1813 existere
1124 1776 1211 1829 quam
1228 1777 1287 1814 non
1305 1759 1409 1814 adimit
1427 1758 1473 1814 vis

421 1841 440 1865 ‘¹
459 1839 576 1904 doloris,
596 1840 657 1912 ejus
676 1842 806 1911 exemplo
825 1841 874 1912 qni
892 1842 943 1906 ait,
965 1841 1017 1897 ‘Si
1034 1842 1111 1897 bons
1127 1844 1305 1915 suscepimus
1324 1842 1359 1898 de
1380 1861 1470 1898 manu
1487 1861 1603 1909 conicio

421 1926 441 1951 “
462 1924 700 1988 ‘Domini,-mala
717 1942 805 1996 quere
823 1942 883 1979 non
895 1925 1107 1997 suscipiemus?
1124 1927 1200 1982 sicut
1214 1927 1341 1981 Domino
1358 1927 1472 1999 pls-cuit

420 2011 440 2034 “
461 2007 521 2062 ‘ite
539 2008 649 2061 luctum
667 2014 719 2073 est,
734 2008 773 2063 sit
790 2024 896 2062 nomen
914 2008 1032 2063 Domini
1050 2009 1256 2064 benedictum)
1293 2011 1355 2066 Nos
1375 2017 1472 2065 sutem

422 2094 442 2118 “
461 2090 511 2162 qni
528 2091 625 2145 locum
643 2090 714 2161 Ejus
732 2092 800 2146 licet
817 2090 932 2163 indigni
949 2098 1079 2147 tenemus
1096 2091 1153 2161 Qui
1168 2093 1252 2165 juxta
1269 2094 1472 2165 propheticum

421 2178 440 2202 “
460 2173 659 2230 testimonium
677 2175 811 2230 liberavit
827 2192 981 2247 pauperem
999 2192 1017 2229 s
1034 2181 1151 2246 potente
1169 2182 1198 2230 et
1216 2176 1331 2248 inopem
1346 2177 1393 2231 cui
1410 2194 1470 2232 non
1486 2182 1624 2228 Pernen

420 2263 440 2287 “
460 2265 522 2314 erat
549 2258 673 2330 adjutor,
693 2260 798 2313 effectu
823 2265 942 2330 paterno
969 2259 1073 2315 vestus
1100 2259 1248 2316 doloribus
1273 2260 1471 2326 condolentes,

420 2345 439 2369 “
459 2359 519 2396 non
544 2342 721 2397 attendimus
747 2348 849 2398 contra
865 2359 916 2397 vos
941 2344 1056 2398 vultum
1081 2342 1218 2416 potentis,
1237 2342 1287 2399 sed
1305 2350 1339 2398 ut
1355 2361 1470 2416 oppres·

420 2429 439 2453 “
460 2425 588 2480 sionibus
606 2425 710 2479 vestris
727 2425 794 2480 finis
806 2425 920 2481 debitus
938 2426 1112 2497 imponatur,
1126 2444 1176 2498 spe
1195 2427 1257 2481 solu
1273 2427 1472 2482 retributionis

419 2511 439 2537 “
462 2514 586 2573 aeternae,
615 2509 694 2563 Petri
714 2509 844 2578 gladium
863 2509 1039 2565 exseruimus
1066 2511 1103 2565 ad
1126 2510 1271 2582 justitium
1290 2511 1470 2577 sociendsm3

420 2591 661 2646 “discretionem
688 2597 813 2647 vestram
839 2598 974 2663 rogantes
1001 2591 1141 2647 attentius
1171 2599 1201 2647 et
1230 2593 1410 2648 obsecrantes
1440 2595 1472 2647 in

421 2677 440 2704 “
460 2675 595 2739 Domino,
616 2674 752 2745 quatinus
770 2674 845 2729 hanc
862 2674 946 2730 nobis
963 2675 1131 2730 retribuatis
1152 2675 1322 2741 mercedem,
1342 2682 1377 2730 ut
1394 2676 1473 2749 apud

421 2761 441 2786 “
459 2758 758 2814 misericordissimum
772 2758 905 2814 Jndicem
926 2775 979 2831 pro
997 2758 1122 2829 peccetis
1140 2759 1246 2814 nostris
1263 2778 1362 2832 preces
1383 2766 1413 2815 et
1431 2761 1472 2815 la-

422 2844 441 2870 “
460 2842 565 2897 crimes
590 2842 754 2907 effundetis,
779 2860 866 2913 puras
890 2842 928 2896 cd
948 2843 1022 2897 Eum
1047 2860 1151 2897 manus
1175 2842 1236 2897 sine
1263 2844 1616 2915 disceptationmnmus

419 2929 439 2953 “
459 2927 607 2989 levantes,¹
626 2930 660 2979 ut
677 2924 843 2997 injunctum
862 2925 944 2979 nobis
962 2927 1139 2997 apostolatus
1156 2926 1281 2981 officinm
1300 2927 1337 2981 sd
1355 2927 1470 2982 laudem

419 3012 439 3037 ‘⁴
459 3014 489 3064 et
507 3008 630 3079 glorium
648 3008 774 3064 nominis
794 3008 855 3072 Sui,
874 3008 911 3062 ad
928 3009 1068 3063 honorem
1093 3015 1123 3064 ct
1146 3011 1308 3081 profectum
1332 3011 1469 3075 ecclesie,

413 3093 435 3119 “
460 3092 498 3147 ed
514 3092 742 3164 redemptionem
755 3098 785 3147 et
802 3093 925 3147 salutem
937 3091 1042 3147 animes
1060 3100 1176 3159 nostrin,
1189 3094 1326 3149 concedet
1343 3102 1372 3149 et
1384 3095 1472 3151 facist

419 3178 438 3203 “
459 3176 626 3247 adimplere
658 3176 782 3230 Amenss'

250 3289 359 3343 rhene
463 3272 596 3335 Interes
622 3270 781 3335 redeunte
807 3270 926 3335 nuntio
953 3291 1029 3335 cum
1055 3271 1177 3337 litteris
1202 3275 1396 3360 praenotatis
1426 3277 1469 3340 sd

250 3340 399 3485 mmm
418 3394 529 3460 regem
552 3371 683 3458 Angliae
706 3394 765 3457 pro
788 3377 954 3437 conventu
976 3370 1207 3438 Oentueriensi
1231 3374 1373 3453 directis,
1393 3398 1468 3442 con-

250 3453 275 3484 re
418 3479 537 3543 ventui
562 3477 719 3542 restitute
743 3483 823 3542 sunt
848 3476 966 3541 omnia.
1014 3476 1085 3542 Nec
1107 3484 1179 3542 erat
1200 3479 1408 3543 consiliosum
1433 3487 1473 3546 ut

418 3603 479 3646 rex
502 3580 542 3644 de
562 3580 633 3665 jam
657 3579 745 3645 fecte
769 3578 980 3644 restitutione
1005 3580 1268 3645 comminatorius
1291 3584 1471 3667 susciperet

419 3682 557 3759 litteras,
591 3703 666 3746 cum
698 3685 775 3745 ente
806 3680 918 3745 omniu
948 3684 1035 3744 nutu
1067 3680 1182 3745 divino
1213 3681 1354 3747 fuissent
1383 3706 1471 3749 com·

250 3784 343 3845 ΑΜ
418 3784 517 3871 pleta.
563 3781 689 3846 Verum
711 3802 786 3846 cum
797 3779 931 3845 2ιιιιιο
959 3780 1111 3846 monachi
1136 3781 1389 3848 Centuerienses
1419 3807 1471 3851 re-

250 3847 343 3930 “iles
340 3889 372 3930 1³
419 3887 480 3951 bus
504 3884 656 3949 omnibus
679 3879 754 3947 fficio
774 3883 849 3947 idus
872 3881 986 3946 Martii
1010 3881 1152 3949 fuissent
1174 3884 1315 3970 spoliati,
1331 3908 1391 3952 nec
1413 3910 1472 3974 per
1551 3942 1554 3949 .

414 3986 614 4074 justitiarios
644 3985 775 4071 Angliae
806 3983 918 4069 aliqua
947 3989 1081 4069 possent
1110 3987 1238 4052 ratione
1264 3987 1318 4052 vel
1344 3989 1471 4075 suppli-

417 4090 547 4156 catione
569 4087 710 4165 restitui,
725 4108 786 4152 nec
809 4088 849 4152 de
867 4086 1073 4172 spoliationis
1095 4087 1195 4174 hujus
1218 4109 1317 4154 cause
1339 4091 1470 4169 instrui,

417 4191 616 4256 monachum
636 4188 839 4253 industrium
861 4187 1025 4252 miserunt
1042 4189 1085 4253 cd
1108 4211 1218 4275 regem
1239 4196 1273 4255 et
1295 4192 1338 4255 sd
1362 4191 1469 4257 archi·

417 4294 607 4379 episcopum
631 4288 903 4355 Cantueriensem
927 4309 1002 4353 cum
1025 4287 1146 4354 litteris
1169 4291 1359 4377 hujusmodi
1373 4319 1426 4357 :—-

251 4414 404 4459 mmmm
453 4397 473 4421 “
487 4389 752 4448 Ειιιιιιιιειιιιιιιιιιιιο8
781 4388 898 4443 domino
925 4406 977 4444 suo
1003 4389 1127 4445 Ricardo
1152 4392 1208 4446 Dei
1236 4395 1331 4465 gretia
1361 4395 1469 4451 illustri

251 4466 383 4509 ⁰⁰¹¹l⁰¹¹¹¹⁰
417 4477 519 4549 “regi
544 4471 709 4545 Anglorurh
735 4477 766 4527 et
792 4478 907 4536 caetero,
926 4479 1084 4529 conventus
1109 4475 1236 4531 ecclesiis
1263 4477 1372 4533 Christi
1393 4478 1467 4534 Oen·

249 4514 359 4566 mm
420 4562 438 4589 “
458 4559 571 4621 tueris,
586 4558 708 4612 salutem
727 4560 757 4609 et
775 4553 873 4609 felices
891 4552 928 4607 sd
945 4560 1014 4609 voto
1031 4573 1185 4612 successus.
1219 4558 1338 4628 Quundo
1356 4562 1467 4633 aliquid

451 4745 459 4777 ¹
472 4741 575 4806 utcpud
587 4778 593 4789 .
607 4777 613 4789 .
626 4777 633 4789 .
644 4737 768 4803 levantes]
780 4753 831 4789 om.
839 4738 874 4787 A.
887 4736 916 4789 C.
999 4737 1249 4809 8Ειιιιιῖἱιιιιιιιιίιιιι]
1283 4743 1331 4794 See
1347 4746 1469 4810 Epistola

451 4824 462 4857 ι
474 4822 542 4886 cum]
556 4830 651 4898 tumen,
663 4819 691 4870 C.
967 4811 1171 4877 Centum-lenset,
1183 4817 1233 4868 No.
1246 4819 1329 4880 dxiii,
1340 4836 1364 4885 p.
1378 4826 1435 4874 ⁴79.
