3646 5720
405 800 471 866 290
606 813 767 862 anavasn
791 811 952 862 aculem
975 810 1249 862 claremausrs

253 1012 376 1059 annu.
407 999 581 1059 “duxerint
603 998 790 1063 manendum,
812 1001 930 1070 propter
949 997 1005 1052 hoc
1026 996 1062 1052 ab
1086 996 1288 1069 episcoporum
1311 993 1457 1051 sententia

271 1063 359 1109 mh·
408 1085 428 1111 “
445 1083 612 1141 nullatenus
630 1083 800 1148 eximantur,
820 1081 872 1137 sed
888 1084 1062 1153 potestatem
1083 1097 1165 1136 suam
1189 1081 1221 1134 in
1244 1096 1303 1146 eos,
1323 1079 1402 1135 sicut
1425 1077 1456 1132 in

408 1169 428 1195 ‘⁸
446 1167 519 1224 alios
537 1166 728 1237 parochianos
753 1182 821 1221 snos
844 1168 1004 1230 exerceant,
1036 1181 1103 1218 cum
1127 1179 1180 1234 pro
1205 1162 1266 1218 suis
1290 1161 1457 1218 excessibus

407 1254 427 1279 ‘¹
445 1251 555 1306 luerint
572 1249 746 1321 corrigendi.
783 1247 866 1318 Quod
890 1252 990 1303 autem
1007 1247 1043 1303 de
1060 1245 1209 1318 predictis
1232 1244 1372 1301 fratribus
1397 1245 1455 1300 dic·

407 1337 426 1362 “
445 1339 509 1389 tum
535 1340 591 1399 est,
616 1335 654 1390 ab
682 1332 748 1388 aliis
775 1348 889 1404 quoque
906 1330 1056 1401 religiosis
1081 1328 1132 1402 qui
1155 1329 1381 1402 presumptione
1405 1345 1457 1384 sna

407 1418 426 1445 “
445 1418 646 1489 episcoporum
671 1416 740 1488 jura
768 1414 951 1486 praeripiunt,
983 1419 1014 1470 et
1042 1418 1143 1469 contm
1173 1412 1323 1468 canonicas
1355 1428 1456 1466 eorum

406 1502 426 1529 “
445 1501 604 1556 sententias
622 1504 653 1554 et
669 1504 801 1555 tenorem
829 1495 1053 1568 privilegiorum
1075 1500 1240 1551 nostrorum
1260 1495 1362 1550 venire
1382 1512 1456 1566 prse-

406 1585 425 1611 “
444 1590 572 1648 sumunt,
591 1582 778 1655 praecipimus
796 1581 951 1636 observari.
989 1580 1022 1637 Si
1040 1584 1139 1635 autem
1162 1584 1266 1635 contra
1288 1579 1456 1635 institutum

404 1668 426 1694 “
444 1667 500 1721 hoc
525 1666 670 1731 venerint,
695 1670 725 1720 et
761 1663 890 1720 ccclesiae
920 1663 952 1718 in
982 1663 1088 1735 quibus
1118 1663 1181 1718 haec
1211 1662 1454 1734 praesumpserint

406 1748 613 1820 “subjaceant
635 1748 802 1814 interdicto,
827 1752 858 1802 et
880 1747 958 1818 qnod
980 1747 1097 1819 egerint
1125 1746 1243 1802 irritum
1270 1752 1300 1802 et
1329 1764 1455 1803 vacuum

404 1834 425 1860 “
444 1832 594 1888 habeatnr.

442 1917 461 1943 “
479 1915 579 1970 XXII
599 1912 743 1984 Quoniam
761 1913 884 1970 ecclesia
904 1913 969 1980 Dei,
991 1920 1021 1970 et
1044 1914 1076 1969 in
1100 1913 1146 1969 his
1170 1931 1236 1986 qua
1259 1918 1393 1986 spectant
1416 1916 1558 1971 adBened.
1633 1906 1638 1913 '

407 1999 425 2025 “
445 1996 606 2053 subsidium
623 1995 764 2067 corporis,
780 2001 811 2051 et
829 1996 860 2050 in
877 1995 924 2051 his
942 2011 1006 2067 quae
1024 1996 1062 2050 od
1079 1995 1242 2068 profectum
1259 1996 1453 2068 proveniunt¹
1464 1984 1481 2034 ἱ·
1492 1987 1550 2035 ²³⁵·

407 2082 426 2108 ‘¹
445 2080 618 2146 animarum,
638 2077 839 2150 indigentibus
857 2079 934 2134 sieut
957 2078 1007 2150 pia
1030 2084 1125 2153 mater
1149 2079 1304 2150 providere
1327 2083 1454 2146 tenetur,

407 2165 425 2192 ‘⁸
445 2180 482 2219 ne
508 2162 694 2235 pauperibus,
717 2161 769 2235 qui
792 2165 949 2234 parentum
978 2162 1082 2234 opibus
1108 2161 1207 2234 juvari
1236 2179 1295 2218 non
1324 2169 1454 2234 possunt,

406 2245 561 2318 “legendi
585 2252 616 2301 et
638 2244 809 2318 proficiendi
829 2244 1029 2316 opportunitas
1056 2244 1252 2311 subtrahatur,
1278 2263 1330 2317 per
1354 2264 1456 2302 unam·

407 2330 426 2356 ‘⁸
445 2346 589 2402 quamque
607 2328 804 2386 cathedralem
824 2328 990 2395 ecclesiam,
1009 2328 1150 2398 magistro
1171 2330 1222 2399 qni
1243 2328 1362 2384 clericos
1381 2329 1457 2400 ejus·

406 2412 512 2468 “dem
536 2412 664 2468 eccloaiae
689 2417 720 2467 et
745 2411 869 2467 scolares
893 2428 1035 2483 pauperes
1053 2410 1165 2477 doceat,
1184 2417 1350 2483 competens
1368 2412 1454 2467 bene·

405 2495 424 2521 “
443 2494 543 2550 ficium
560 2494 679 2566 aliquod
696 2493 850 2550 tribuatur.
886 2492 963 2548 Aliis
982 2509 1096 2565 quoque
1118 2492 1292 2565 restituatur
1315 2494 1453 2561 ecclesiis,

403 2579 423 2605 ‘¹
442 2573 496 2634 sen
510 2576 704 2643 monasteriis,
724 2576 770 2632 sI'
794 2575 948 2632 retroactis
972 2576 1153 2647 temporibus
1170 2575 1281 2648 aliquid
1297 2576 1329 2631 in
1352 2577 1394 2632 eis
1418 2579 1456 2633 od

405 2661 424 2688 “
443 2659 499 2716 hoc
517 2660 607 2715 luerit
624 2660 806 2731 deputatum,
825 2675 882 2730 qno
901 2657 1031 2714 docentis
1050 2659 1210 2716 necessitas
1230 2660 1406 2727 sublevetur,
1427 2667 1458 2718 et

406 2743 624 2799 “discentibus
641 2743 691 2798 ria
707 2747 807 2814 pateat
825 2742 862 2798 ad
879 2742 1051 2799 doctrinam.
1087 2743 1146 2799 Pro
1171 2743 1291 2800 licentia
1314 2762 1383 2801 vero
1407 2746 1456 2801 do·

444 2826 530 2882 cendi
556 2826 653 2882 nullus
678 2825 797 2881 omnino
822 2826 950 2898 pretium
976 2827 1082 2898 exigat,
1104 2828 1153 2883 vel
1179 2827 1234 2883 snb
1260 2827 1380 2884 obtentu
1405 2829 1456 2884 ali·

444 2909 530 2981 cujus
549 2907 767 2964 consuetudinis
791 2908 828 2963 ab
854 2909 897 2964 eis
923 2908 973 2979 qui
997 2909 1103 2964 docent
1127 2909 1238 2981 aliquid
1261 2916 1384 2981 quierat,
1402 2929 1456 2967 nec

404 2992 423 3018 “
442 2991 545 3047 docere
573 3008 751 3063 quemquam
778 2992 907 3062 expetita
932 2991 1052 3047 licentia
1076 2992 1127 3063 qni
1153 2992 1193 3048 sit
1218 2986 1340 3049 idoneus
1365 2995 1455 3050 inter·

402 3075 422 3103 ‘¹
442 3074 529 3129 dicat.
566 3074 623 3143 Qui
648 3090 719 3131 rero
744 3079 848 3129 contra
872 3074 928 3130 hoc
954 3075 1185 3147 presumpserit,
1204 3076 1241 3132 ab
1259 3076 1456 3134 ecclesiastico

400 3158 420 3185 “
439 3158 578 3214 beneficio
597 3158 648 3214 fiat
665 3157 788 3213 alienus.
827 3160 961 3230 Dignum
980 3158 1099 3230 quidem
1122 3177 1187 3217 esse
1210 3159 1327 3216 ridetur
1357 3167 1392 3217 ut
1420 3164 1452 3218 in

403 3240 422 3268 “
440 3242 563 3297 ecclesia
592 3241 650 3298 Dei
680 3242 810 3298 frnctm
842 3243 951 3299 laboris
978 3260 1039 3299 non
1071 3244 1184 3311 habeat,
1216 3247 1268 3315 qui
1297 3246 1457 3317 cupiditate

403 3326 422 3353 “
441 3325 542 3391 animi,
569 3325 640 3382 dnm
667 3325 769 3383 vendit
797 3327 921 3383 docendi
947 3327 1106 3394 licentiam,
1134 3328 1362 3385 ecclesiasticum
1390 3348 1456 3403 pro·

401 3409 421 3436 ‘⁶
441 3409 552 3463 lectum
568 3409 676 3465 nititur
693 3409 844 3481 impedire.

436 3497 457 3523 ‘⁴
467 3496 584 3552 XXIII.
604 3496 852 3569 Reprehensibilis
865 3497 951 3554 valde
962 3498 1139 3555 consuetudo
1152 3498 1184 3555 in
1202 3500 1377 3571 quibusdam
1388 3518 1454 3573 par·
1465 3505 1561 3555 Bened

401 3578 421 3605 “
441 3578 521 3634 tibus
532 3578 663 3645 inolevit,
676 3586 711 3636 ut
728 3597 795 3635 cum
814 3580 919 3637 fratres
941 3587 972 3637 et
988 3581 1151 3654 coepiscopi
1169 3584 1273 3650 nostri,
1295 3602 1346 3640 sen
1364 3585 1453 3641 etiam
1464 3570 1482 3622 ¹·
1494 3576 1551 3623 ²²³·

325 3682 332 3695 ·
402 3662 421 3690 ‘⁸
441 3660 648 3730 archidiaconi,
662 3664 859 3735 appellaturos
877 3664 1020 3737 quosdam
1038 3664 1208 3723 existimant
1224 3666 1257 3722 in
1272 3668 1369 3724 musis
1382 3670 1453 3737 suis,

400 3747 420 3773 “
440 3747 523 3802 nulla
539 3746 657 3818 penitus
674 3746 876 3804 admonitione
893 3749 1056 3821 praemissa,
1071 3750 1267 3823 suspensionis
1284 3754 1331 3808 vel
1342 3770 1455 3809 excom·

401 3830 420 3857 ‘⁸
439 3828 646 3886 manicationis
676 3830 855 3887 sententiam
881 3832 915 3887 in
940 3850 990 3888 eos
1019 3834 1126 3890 lerunt.
1162 3835 1225 3891 Alii
1254 3836 1353 3904 etiam,
1384 3838 1456 3893 dnm

401 3913 421 3939 ⁰
440 3911 597 3984 superioris
615 3912 794 3969 sententiam
814 3920 845 3969 et
864 3913 1050 3987 disciplinam
1068 3918 1236 3974 canonicam
1253 3920 1455 3988 reformidant,

400 3997 419 4022 ‘⁴
439 3994 503 4051 aine
520 3997 581 4052 ullo
599 3996 772 4067 manamine
790 3998 1020 4069 appellationem
1039 4001 1180 4067 obiciunt,
1200 4010 1230 4059 et
1253 4004 1291 4058 od
1311 4004 1455 4062 defensio·

400 4078 507 4134 “nem
533 4079 699 4151 iniquitatis
727 4087 872 4151 usurpant
896 4081 975 4154 quod
1001 4082 1040 4138 ad
1061 4083 1232 4156 presidium
1253 4085 1453 4144 innocentium

399 4161 601 4219 “dinoscitur
617 4163 796 4220 institutum.
834 4165 985 4235 Quocirca,
1005 4186 1042 4224 ne
1067 4169 1115 4224 vel
1138 4169 1253 4241 praelati
1277 4171 1340 4227 sine
1366 4190 1454 4228 cansa

399 4246 418 4272 ‘⁴
437 4245 555 4301 valeant
571 4264 695 4318 gravare
712 4247 854 4315 subditos,
873 4250 921 4304 vel
939 4251 1049 4306 subditi
1072 4269 1126 4324 pro
1145 4254 1207 4309 sola
1224 4255 1375 4313 voluntate
1398 4257 1452 4312 sub

397 4328 643 4401 “appellationis
665 4331 787 4387 obtentu
811 4332 1021 4390 correctionem
1038 4335 1156 4393 valeant
1179 4338 1296 4394 eludere
1319 4341 1453 4412 praelato·

399 4409 419 4440 “
437 4428 515 4479 rum,
535 4412 673 4484 praesenti
691 4413 807 4471 decreto
825 4416 991 4483 statuimus,
1014 4424 1048 4474 ut
1072 4437 1125 4476 nec
1148 4421 1262 4492 praelati
1286 4423 1344 4478 nisi
1367 4441 1453 4480 cano-

399 4496 418 4523 “
437 4496 506 4552 nica
522 4497 733 4553 ammonitione
752 4499 903 4569 praemissa
928 4501 1125 4573 suspensionis
1150 4504 1197 4560 rel
1222 4507 1452 4563 excommnnica-

449 4708 609 4775 proueaiunt]
624 4710 738 4770 veniunt,
751 4710 782 4762 C.
917 4713 923 4782 Ι
972 4714 1029 4783 ²81]
1044 4732 1098 4780 seu,
1110 4717 1140 4770 C.
