3588 5740
692 859 805 912 ornas
826 860 1019 913 msrosros
1074 910 1077 917 Δ
1314 840 1378 914 571

328 1045 519 1105 “moliendis
535 1045 718 1106 dissimulare
733 1065 795 1104 non
819 1053 950 1120 possunt.
986 1046 1155 1105 Reverendo
1172 1045 1295 1120 proinde
1319 1061 1383 1102 suo·
1412 1050 1534 1096 annes

327 1133 346 1188 ‘f
365 1134 471 1189 sessori
487 1132 550 1205 ejus
574 1132 692 1190 domino
709 1137 810 1189 nostro
836 1150 916 1188 nunc
939 1132 1142 1190 cantuariensi
1159 1115 1534 1218 archiepiscopufffhsshffgllfg'

327 1218 346 1245 “
366 1224 467 1272 contra
496 1234 582 1289 quem
612 1217 728 1289 praefati
755 1217 893 1273 monecbi
922 1234 1008 1273 suum
1037 1216 1170 1273 levavere
1205 1216 1382 1281 calcaneum,
1396 1216 1521 1261 „neuch-

328 1302 348 1329 “
367 1301 498 1357 etiamsi
515 1300 581 1356 ora¹
600 1300 728 1357 humano
744 1302 899 1370 tocnerint,
919 1319 1007 1375 opere
1023 1300 1085 1373 ejus
1102 1301 1303 1356 testimonium
1320 1318 1384 1372 per·
1396 1268 1487 1320 ΜΨ·

329 1385 348 1412 “
367 1384 471 1440 hibent
493 1383 530 1440 de
552 1383 615 1451 illo,
633 1401 700 1440 oum
725 1384 842 1441 luceant
865 1403 983 1457 prorsus
1007 1384 1141 1440 omnibus
1167 1384 1218 1456 qui
1242 1383 1275 1439 in
1299 1383 1386 1438 domo

329 1469 350 1496 “
368 1473 445 1525 sunt.
483 1467 522 1523 In
538 1468 595 1524 viis
616 1468 748 1525 ambulat
770 1469 964 1541 gloriosorum
988 1468 1229 1542 predecessorum
1256 1485 1383 1536 suorum,

330 1554 349 1580 ‘⁶
369 1552 420 1623 qui
449 1551 475 1608 si
503 1557 615 1609 veteres
639 1558 670 1608 et
695 1553 766 1610 novi
789 1554 980 1610 revolvuntur
1005 1553 1124 1609 annales
1149 1552 1259 1607 similia
1285 1570 1303 1608 a
1327 1551 1387 1607 suis

329 1637 349 1664 “
367 1636 518 1692 monachis
542 1636 697 1708 pertulisse
723 1636 916 1693 invenientur.
953 1635 1087 1692 Judieem
1116 1653 1184 1691 enm
1208 1652 1269 1690 esse
1294 1634 1386 1689 incor-

329 1720 349 1747 “
367 1718 578 1791 ruptissimum,
598 1737 786 1791 personarum
804 1738 920 1792 prorsus
938 1726 969 1775 et
989 1736 1143 1774 munem
1160 1718 1327 1789 acceptione
1338 1717 1386 1773 do·

329 1805 349 1831 “
368 1803 466 1870 dueta,
486 1820 572 1859 nemo
591 1808 635 1858 est
655 1804 687 1858 in
703 1822 795 1875 regno
807 1804 972 1875 Anglicano
991 1802 1042 1876 qui
1059 1803 1181 1858 dubitet.
1218 1801 1387 1858 Benedictio

368 1886 491 1959 proinde
502 1888 700 1959 parvulorum,
713 1905 883 1960 pauperum,
895 1888 1069 1960 pusillorum
1081 1904 1115 1942 ec
1126 1886 1290 1952 viduarum,
1302 1904 1388 1958 super

331 1974 351 2000 ‘⁴
370 1989 437 2027 eum
467 1971 606 2027 continua
629 1989 664 2028 sc
688 1971 805 2043 copiosa
830 1971 999 2028 descendit.8
1035 1971 1177 2042 Religiosi
1202 1989 1301 2027 omnes
1326 1988 1387 2026 non

331 2057 351 2084 “
370 2055 522 2111 dominum
538 2072 606 2110 eum
623 2054 671 2111 vel
683 2055 814 2128 judicem
832 2056 884 2111 sed
909 2062 1023 2128 petrem
1041 2056 1195 2111 inveniunt
1219 2060 1250 2110 et
1266 2054 1387 2111 edvoca·

332 2142 351 2168 “
369 2144 443 2195 tum.
478 2140 517 2195 In
534 2157 649 2195 camera
665 2140 728 2212 ejus
754 2158 814 2195 non
831 2141 925 2196 solnm
943 2140 981 2196 ad
1007 2140 1186 2210 colloquium
1203 2139 1253 2195 sed
1279 2138 1388 2211 passim

332 2225 352 2252 “
370 2230 401 2280 et
417 2224 632 2280 indifferenter⁸
649 2223 686 2278 ed
710 2224 831 2296 hospitii
857 2225 984 2296 gratiam
1002 2224 1123 2296 suscipit
1149 2241 1206 2278 eos.
1250 2224 1294 2279 De
1320 2241 1387 2278 oon·

332 2309 352 2335 “
371 2308 493 2364 seientia
518 2307 643 2381 denique
659 2307 736 2363 bone
760 2313 895 2364 constans
920 2308 948 2363 ei
965 2312 1053 2380 atque
1079 2306 1165 2362 fidele
1188 2306 1389 2362 testimonium

332 2393 352 2420 “
370 2392 564 2463 perhibemus,
583 2391 663 2463 {quia
690 2391 753 2464 ipse
782 2396 828 2448 est
855 2391 943 2447 unica
971 2408 1005 2447 eo
1033 2390 1236 2463 potentissima
1261 2389 1390 2446 ecclesius

332 2477 352 2503 “
370 2475 544 2546 Anglicanoe
561 2476 705 2531 columna
742 2474 808 2544 Qui,
827 2475 903 2531 siout
927 2475 959 2530 in
984 2475 1118 2531 omnibus
1136 2474 1232 2530 causis
1259 2474 1390 2541 saisita

332 2561 353 2588 “
372 2566 403 2616 et
419 2559 452 2615 in
468 2560 524 2615 bac
541 2565 655 2616 tantem
681 2559 813 2616 exhibuit
829 2559 1013 2632 patientiam,
1039 2559 1191 2615 lenitatem
1216 2564 1301 2631 atque
1328 2577 1389 2614 mo-

332 2645 352 2671 “
371 2643 503 2710 destiam,
522 2648 631 2715 quanta
656 2661 711 2699 nec
727 2661 781 2698 nos
805 2643 914 2716 scripto
938 2644 976 2700 ad
1000 2660 1126 2716 praesens
1150 2644 1301 2715 concipere
1325 2661 1389 2715 pos-

333 2727 353 2755 “
370 2744 480 2794 sumus,
498 2732 529 2782 et
553 2726 599 2781 illi
625 2726 740 2799 plenius
764 2727 847 2783 vobis
870 2733 1008 2799 poterunt
1034 2744 1169 2782 enarrare
1187 2725 1273 2798 qnia
1299 2726 1390 2782 latero

332 2812 353 2840 ‘⁴
371 2811 435 2884 ejus
452 2810 491 2867 ed
514 2828 566 2866 vos
592 2811 674 2867 missi
701 2828 751 2867 ore
769 2810 807 2867 od
834 2829 866 2867 os
883 2811 965 2868 vobis
991 2811 1072 2884 loqui
1097 2810 1294 2867 merebuntur.
1332 2811 1390 2868 Sed

331 2895 408 2951 “de
437 2894 578 2967 pauentia
602 2895 665 2969 ejus
689 2895 736 2950 illi
760 2913 873 2968 semper
899 2896 937 2952 ed
960 2896 1167 2968 inpatientiam
1197 2902 1340 2961 creseunt,
1359 2902 1391 2952 et

332 2981 352 3008 “
370 2979 491 3036 leuitate
508 2978 571 3050 ejus
594 2984 682 3051 atque
708 2978 850 3035 modestia
874 2980 1025 3036 abutentes
1049 2979 1280 3036 contumaciores
1304 2985 1391 3052 atque

331 3064 544 3120 “immitiores
561 3063 744 3120 efficiuntur⁴
761 3064 863 3119 indies.
900 3063 993 3120 (ledat
1009 3081 1081 3135 ergo
1099 3064 1131 3118 in
1155 3069 1312 3137 conspectu
1328 3082 1390 3121 ves-

332 3150 354 3178 “
371 3154 419 3204 tro
436 3147 634 3204 universitatis
650 3153 759 3203 nostrae
777 3147 897 3203 humilis
914 3147 1097 3220 supplicatio,
1117 3151 1152 3203 ut
1174 3147 1346 3220 respondeat
1363 3148 1391 3203 ei

333 3234 353 3261 ‘⁴
371 3231 459 3287 hodie
476 3236 544 3288 ante
568 3231 698 3287 bibunnl
723 3237 853 3288 vestrum
874 3232 991 3306 justitie
1017 3250 1078 3299 suo,
1107 3232 1156 3288 oui
1181 3237 1227 3287 tot
1253 3238 1283 3288 et
1308 3237 1392 3288 tante

332 3318 352 3344 “
372 3317 478 3389 merita
494 3333 547 3372 sua
563 3322 595 3372 et
617 3316 720 3388 glories
737 3317 816 3373 beati
842 3318 979 3389 martyris
996 3318 1047 3389 pia
1072 3317 1221 3373 oemulatio
1245 3324 1276 3373 et
1300 3317 1392 3374 totius

334 3392 355 3428 “’
372 3399 489 3471 Angliae
508 3400 674 3457 communia
690 3404 760 3456 vota
770 3401 977 3472 suffregantur.
1001 3401 1101 3457 Unum
1113 3406 1157 3456 est
1169 3401 1247 3472 quod
1258 3402 1392 3473 precibus

334 3486 353 3512 ‘⁶
372 3483 480 3538 nostris
490 3483 641 3551 adicimus,
654 3488 698 3549 ut,
711 3484 736 3539 si
753 3501 807 3539 nos
824 3484 856 3538 in
868 3484 1118 3541 commendatione
1131 3485 1219 3540 nnius
1236 3485 1392 3541 alteriusve

334 3570 354 3595 “
372 3584 502 3638 personis
518 3566 625 3622 timore
650 3584 701 3622 seu
718 3567 815 3639 gretie
839 3567 990 3622 excessisse
1015 3568 1135 3634 timetis,
1154 3569 1304 3624 consulere
1328 3568 1392 3639 dig·

335 3653 355 3679 ‘⁴
373 3649 485 3706 nemini
501 3650 702 3705 testimouium
715 3651 858 3707 nniversae
875 3655 970 3716 terrm,
984 3655 1014 3706 et
1031 3669 1080 3706 eos
1097 3652 1122 3706 si
1134 3652 1230 3723 placet
1247 3652 1392 3724 praecipue

335 3738 354 3764 “
373 3734 425 3808 qui
451 3733 488 3790 de
511 3733 607 3806 Nigro
623 3740 693 3789 sunt
716 3734 826 3800 ordine,
845 3752 913 3789 cum
938 3734 969 3789 in
993 3734 1041 3790 his
1065 3736 1168 3808 utique
1184 3754 1244 3792 non
1269 3735 1393 3791 debeant

335 3822 356 3850 “
374 3836 436 3876 esse
452 3818 571 3892 dejure
587 3819 735 3890 suspecti,³
753 3824 785 3874 et
801 3818 956 3874 invenietis
972 3836 1026 3874 nos
1051 3836 1148 3876 servos
1165 3828 1276 3877 vestros
1293 3821 1392 3877 fideles

336 3905 356 3932 “
375 3904 408 3959 in
425 3902 559 3959 omuibus
571 3902 703 3975 pertibus
715 3902 830 3975 porcius
842 3902 929 3959 luisse
940 3902 1061 3959 locutos.
1098 3902 1204 3961 Valeat
1222 3905 1253 3960 in
1265 3905 1392 3962 Domino

337 3988 358 4017 “
376 3991 477 4043 sancta
494 3986 654 4060 potemitas
671 3985 796 4042 vestra.’'

380 4084 455 4150 Rex
492 4083 594 4150 etiam
625 4083 757 4171 Angliae
790 4106 850 4172 pro
883 4082 1042 4151 domin0⁰
1072 4086 1317 4175 archiepiscopo
1348 4089 1393 4155 ed
1406 4092 1521 4147 moun,

1406 4146 1485 4188 writes
1494 4146 1519 4187 in

335 4186 507 4254 dominum
540 4207 661 4273 papam
693 4188 831 4255 devotas
864 4187 989 4253 diremt
1010 4187 1148 4266 litteras,
1171 4188 1279 4255 eidem
1313 4191 1565 4299 seri-3.3335}533121·0

334 4292 416 4358 bens
438 4290 527 4357 inter
552 4294 679 4368 oaetere,
702 4290 792 4377 quod
823 4290 859 4355 in
881 4290 935 4355 his
956 4311 1031 4376 quas
1063 4296 1177 4378 ageret
1206 4313 1268 4379 pro
1298 4293 1393 4360 nullo

335 4394 471 4462 deberet
491 4414 514 4461 a
543 4393 679 4460 tramite
695 4393 840 4481 justitiae
871 4393 1013 4473 deviare,
1035 4414 1104 4472 nee,
1137 4395 1291 4462 etiamsi
1321 4397 1393 4484 ipse

332 4548 1385 4584 ——-—--'¹—-—'²¹-—‘-—'-——

370 4666 450 4733 ιονιι]
466 4679 553 4730 opera,
566 4664 598 4718 (l.
921 4664 932 4697 ⁴
943 4664 1097 4732 afficiuntur]
1112 4665 1260 4730 efficientur,
1272 4665 1303 4720 O.

368 4743 529 4812 2άωοαιιίἰὶ]
543 4742 716 4806 descendunt,
726 4741 758 4796 O.
921 4744 1065 4812 lametii]
1078 4745 1200 4811 despecti,
1211 4745 1242 4799 C.

369 4821 842 4893 ³ind¹ffemter]indelerenter,A.B.
923 4821 1054 4893 lm]
1068 4823 1310 4895 Cmtuarimsbins·
1323 4827 1354 4884 C·
