<?xml version="1.0" encoding="UTF-8"?>
<!DOCTYPE html PUBLIC "-//W3C//DTD XHTML 1.0 Transitional//EN"
    "http://www.w3.org/TR/xhtml1/DTD/xhtml1-transitional.dtd">
<html xmlns="http://www.w3.org/1999/xhtml" xml:lang="en" lang="en">
 <head>
  <title>
</title>
<meta http-equiv="Content-Type" content="text/html;charset=utf-8" />
  <meta name='ocr-system' content='tesseract 3.04.00' />
  <meta name='ocr-capabilities' content='ocr_page ocr_carea ocr_par ocr_line ocrx_word'/>
</head>
<body>
  <div class='ocr_page' id='page_1' title='image "./historicalworks00offigoog_0263.png"; bbox 0 0 3662 5728; ppageno 0'>
   <div class='ocr_carea' id='block_1_1' title="bbox 705 884 1426 950">
    <p class='ocr_par' dir='ltr' id='par_1_1' title="bbox 705 884 1426 950">
     <span class='ocr_line' id='line_1_1' title="bbox 705 884 1426 950; baseline 0.003 -2"><span class='ocrx_word' id='word_1_1' title='bbox 705 898 856 949; x_wconf 69' lang='lat' dir='ltr'>ornas</span> <span class='ocrx_word' id='word_1_2' title='bbox 877 896 1070 950; x_wconf 77' lang='lat' dir='ltr'>mercarer.</span> <span class='ocrx_word' id='word_1_3' title='bbox 1201 902 1204 908; x_wconf 67' lang='grc'><em>’</em></span> <span class='ocrx_word' id='word_1_4' title='bbox 1362 884 1426 950; x_wconf 85' lang='grc'>199</span> 
     </span>
    </p>
   </div>
   <div class='ocr_carea' id='block_1_2' title="bbox 282 1072 1591 3052">
    <p class='ocr_par' dir='ltr' id='par_1_2' title="bbox 282 1072 1591 3052">
     <span class='ocr_line' id='line_1_2' title="bbox 372 1072 1578 1146; baseline -0.002 -17"><span class='ocrx_word' id='word_1_5' title='bbox 372 1073 392 1104; x_wconf 83' lang='grc'><strong>“</strong></span> <span class='ocrx_word' id='word_1_6' title='bbox 410 1089 510 1146; x_wconf 90' lang='lat' dir='ltr'>agens,</span> <span class='ocrx_word' id='word_1_7' title='bbox 524 1072 574 1130; x_wconf 87' lang='lat' dir='ltr'>det</span> <span class='ocrx_word' id='word_1_8' title='bbox 590 1073 855 1131; x_wconf 87' lang='lat' dir='ltr'>unumdsnarium.</span> <span class='ocrx_word' id='word_1_9' title='bbox 892 1074 1044 1132; x_wconf 82' lang='lat' dir='ltr'>Statutum</span> <span class='ocrx_word' id='word_1_10' title='bbox 1060 1074 1115 1130; x_wconf 92' lang='lat' dir='ltr'>hoc</span> <span class='ocrx_word' id='word_1_11' title='bbox 1132 1091 1188 1146; x_wconf 88' lang='lat' dir='ltr'>ego</span> <span class='ocrx_word' id='word_1_12' title='bbox 1200 1073 1316 1146; x_wconf 89' lang='lat' dir='ltr'>primus</span> <span class='ocrx_word' id='word_1_13' title='bbox 1335 1090 1427 1129; x_wconf 90' lang='lat' dir='ltr'>manu</span> <span class='ocrx_word' id='word_1_14' title='bbox 1454 1079 1578 1127; x_wconf 66' lang='lat' dir='ltr'>annae</span> 
     </span>
     <span class='ocr_line' id='line_1_3' title="bbox 328 1144 1591 1240; baseline 0.001 -27"><span class='ocrx_word' id='word_1_15' title='bbox 328 1221 330 1225; x_wconf 37' lang='grc'>,</span> <span class='ocrx_word' id='word_1_16' title='bbox 371 1158 391 1186; x_wconf 84' lang='grc'>“</span> <span class='ocrx_word' id='word_1_17' title='bbox 408 1157 528 1229; x_wconf 90' lang='lat' dir='ltr'>propria</span> <span class='ocrx_word' id='word_1_18' title='bbox 545 1174 594 1213; x_wconf 91' lang='lat' dir='ltr'>me</span> <span class='ocrx_word' id='word_1_19' title='bbox 609 1158 831 1215; x_wconf 86' lang='lat' dir='ltr'>observaturum</span> <span class='ocrx_word' id='word_1_20' title='bbox 849 1158 965 1215; x_wconf 85' lang='lat' dir='ltr'>affidavi</span> <span class='ocrx_word' id='word_1_21' title='bbox 982 1159 1016 1214; x_wconf 94' lang='lat' dir='ltr'>in</span> <span class='ocrx_word' id='word_1_22' title='bbox 1029 1176 1119 1215; x_wconf 90' lang='lat' dir='ltr'>manu</span> <span class='ocrx_word' id='word_1_23' title='bbox 1134 1157 1346 1230; x_wconf 86' lang='lat' dir='ltr'>archiepiscopi</span> <span class='ocrx_word' id='word_1_24' title='bbox 1368 1156 1427 1214; x_wconf 82' lang='lat' dir='ltr'>Bo·</span> <span class='ocrx_word' id='word_1_25' title='bbox 1438 1144 1591 1240; x_wconf 54' lang='lat' dir='ltr'>fflffioioe</span> 
     </span>
     <span class='ocr_line' id='line_1_4' title="bbox 371 1240 1524 1315; baseline 0 -19"><span class='ocrx_word' id='word_1_26' title='bbox 371 1242 390 1268; x_wconf 79' lang='lat'>‘⁶</span> <span class='ocrx_word' id='word_1_27' title='bbox 409 1240 619 1312; x_wconf 88' lang='lat' dir='ltr'>thomagensis,</span> <span class='ocrx_word' id='word_1_28' title='bbox 632 1241 737 1297; x_wconf 88' lang='lat' dir='ltr'>deinde</span> <span class='ocrx_word' id='word_1_29' title='bbox 753 1241 973 1315; x_wconf 86' lang='lat' dir='ltr'>archiepiscopi,</span> <span class='ocrx_word' id='word_1_30' title='bbox 988 1242 1126 1315; x_wconf 89' lang='lat' dir='ltr'>episcopi,</span> <span class='ocrx_word' id='word_1_31' title='bbox 1140 1241 1271 1308; x_wconf 76' lang='lat' dir='ltr'><strong>comites,</strong></span> <span class='ocrx_word' id='word_1_32' title='bbox 1291 1242 1425 1304; x_wconf 85' lang='lat' dir='ltr'>barones.</span> <span class='ocrx_word' id='word_1_33' title='bbox 1439 1246 1524 1289; x_wconf 73' lang='lat' dir='ltr'>aanor</span> 
     </span>
     <span class='ocr_line' id='line_1_5' title="bbox 370 1296 1566 1396; baseline -0.002 -16"><span class='ocrx_word' id='word_1_34' title='bbox 370 1323 390 1351; x_wconf 89' lang='lat'>“</span> <span class='ocrx_word' id='word_1_35' title='bbox 408 1341 574 1391; x_wconf 75' lang='lat' dir='ltr'><strong>vavasores,</strong></span> <span class='ocrx_word' id='word_1_36' title='bbox 600 1323 655 1381; x_wconf 90' lang='lat' dir='ltr'>sub</span> <span class='ocrx_word' id='word_1_37' title='bbox 680 1322 736 1380; x_wconf 88' lang='lat' dir='ltr'>fide</span> <span class='ocrx_word' id='word_1_38' title='bbox 755 1330 901 1395; x_wconf 79' lang='lat' dir='ltr'>ponentes</span> <span class='ocrx_word' id='word_1_39' title='bbox 927 1324 1004 1396; x_wconf 90' lang='lat' dir='ltr'>quod</span> <span class='ocrx_word' id='word_1_40' title='bbox 1031 1324 1110 1380; x_wconf 87' lang='lat' dir='ltr'>idem</span> <span class='ocrx_word' id='word_1_41' title='bbox 1136 1324 1277 1380; x_wconf 84' lang='lat' dir='ltr'>faciemus</span> <span class='ocrx_word' id='word_1_42' title='bbox 1304 1323 1424 1380; x_wconf 87' lang='lat' dir='ltr'>affidare</span> <span class='ocrx_word' id='word_1_43' title='bbox 1438 1296 1566 1393; x_wconf 51' lang='lat' dir='ltr'>ffiffimf</span> 
     </span>
     <span class='ocr_line' id='line_1_6' title="bbox 371 1407 1425 1480; baseline -0.001 -17"><span class='ocrx_word' id='word_1_44' title='bbox 371 1410 391 1436; x_wconf 88' lang='lat'><strong>“</strong></span> <span class='ocrx_word' id='word_1_45' title='bbox 410 1425 512 1464; x_wconf 85' lang='lat' dir='ltr'>ornnes</span> <span class='ocrx_word' id='word_1_46' title='bbox 530 1409 584 1465; x_wconf 86' lang='lat' dir='ltr'>sub</span> <span class='ocrx_word' id='word_1_47' title='bbox 601 1412 744 1480; x_wconf 86' lang='lat' dir='ltr'>potestate</span> <span class='ocrx_word' id='word_1_48' title='bbox 762 1412 864 1464; x_wconf 86' lang='lat' dir='ltr'>nostra</span> <span class='ocrx_word' id='word_1_49' title='bbox 881 1409 1063 1464; x_wconf 88' lang='lat' dir='ltr'>constitutos.</span> <span class='ocrx_word' id='word_1_50' title='bbox 1099 1408 1165 1464; x_wconf 92' lang='lat' dir='ltr'>Hoc</span> <span class='ocrx_word' id='word_1_51' title='bbox 1186 1407 1287 1480; x_wconf 90' lang='lat' dir='ltr'>itaque</span> <span class='ocrx_word' id='word_1_52' title='bbox 1306 1407 1344 1463; x_wconf 89' lang='lat' dir='ltr'>ab</span> <span class='ocrx_word' id='word_1_53' title='bbox 1363 1425 1425 1463; x_wconf 91' lang='lat' dir='ltr'>om·</span> 
     </span>
     <span class='ocr_line' id='line_1_7' title="bbox 372 1491 1428 1564; baseline 0 -18"><span class='ocrx_word' id='word_1_54' title='bbox 372 1491 391 1520; x_wconf 87' lang='lat'><strong>“</strong></span> <span class='ocrx_word' id='word_1_55' title='bbox 410 1492 496 1547; x_wconf 89' lang='lat' dir='ltr'>nibus</span> <span class='ocrx_word' id='word_1_56' title='bbox 520 1492 572 1563; x_wconf 86' lang='lat' dir='ltr'>qni</span> <span class='ocrx_word' id='word_1_57' title='bbox 598 1491 803 1562; x_wconf 70' lang='lat' dir='ltr'>praenominati</span> <span class='ocrx_word' id='word_1_58' title='bbox 830 1496 900 1547; x_wconf 89' lang='lat' dir='ltr'>sunt</span> <span class='ocrx_word' id='word_1_59' title='bbox 923 1509 976 1564; x_wconf 90' lang='lat' dir='ltr'>per</span> <span class='ocrx_word' id='word_1_60' title='bbox 1002 1508 1103 1548; x_wconf 91' lang='lat' dir='ltr'>omues</span> <span class='ocrx_word' id='word_1_61' title='bbox 1127 1496 1222 1547; x_wconf 88' lang='lat' dir='ltr'>terras</span> <span class='ocrx_word' id='word_1_62' title='bbox 1247 1509 1327 1547; x_wconf 86' lang='lat' dir='ltr'>meas</span> <span class='ocrx_word' id='word_1_63' title='bbox 1363 1491 1428 1546; x_wconf 85' lang='lat' dir='ltr'>lieri</span> 
     </span>
     <span class='ocr_line' id='line_1_8' title="bbox 372 1573 1425 1646; baseline -0.001 -16"><span class='ocrx_word' id='word_1_64' title='bbox 372 1576 391 1601; x_wconf 89' lang='lat'>“</span> <span class='ocrx_word' id='word_1_65' title='bbox 411 1574 559 1646; x_wconf 83' lang='lat' dir='ltr'>praecipic.</span> <span class='ocrx_word' id='word_1_66' title='bbox 591 1574 760 1629; x_wconf 80' lang='lat' dir='ltr'>Elemoeina</span> <span class='ocrx_word' id='word_1_67' title='bbox 777 1575 835 1629; x_wconf 85' lang='lat' dir='ltr'>ista</span> <span class='ocrx_word' id='word_1_68' title='bbox 851 1574 981 1630; x_wconf 82' lang='lat' dir='ltr'>solvetur</span> <span class='ocrx_word' id='word_1_69' title='bbox 992 1592 1011 1630; x_wconf 90' lang='lat' dir='ltr'>a</span> <span class='ocrx_word' id='word_1_70' title='bbox 1022 1574 1070 1631; x_wconf 90' lang='lat' dir='ltr'>die</span> <span class='ocrx_word' id='word_1_71' title='bbox 1083 1573 1185 1631; x_wconf 84' lang='lat' dir='ltr'>Sancti</span> <span class='ocrx_word' id='word_1_72' title='bbox 1201 1574 1335 1646; x_wconf 78' lang='lat' dir='ltr'>Remigii</span> <span class='ocrx_word' id='word_1_73' title='bbox 1347 1574 1425 1629; x_wconf 79' lang='lat' dir='ltr'>inira</span> 
     </span>
     <span class='ocr_line' id='line_1_9' title="bbox 372 1656 1426 1730; baseline 0.001 -18"><span class='ocrx_word' id='word_1_74' title='bbox 372 1660 392 1685; x_wconf 89' lang='grc'><em>“</em></span> <span class='ocrx_word' id='word_1_75' title='bbox 413 1658 474 1712; x_wconf 90' lang='lat' dir='ltr'>dies</span> <span class='ocrx_word' id='word_1_76' title='bbox 493 1676 538 1714; x_wconf 89' lang='lat' dir='ltr'>xv.</span> <span class='ocrx_word' id='word_1_77' title='bbox 562 1660 726 1730; x_wconf 89' lang='lat' dir='ltr'>sequentes.</span> <span class='ocrx_word' id='word_1_78' title='bbox 763 1657 801 1712; x_wconf 79' lang='lat' dir='ltr'>Ilt</span> <span class='ocrx_word' id='word_1_79' title='bbox 821 1656 953 1727; x_wconf 87' lang='lat' dir='ltr'>siquem</span> <span class='ocrx_word' id='word_1_80' title='bbox 975 1657 1054 1713; x_wconf 80' lang='lat' dir='ltr'>inira</span> <span class='ocrx_word' id='word_1_81' title='bbox 1076 1656 1155 1713; x_wconf 91' lang='lat' dir='ltr'>huno</span> <span class='ocrx_word' id='word_1_82' title='bbox 1171 1657 1332 1712; x_wconf 87' lang='lat' dir='ltr'>terminum</span> <span class='ocrx_word' id='word_1_83' title='bbox 1351 1656 1426 1713; x_wconf 87' lang='lat' dir='ltr'>mori</span> 
     </span>
     <span class='ocr_line' id='line_1_10' title="bbox 373 1739 1427 1813; baseline -0.001 -17"><span class='ocrx_word' id='word_1_84' title='bbox 373 1743 392 1768; x_wconf 84' lang='lat'>‘⁴</span> <span class='ocrx_word' id='word_1_85' title='bbox 412 1741 580 1813; x_wconf 82' lang='lat' dir='ltr'>contigerit,</span> <span class='ocrx_word' id='word_1_86' title='bbox 599 1741 681 1812; x_wconf 85' lang='lat' dir='ltr'>prius</span> <span class='ocrx_word' id='word_1_87' title='bbox 707 1740 810 1795; x_wconf 88' lang='lat' dir='ltr'>solutis</span> <span class='ocrx_word' id='word_1_88' title='bbox 834 1739 941 1796; x_wconf 88' lang='lat' dir='ltr'>debitis</span> <span class='ocrx_word' id='word_1_89' title='bbox 965 1741 1026 1797; x_wconf 84' lang='lat' dir='ltr'>suis</span> <span class='ocrx_word' id='word_1_90' title='bbox 1053 1739 1197 1795; x_wconf 75' lang='lat' dir='ltr'>decimam</span> <span class='ocrx_word' id='word_1_91' title='bbox 1225 1743 1337 1812; x_wconf 88' lang='lat' dir='ltr'>partem</span> <span class='ocrx_word' id='word_1_92' title='bbox 1366 1757 1427 1795; x_wconf 80' lang='lat' dir='ltr'>sura</span> 
     </span>
     <span class='ocr_line' id='line_1_11' title="bbox 373 1822 1428 1895; baseline 0 -17"><span class='ocrx_word' id='word_1_93' title='bbox 373 1826 393 1851; x_wconf 88' lang='lat'>“</span> <span class='ocrx_word' id='word_1_94' title='bbox 412 1824 505 1895; x_wconf 90' lang='lat' dir='ltr'>partis</span> <span class='ocrx_word' id='word_1_95' title='bbox 522 1822 605 1878; x_wconf 89' lang='lat' dir='ltr'>dabit</span> <span class='ocrx_word' id='word_1_96' title='bbox 624 1824 657 1878; x_wconf 91' lang='lat' dir='ltr'>in</span> <span class='ocrx_word' id='word_1_97' title='bbox 680 1823 756 1878; x_wconf 90' lang='lat' dir='ltr'>hanc</span> <span class='ocrx_word' id='word_1_98' title='bbox 775 1823 971 1879; x_wconf 78' lang='lat' dir='ltr'>elemosinam.</span> <span class='ocrx_word' id='word_1_99' title='bbox 1008 1824 1047 1878; x_wconf 81' lang='lat' dir='ltr'>Et</span> <span class='ocrx_word' id='word_1_100' title='bbox 1065 1823 1123 1878; x_wconf 90' lang='lat' dir='ltr'>erit</span> <span class='ocrx_word' id='word_1_101' title='bbox 1140 1828 1265 1879; x_wconf 88' lang='lat' dir='ltr'>truncus</span> <span class='ocrx_word' id='word_1_102' title='bbox 1282 1824 1316 1878; x_wconf 93' lang='lat' dir='ltr'>in</span> <span class='ocrx_word' id='word_1_103' title='bbox 1333 1823 1428 1879; x_wconf 91' lang='lat' dir='ltr'>omni-</span> 
     </span>
     <span class='ocr_line' id='line_1_12' title="bbox 373 1905 1426 1978; baseline 0.002 -17"><span class='ocrx_word' id='word_1_104' title='bbox 373 1908 393 1935; x_wconf 79' lang='lat'>‘⁶</span> <span class='ocrx_word' id='word_1_105' title='bbox 411 1906 466 1963; x_wconf 92' lang='lat' dir='ltr'>bus</span> <span class='ocrx_word' id='word_1_106' title='bbox 478 1907 657 1969; x_wconf 86' lang='lat' dir='ltr'>civitatibus,</span> <span class='ocrx_word' id='word_1_107' title='bbox 668 1910 699 1962; x_wconf 90' lang='lat' dir='ltr'>et</span> <span class='ocrx_word' id='word_1_108' title='bbox 717 1906 749 1960; x_wconf 91' lang='lat' dir='ltr'>in</span> <span class='ocrx_word' id='word_1_109' title='bbox 766 1906 890 1962; x_wconf 88' lang='lat' dir='ltr'>ecclesia</span> <span class='ocrx_word' id='word_1_110' title='bbox 907 1906 1065 1978; x_wconf 84' lang='lat' dir='ltr'>episcopali</span> <span class='ocrx_word' id='word_1_111' title='bbox 1078 1911 1109 1962; x_wconf 93' lang='lat' dir='ltr'>et</span> <span class='ocrx_word' id='word_1_112' title='bbox 1126 1924 1180 1977; x_wconf 92' lang='lat' dir='ltr'>per</span> <span class='ocrx_word' id='word_1_113' title='bbox 1197 1906 1328 1977; x_wconf 87' lang='lat' dir='ltr'>singulas</span> <span class='ocrx_word' id='word_1_114' title='bbox 1339 1905 1426 1963; x_wconf 84' lang='lat' dir='ltr'>villas</span> 
     </span>
     <span class='ocr_line' id='line_1_13' title="bbox 282 1987 1426 2060; baseline 0 -15"><span class='ocrx_word' id='word_1_115' title='bbox 282 1990 286 1997; x_wconf 87' lang='lat'>&#39;</span> <span class='ocrx_word' id='word_1_116' title='bbox 373 1992 392 2017; x_wconf 90' lang='lat'><strong>“</strong></span> <span class='ocrx_word' id='word_1_117' title='bbox 410 1989 443 2045; x_wconf 92' lang='lat' dir='ltr'>in</span> <span class='ocrx_word' id='word_1_118' title='bbox 460 1990 600 2054; x_wconf 86' lang='lat' dir='ltr'>ecclesiis,</span> <span class='ocrx_word' id='word_1_119' title='bbox 612 1989 663 2044; x_wconf 90' lang='lat' dir='ltr'>ubi</span> <span class='ocrx_word' id='word_1_120' title='bbox 676 1989 800 2060; x_wconf 88' lang='lat' dir='ltr'>quisquo</span> <span class='ocrx_word' id='word_1_121' title='bbox 818 1993 884 2060; x_wconf 88' lang='lat' dir='ltr'>post</span> <span class='ocrx_word' id='word_1_122' title='bbox 897 1987 1098 2060; x_wconf 89' lang='lat' dir='ltr'>juramentum</span> <span class='ocrx_word' id='word_1_123' title='bbox 1116 1989 1159 2044; x_wconf 90' lang='lat' dir='ltr'>ita</span> <span class='ocrx_word' id='word_1_124' title='bbox 1170 1988 1299 2044; x_wconf 88' lang='lat' dir='ltr'>fideliter</span> <span class='ocrx_word' id='word_1_125' title='bbox 1315 1988 1426 2053; x_wconf 87' lang='lat' dir='ltr'>mittet,</span> 
     </span>
     <span class='ocr_line' id='line_1_14' title="bbox 373 2070 1425 2143; baseline 0 -17"><span class='ocrx_word' id='word_1_126' title='bbox 373 2074 392 2099; x_wconf 80' lang='lat'>‘⁴</span> <span class='ocrx_word' id='word_1_127' title='bbox 412 2072 499 2128; x_wconf 92' lang='lat' dir='ltr'>rebus</span> <span class='ocrx_word' id='word_1_128' title='bbox 516 2072 576 2128; x_wconf 89' lang='lat' dir='ltr'>suis</span> <span class='ocrx_word' id='word_1_129' title='bbox 593 2071 753 2143; x_wconf 87' lang='lat' dir='ltr'>diligenter</span> <span class='ocrx_word' id='word_1_130' title='bbox 770 2072 940 2137; x_wconf 85' lang='lat' dir='ltr'>numeratis,</span> <span class='ocrx_word' id='word_1_131' title='bbox 961 2070 1101 2143; x_wconf 87' lang='lat' dir='ltr'>quicquid</span> <span class='ocrx_word' id='word_1_132' title='bbox 1125 2089 1161 2127; x_wconf 87' lang='lat' dir='ltr'>ex</span> <span class='ocrx_word' id='word_1_133' title='bbox 1180 2073 1223 2127; x_wconf 88' lang='lat' dir='ltr'>eis</span> <span class='ocrx_word' id='word_1_134' title='bbox 1244 2070 1332 2126; x_wconf 91' lang='lat' dir='ltr'>modo</span> <span class='ocrx_word' id='word_1_135' title='bbox 1350 2088 1425 2142; x_wconf 87' lang='lat' dir='ltr'>prse-</span> 
     </span>
     <span class='ocr_line' id='line_1_15' title="bbox 374 2154 1421 2226; baseline 0 -17"><span class='ocrx_word' id='word_1_136' title='bbox 374 2155 393 2181; x_wconf 89' lang='lat'><strong>“</strong></span> <span class='ocrx_word' id='word_1_137' title='bbox 412 2154 491 2210; x_wconf 88' lang='lat' dir='ltr'>dioto</span> <span class='ocrx_word' id='word_1_138' title='bbox 512 2154 615 2226; x_wconf 77' lang='lat' dir='ltr'>colligi</span> <span class='ocrx_word' id='word_1_139' title='bbox 631 2154 748 2226; x_wconf 85' lang='lat' dir='ltr'>poterit,</span> <span class='ocrx_word' id='word_1_140' title='bbox 768 2154 811 2208; x_wconf 89' lang='lat' dir='ltr'>ita</span> <span class='ocrx_word' id='word_1_141' title='bbox 824 2154 968 2210; x_wconf 88' lang='lat' dir='ltr'>veraciter</span> <span class='ocrx_word' id='word_1_142' title='bbox 988 2172 1026 2210; x_wconf 90' lang='lat' dir='ltr'>ne</span> <span class='ocrx_word' id='word_1_143' title='bbox 1043 2154 1188 2225; x_wconf 77' lang='lat' dir='ltr'>infringet</span> <span class='ocrx_word' id='word_1_144' title='bbox 1207 2155 1421 2226; x_wconf 90' lang='lat' dir='ltr'>juramentum,</span> 
     </span>
     <span class='ocr_line' id='line_1_16' title="bbox 374 2237 1425 2310; baseline 0.001 -18"><span class='ocrx_word' id='word_1_145' title='bbox 374 2240 393 2267; x_wconf 90' lang='lat'><strong>“</strong></span> <span class='ocrx_word' id='word_1_146' title='bbox 410 2255 504 2310; x_wconf 89' lang='lat' dir='ltr'>neque</span> <span class='ocrx_word' id='word_1_147' title='bbox 524 2238 636 2294; x_wconf 77' lang='lat' dir='ltr'>incidet</span> <span class='ocrx_word' id='word_1_148' title='bbox 654 2237 687 2291; x_wconf 90' lang='lat' dir='ltr'>in</span> <span class='ocrx_word' id='word_1_149' title='bbox 700 2237 1040 2303; x_wconf 75' lang='lat' dir='ltr'>excommunicationem,</span> <span class='ocrx_word' id='word_1_150' title='bbox 1052 2255 1118 2309; x_wconf 86' lang='lat' dir='ltr'>quae</span> <span class='ocrx_word' id='word_1_151' title='bbox 1131 2239 1183 2293; x_wconf 85' lang='lat' dir='ltr'>fiat</span> <span class='ocrx_word' id='word_1_152' title='bbox 1200 2255 1289 2310; x_wconf 88' lang='lat' dir='ltr'>super</span> <span class='ocrx_word' id='word_1_153' title='bbox 1306 2255 1355 2293; x_wconf 90' lang='lat' dir='ltr'>eos</span> <span class='ocrx_word' id='word_1_154' title='bbox 1373 2237 1425 2309; x_wconf 90' lang='lat' dir='ltr'>qui</span> 
     </span>
     <span class='ocr_line' id='line_1_17' title="bbox 373 2319 1425 2393; baseline -0.001 -17"><span class='ocrx_word' id='word_1_155' title='bbox 373 2320 525 2393; x_wconf 87' lang='lat' dir='ltr'>“aliquid</span> <span class='ocrx_word' id='word_1_156' title='bbox 547 2319 795 2377; x_wconf 73' lang='lat' dir='ltr'>defraudaverint</span> <span class='ocrx_word' id='word_1_157' title='bbox 830 2320 964 2377; x_wconf 79' lang='lat' dir='ltr'>Truncus</span> <span class='ocrx_word' id='word_1_158' title='bbox 986 2338 1056 2377; x_wconf 90' lang='lat' dir='ltr'>vero</span> <span class='ocrx_word' id='word_1_159' title='bbox 1082 2320 1203 2377; x_wconf 91' lang='lat' dir='ltr'>habebit</span> <span class='ocrx_word' id='word_1_160' title='bbox 1231 2326 1293 2377; x_wconf 87' lang='lat' dir='ltr'>tres</span> <span class='ocrx_word' id='word_1_161' title='bbox 1317 2321 1425 2386; x_wconf 87' lang='lat' dir='ltr'>claves,</span> 
     </span>
     <span class='ocr_line' id='line_1_18' title="bbox 374 2402 1426 2477; baseline -0.002 -16"><span class='ocrx_word' id='word_1_162' title='bbox 374 2406 393 2433; x_wconf 89' lang='lat'>“</span> <span class='ocrx_word' id='word_1_163' title='bbox 416 2422 540 2477; x_wconf 87' lang='lat' dir='ltr'>quarum</span> <span class='ocrx_word' id='word_1_164' title='bbox 562 2422 653 2460; x_wconf 88' lang='lat' dir='ltr'>unam</span> <span class='ocrx_word' id='word_1_165' title='bbox 676 2402 822 2461; x_wconf 84' lang='lat' dir='ltr'>custodiet</span> <span class='ocrx_word' id='word_1_166' title='bbox 844 2403 1007 2474; x_wconf 81' lang='lat' dir='ltr'>presbyter,</span> <span class='ocrx_word' id='word_1_167' title='bbox 1032 2404 1104 2460; x_wconf 88' lang='lat' dir='ltr'>duas</span> <span class='ocrx_word' id='word_1_168' title='bbox 1127 2404 1274 2461; x_wconf 88' lang='lat' dir='ltr'>fideliores</span> <span class='ocrx_word' id='word_1_169' title='bbox 1301 2403 1360 2460; x_wconf 90' lang='lat' dir='ltr'>viri</span> <span class='ocrx_word' id='word_1_170' title='bbox 1389 2403 1426 2459; x_wconf 91' lang='lat' dir='ltr'>de</span> 
     </span>
     <span class='ocr_line' id='line_1_19' title="bbox 374 2485 1427 2567; baseline -0.003 -23"><span class='ocrx_word' id='word_1_171' title='bbox 374 2489 392 2515; x_wconf 77' lang='lat'>‘⁶</span> <span class='ocrx_word' id='word_1_172' title='bbox 412 2487 558 2559; x_wconf 85' lang='lat' dir='ltr'>parochia.</span> <span class='ocrx_word' id='word_1_173' title='bbox 594 2487 677 2542; x_wconf 79' lang='lat' dir='ltr'>Infra</span> <span class='ocrx_word' id='word_1_174' title='bbox 695 2486 803 2567; x_wconf 79' lang='lat' dir='ltr'>festum</span> <span class='ocrx_word' id='word_1_175' title='bbox 822 2485 941 2558; x_wconf 85' lang='lat' dir='ltr'>quidem</span> <span class='ocrx_word' id='word_1_176' title='bbox 953 2487 1093 2543; x_wconf 89' lang='lat' dir='ltr'>Omnium</span> <span class='ocrx_word' id='word_1_177' title='bbox 1112 2486 1286 2544; x_wconf 82' lang='lat' dir='ltr'>Sanctorum</span> <span class='ocrx_word' id='word_1_178' title='bbox 1302 2486 1427 2557; x_wconf 87' lang='lat' dir='ltr'>pecunia</span> 
     </span>
     <span class='ocr_line' id='line_1_20' title="bbox 374 2568 1428 2642; baseline -0.002 -17"><span class='ocrx_word' id='word_1_179' title='bbox 374 2573 393 2598; x_wconf 86' lang='lat'><strong>“</strong></span> <span class='ocrx_word' id='word_1_180' title='bbox 413 2571 445 2625; x_wconf 94' lang='lat' dir='ltr'>in</span> <span class='ocrx_word' id='word_1_181' title='bbox 462 2571 541 2626; x_wconf 89' lang='lat' dir='ltr'>villis</span> <span class='ocrx_word' id='word_1_182' title='bbox 559 2570 684 2626; x_wconf 89' lang='lat' dir='ltr'>collecta</span> <span class='ocrx_word' id='word_1_183' title='bbox 700 2570 738 2624; x_wconf 91' lang='lat' dir='ltr'>ad</span> <span class='ocrx_word' id='word_1_184' title='bbox 758 2569 957 2641; x_wconf 87' lang='lat' dir='ltr'>episcopatum</span> <span class='ocrx_word' id='word_1_185' title='bbox 981 2569 1131 2626; x_wconf 85' lang='lat' dir='ltr'>deleratur</span> <span class='ocrx_word' id='word_1_186' title='bbox 1155 2587 1209 2642; x_wconf 88' lang='lat' dir='ltr'>per</span> <span class='ocrx_word' id='word_1_187' title='bbox 1233 2568 1351 2625; x_wconf 89' lang='lat' dir='ltr'>eosdem</span> <span class='ocrx_word' id='word_1_188' title='bbox 1375 2569 1428 2640; x_wconf 89' lang='lat' dir='ltr'>qui</span> 
     </span>
     <span class='ocr_line' id='line_1_21' title="bbox 375 2648 1429 2724; baseline -0.003 -15"><span class='ocrx_word' id='word_1_189' title='bbox 375 2655 394 2681; x_wconf 90' lang='lat'><strong><em>“</em></strong></span> <span class='ocrx_word' id='word_1_190' title='bbox 413 2654 603 2724; x_wconf 86' lang='lat' dir='ltr'>collegerunt,</span> <span class='ocrx_word' id='word_1_191' title='bbox 619 2659 648 2709; x_wconf 87' lang='lat' dir='ltr'>et</span> <span class='ocrx_word' id='word_1_192' title='bbox 662 2670 716 2724; x_wconf 90' lang='lat' dir='ltr'>per</span> <span class='ocrx_word' id='word_1_193' title='bbox 733 2653 805 2708; x_wconf 87' lang='lat' dir='ltr'>alios</span> <span class='ocrx_word' id='word_1_194' title='bbox 822 2652 971 2723; x_wconf 90' lang='lat' dir='ltr'>legitimos</span> <span class='ocrx_word' id='word_1_195' title='bbox 983 2655 1083 2705; x_wconf 82' lang='lat' dir='ltr'>testes.</span> <span class='ocrx_word' id='word_1_196' title='bbox 1113 2648 1228 2705; x_wconf 88' lang='lat' dir='ltr'>Deinde</span> <span class='ocrx_word' id='word_1_197' title='bbox 1246 2650 1334 2705; x_wconf 89' lang='lat' dir='ltr'>simul</span> <span class='ocrx_word' id='word_1_198' title='bbox 1347 2650 1429 2706; x_wconf 92' lang='lat' dir='ltr'>colli·</span> 
     </span>
     <span class='ocr_line' id='line_1_22' title="bbox 375 2732 1428 2808; baseline -0.003 -16"><span class='ocrx_word' id='word_1_199' title='bbox 375 2738 395 2763; x_wconf 91' lang='lat'>“</span> <span class='ocrx_word' id='word_1_200' title='bbox 414 2742 501 2807; x_wconf 87' lang='lat' dir='ltr'>getur</span> <span class='ocrx_word' id='word_1_201' title='bbox 518 2753 570 2808; x_wconf 90' lang='lat' dir='ltr'>per</span> <span class='ocrx_word' id='word_1_202' title='bbox 587 2742 681 2791; x_wconf 79' lang='lat' dir='ltr'>tomas</span> <span class='ocrx_word' id='word_1_203' title='bbox 692 2753 773 2791; x_wconf 90' lang='lat' dir='ltr'>meas</span> <span class='ocrx_word' id='word_1_204' title='bbox 787 2734 838 2791; x_wconf 90' lang='lat' dir='ltr'>ubi</span> <span class='ocrx_word' id='word_1_205' title='bbox 854 2751 910 2805; x_wconf 89' lang='lat' dir='ltr'>ego</span> <span class='ocrx_word' id='word_1_206' title='bbox 924 2732 1111 2804; x_wconf 84' lang='lat' dir='ltr'>assignavero</span> <span class='ocrx_word' id='word_1_207' title='bbox 1127 2749 1181 2803; x_wconf 94' lang='lat' dir='ltr'>per</span> <span class='ocrx_word' id='word_1_208' title='bbox 1196 2732 1428 2805; x_wconf 89' lang='lat' dir='ltr'>archiepiscopos</span> 
     </span>
     <span class='ocr_line' id='line_1_23' title="bbox 376 2815 1427 2890; baseline -0.001 -17"><span class='ocrx_word' id='word_1_209' title='bbox 376 2820 393 2846; x_wconf 83' lang='lat'>‘⁴</span> <span class='ocrx_word' id='word_1_210' title='bbox 414 2826 445 2874; x_wconf 90' lang='lat' dir='ltr'>et</span> <span class='ocrx_word' id='word_1_211' title='bbox 470 2820 619 2890; x_wconf 83' lang='lat' dir='ltr'>episcopos</span> <span class='ocrx_word' id='word_1_212' title='bbox 645 2817 696 2890; x_wconf 91' lang='lat' dir='ltr'>qui</span> <span class='ocrx_word' id='word_1_213' title='bbox 722 2834 839 2873; x_wconf 87' lang='lat' dir='ltr'>mecum</span> <span class='ocrx_word' id='word_1_214' title='bbox 867 2816 905 2870; x_wconf 89' lang='lat' dir='ltr'>ad</span> <span class='ocrx_word' id='word_1_215' title='bbox 933 2817 988 2871; x_wconf 94' lang='lat' dir='ltr'>hoc</span> <span class='ocrx_word' id='word_1_216' title='bbox 1015 2815 1202 2871; x_wconf 87' lang='lat' dir='ltr'>statuendum</span> <span class='ocrx_word' id='word_1_217' title='bbox 1229 2815 1427 2872; x_wconf 79' lang='lat' dir='ltr'>interfuerint.</span> 
     </span>
     <span class='ocr_line' id='line_1_24' title="bbox 376 2898 1518 2972; baseline -0.003 -15"><span class='ocrx_word' id='word_1_218' title='bbox 376 2903 395 2929; x_wconf 81' lang='lat'>‘⁴</span> <span class='ocrx_word' id='word_1_219' title='bbox 415 2900 584 2957; x_wconf 72' lang='lat' dir='ltr'>condonata</span> <span class='ocrx_word' id='word_1_220' title='bbox 601 2908 647 2956; x_wconf 88' lang='lat' dir='ltr'>est</span> <span class='ocrx_word' id='word_1_221' title='bbox 662 2900 751 2956; x_wconf 90' lang='lat' dir='ltr'>tertia</span> <span class='ocrx_word' id='word_1_222' title='bbox 767 2917 835 2972; x_wconf 87' lang='lat' dir='ltr'>pars</span> <span class='ocrx_word' id='word_1_223' title='bbox 851 2899 1033 2972; x_wconf 82' lang='lat' dir='ltr'>poenitentiae</span> <span class='ocrx_word' id='word_1_224' title='bbox 1051 2898 1131 2954; x_wconf 80' lang='lat' dir='ltr'>suae¹</span> <span class='ocrx_word' id='word_1_225' title='bbox 1144 2898 1279 2954; x_wconf 89' lang='lat' dir='ltr'>omnibus</span> <span class='ocrx_word' id='word_1_226' title='bbox 1296 2899 1348 2971; x_wconf 89' lang='lat' dir='ltr'>qui</span> <span class='ocrx_word' id='word_1_227' title='bbox 1359 2898 1431 2955; x_wconf 87' lang='lat' dir='ltr'>fide·</span> <span class='ocrx_word' id='word_1_228' title='bbox 1515 2920 1518 2926; x_wconf 93' lang='lat'>·</span> 
     </span>
     <span class='ocr_line' id='line_1_25' title="bbox 375 2982 1431 3052; baseline 0.001 -14"><span class='ocrx_word' id='word_1_229' title='bbox 375 2986 395 3012; x_wconf 89' lang='lat'><strong>“</strong></span> <span class='ocrx_word' id='word_1_230' title='bbox 413 2985 482 3040; x_wconf 92' lang='lat' dir='ltr'>liter</span> <span class='ocrx_word' id='word_1_231' title='bbox 512 2984 548 3040; x_wconf 91' lang='lat' dir='ltr'>de</span> <span class='ocrx_word' id='word_1_232' title='bbox 578 2984 665 3039; x_wconf 89' lang='lat' dir='ltr'>rebus</span> <span class='ocrx_word' id='word_1_233' title='bbox 692 2983 752 3039; x_wconf 87' lang='lat' dir='ltr'>suis</span> <span class='ocrx_word' id='word_1_234' title='bbox 781 2983 857 3038; x_wconf 87' lang='lat' dir='ltr'>hanc</span> <span class='ocrx_word' id='word_1_235' title='bbox 881 2982 1088 3039; x_wconf 86' lang='lat' dir='ltr'>eleemosinam</span> <span class='ocrx_word' id='word_1_236' title='bbox 1113 2982 1318 3052; x_wconf 85' lang='lat' dir='ltr'>persolverint.</span> <span class='ocrx_word' id='word_1_237' title='bbox 1356 2982 1431 3039; x_wconf 83' lang='lat' dir='ltr'>Haeo</span> 
     </span>
    </p>
   </div>
   <div class='ocr_carea' id='block_1_3' title="bbox 375 3063 1566 3960">
    <p class='ocr_par' dir='ltr' id='par_1_3' title="bbox 376 3063 1253 3124">
     <span class='ocr_line' id='line_1_26' title="bbox 376 3063 1253 3124; baseline -0.005 -1"><span class='ocrx_word' id='word_1_238' title='bbox 376 3069 397 3095; x_wconf 89' lang='lat'><em>“</em></span> <span class='ocrx_word' id='word_1_239' title='bbox 415 3072 482 3124; x_wconf 88' lang='lat' dir='ltr'>ecta</span> <span class='ocrx_word' id='word_1_240' title='bbox 499 3072 569 3123; x_wconf 88' lang='lat' dir='ltr'>sunt</span> <span class='ocrx_word' id='word_1_241' title='bbox 585 3083 661 3122; x_wconf 87' lang='lat' dir='ltr'>anno</span> <span class='ocrx_word' id='word_1_242' title='bbox 679 3066 717 3121; x_wconf 95' lang='lat' dir='ltr'>ab</span> <span class='ocrx_word' id='word_1_243' title='bbox 735 3066 937 3122; x_wconf 83' lang='lat' dir='ltr'>incarnatione</span> <span class='ocrx_word' id='word_1_244' title='bbox 955 3063 1094 3123; x_wconf 82' lang='lat' dir='ltr'>Domini²</span> <span class='ocrx_word' id='word_1_245' title='bbox 1108 3064 1253 3120; x_wconf 80' lang='lat' dir='ltr'>u.m.rv1.&#39;’</span> 
     </span>
    </p>

    <p class='ocr_par' dir='ltr' id='par_1_4' title="bbox 375 3158 1566 3960">
     <span class='ocr_line' id='line_1_27' title="bbox 419 3158 1566 3267; baseline 0.001 -41"><span class='ocrx_word' id='word_1_246' title='bbox 419 3160 570 3248; x_wconf 90' lang='lat' dir='ltr'>Degebat</span> <span class='ocrx_word' id='word_1_247' title='bbox 592 3160 719 3226; x_wconf 85' lang='lat' dir='ltr'>interea</span> <span class='ocrx_word' id='word_1_248' title='bbox 733 3159 876 3225; x_wconf 85' lang='lat' dir='ltr'>Thomas</span> <span class='ocrx_word' id='word_1_249' title='bbox 892 3158 1140 3226; x_wconf 83' lang='lat' dir='ltr'>Centuariensis</span> <span class='ocrx_word' id='word_1_250' title='bbox 1159 3159 1430 3248; x_wconf 81' lang='lat' dir='ltr'>archiepiscopus,</span> <span class='ocrx_word' id='word_1_251' title='bbox 1442 3171 1566 3267; x_wconf 49' lang='lat' dir='ltr'>{iggerat-</span> 
     </span>
     <span class='ocr_line' id='line_1_28' title="bbox 375 3234 1558 3377; baseline 0.001 -49"><span class='ocrx_word' id='word_1_252' title='bbox 375 3263 499 3349; x_wconf 88' lang='lat' dir='ltr'>etjam</span> <span class='ocrx_word' id='word_1_253' title='bbox 522 3261 710 3348; x_wconf 86' lang='lat' dir='ltr'>apostolicae</span> <span class='ocrx_word' id='word_1_254' title='bbox 740 3261 827 3326; x_wconf 86' lang='lat' dir='ltr'>sedis</span> <span class='ocrx_word' id='word_1_255' title='bbox 857 3260 996 3348; x_wconf 85' lang='lat' dir='ltr'>legatus,</span> <span class='ocrx_word' id='word_1_256' title='bbox 1021 3263 1058 3326; x_wconf 91' lang='lat' dir='ltr'>in</span> <span class='ocrx_word' id='word_1_257' title='bbox 1088 3263 1237 3329; x_wconf 87' lang='lat' dir='ltr'>coenobio</span> <span class='ocrx_word' id='word_1_258' title='bbox 1260 3263 1429 3329; x_wconf 87' lang='lat' dir='ltr'>Pontinia·</span> <span class='ocrx_word' id='word_1_259' title='bbox 1442 3234 1558 3377; x_wconf 48' lang='lat' dir='ltr'>ffiffiy</span> 
     </span>
     <span class='ocr_line' id='line_1_29' title="bbox 375 3353 1566 3451; baseline -0.001 -20"><span class='ocrx_word' id='word_1_260' title='bbox 375 3366 464 3432; x_wconf 77' lang='lat' dir='ltr'>sensi</span> <span class='ocrx_word' id='word_1_261' title='bbox 485 3364 715 3451; x_wconf 85' lang='lat' dir='ltr'>spiritualibus</span> <span class='ocrx_word' id='word_1_262' title='bbox 742 3362 925 3449; x_wconf 84' lang='lat' dir='ltr'>disciplinis</span> <span class='ocrx_word' id='word_1_263' title='bbox 953 3368 988 3430; x_wconf 88' lang='lat' dir='ltr'>et</span> <span class='ocrx_word' id='word_1_264' title='bbox 1013 3365 1133 3430; x_wconf 89' lang='lat' dir='ltr'>studiis</span> <span class='ocrx_word' id='word_1_265' title='bbox 1160 3366 1349 3432; x_wconf 84' lang='lat' dir='ltr'>coelestibus</span> <span class='ocrx_word' id='word_1_266' title='bbox 1379 3367 1430 3430; x_wconf 95' lang='lat' dir='ltr'>in-</span> <span class='ocrx_word' id='word_1_267' title='bbox 1559 3353 1566 3366; x_wconf 75' lang='grc'><strong>’</strong></span> 
     </span>
     <span class='ocr_line' id='line_1_30' title="bbox 375 3464 1430 3554; baseline 0.001 -21"><span class='ocrx_word' id='word_1_268' title='bbox 375 3473 498 3545; x_wconf 86' lang='lat' dir='ltr'>tentus,</span> <span class='ocrx_word' id='word_1_269' title='bbox 521 3467 623 3531; x_wconf 92' lang='lat' dir='ltr'>immo</span> <span class='ocrx_word' id='word_1_270' title='bbox 645 3470 737 3531; x_wconf 90' lang='lat' dir='ltr'>totus</span> <span class='ocrx_word' id='word_1_271' title='bbox 760 3464 831 3530; x_wconf 90' lang='lat' dir='ltr'>Deo</span> <span class='ocrx_word' id='word_1_272' title='bbox 854 3465 987 3531; x_wconf 86' lang='lat' dir='ltr'>deditus</span> <span class='ocrx_word' id='word_1_273' title='bbox 1009 3472 1044 3531; x_wconf 89' lang='lat' dir='ltr'>et</span> <span class='ocrx_word' id='word_1_274' title='bbox 1070 3467 1113 3532; x_wconf 89' lang='lat' dir='ltr'>ad</span> <span class='ocrx_word' id='word_1_275' title='bbox 1136 3466 1223 3531; x_wconf 89' lang='lat' dir='ltr'>Eum</span> <span class='ocrx_word' id='word_1_276' title='bbox 1245 3489 1430 3554; x_wconf 88' lang='lat' dir='ltr'>suspensus.</span> 
     </span>
     <span class='ocr_line' id='line_1_31' title="bbox 375 3566 1431 3656; baseline 0.002 -23"><span class='ocrx_word' id='word_1_277' title='bbox 375 3570 517 3635; x_wconf 84' lang='lat' dir='ltr'>Tantam</span> <span class='ocrx_word' id='word_1_278' title='bbox 542 3567 662 3633; x_wconf 87' lang='lat' dir='ltr'>habuit</span> <span class='ocrx_word' id='word_1_279' title='bbox 691 3567 728 3631; x_wconf 91' lang='lat' dir='ltr'>in</span> <span class='ocrx_word' id='word_1_280' title='bbox 750 3566 846 3633; x_wconf 82' lang='lat' dir='ltr'>corde</span> <span class='ocrx_word' id='word_1_281' title='bbox 873 3566 1097 3633; x_wconf 87' lang='lat' dir='ltr'>humilitatem</span> <span class='ocrx_word' id='word_1_282' title='bbox 1125 3573 1161 3633; x_wconf 89' lang='lat' dir='ltr'>et</span> <span class='ocrx_word' id='word_1_283' title='bbox 1189 3569 1431 3656; x_wconf 86' lang='lat' dir='ltr'>benignitatem</span> 
     </span>
     <span class='ocr_line' id='line_1_32' title="bbox 375 3667 1431 3754; baseline 0 -18"><span class='ocrx_word' id='word_1_284' title='bbox 375 3676 415 3736; x_wconf 90' lang='lat' dir='ltr'>ut</span> <span class='ocrx_word' id='word_1_285' title='bbox 445 3691 521 3737; x_wconf 91' lang='lat' dir='ltr'>cum</span> <span class='ocrx_word' id='word_1_286' title='bbox 547 3668 675 3735; x_wconf 82' lang='lat' dir='ltr'>caeteris</span> <span class='ocrx_word' id='word_1_287' title='bbox 705 3667 867 3733; x_wconf 88' lang='lat' dir='ltr'>fratribus</span> <span class='ocrx_word' id='word_1_288' title='bbox 896 3668 940 3732; x_wconf 88' lang='lat' dir='ltr'>ad</span> <span class='ocrx_word' id='word_1_289' title='bbox 969 3689 1123 3754; x_wconf 86' lang='lat' dir='ltr'>agrorum</span> <span class='ocrx_word' id='word_1_290' title='bbox 1157 3669 1265 3734; x_wconf 86' lang='lat' dir='ltr'>exiret</span> <span class='ocrx_word' id='word_1_291' title='bbox 1295 3668 1431 3746; x_wconf 88' lang='lat' dir='ltr'>labores,</span> 
     </span>
     <span class='ocr_line' id='line_1_33' title="bbox 376 3771 1432 3850; baseline 0 -10"><span class='ocrx_word' id='word_1_292' title='bbox 376 3796 451 3841; x_wconf 88' lang='lat' dir='ltr'>curn</span> <span class='ocrx_word' id='word_1_293' title='bbox 474 3771 677 3838; x_wconf 88' lang='lat' dir='ltr'>metentibus</span> <span class='ocrx_word' id='word_1_294' title='bbox 699 3775 839 3836; x_wconf 89' lang='lat' dir='ltr'>meteret</span> <span class='ocrx_word' id='word_1_295' title='bbox 862 3772 964 3836; x_wconf 90' lang='lat' dir='ltr'>etiam</span> <span class='ocrx_word' id='word_1_296' title='bbox 990 3771 1151 3850; x_wconf 87' lang='lat' dir='ltr'>infirmus,</span> <span class='ocrx_word' id='word_1_297' title='bbox 1176 3776 1211 3837; x_wconf 89' lang='lat' dir='ltr'>et</span> <span class='ocrx_word' id='word_1_298' title='bbox 1236 3772 1352 3838; x_wconf 81' lang='lat' dir='ltr'>fanum</span> <span class='ocrx_word' id='word_1_299' title='bbox 1379 3794 1432 3841; x_wconf 91' lang='lat' dir='ltr'>oo·</span> 
     </span>
     <span class='ocr_line' id='line_1_34' title="bbox 375 3872 1432 3960; baseline 0.001 -19"><span class='ocrx_word' id='word_1_300' title='bbox 375 3876 544 3941; x_wconf 83' lang='lat' dir='ltr'>adunaret.</span> <span class='ocrx_word' id='word_1_301' title='bbox 592 3872 778 3940; x_wconf 83' lang='lat' dir='ltr'>Ooexulum</span> <span class='ocrx_word' id='word_1_302' title='bbox 804 3894 883 3938; x_wconf 89' lang='lat' dir='ltr'>vero</span> <span class='ocrx_word' id='word_1_303' title='bbox 909 3894 1043 3938; x_wconf 74' lang='lat' dir='ltr'>suonam</span> <span class='ocrx_word' id='word_1_304' title='bbox 1067 3895 1253 3960; x_wconf 85' lang='lat' dir='ltr'>aerumpnas</span> <span class='ocrx_word' id='word_1_305' title='bbox 1275 3875 1432 3942; x_wconf 88' lang='lat' dir='ltr'>continuo</span> 
     </span>
    </p>
   </div>
   <div class='ocr_carea' id='block_1_4' title="bbox 376 3974 1432 4062">
    <p class='ocr_par' dir='ltr' id='par_1_5' title="bbox 376 3974 1432 4062">
     <span class='ocr_line' id='line_1_35' title="bbox 376 3974 1432 4062; baseline 0 -19"><span class='ocrx_word' id='word_1_306' title='bbox 376 3976 534 4044; x_wconf 89' lang='lat' dir='ltr'>volvebat</span> <span class='ocrx_word' id='word_1_307' title='bbox 566 3976 603 4039; x_wconf 95' lang='lat' dir='ltr'>in</span> <span class='ocrx_word' id='word_1_308' title='bbox 635 3974 739 4053; x_wconf 90' lang='lat' dir='ltr'>corde,</span> <span class='ocrx_word' id='word_1_309' title='bbox 774 3995 850 4041; x_wconf 88' lang='lat' dir='ltr'>oum</span> <span class='ocrx_word' id='word_1_310' title='bbox 883 3975 925 4040; x_wconf 88' lang='lat' dir='ltr'>de</span> <span class='ocrx_word' id='word_1_311' title='bbox 959 3974 1165 4062; x_wconf 87' lang='lat' dir='ltr'>singulorum</span> <span class='ocrx_word' id='word_1_312' title='bbox 1199 3976 1432 4043; x_wconf 87' lang='lat' dir='ltr'>sollicitaretur</span> 
     </span>
    </p>
   </div>
   <div class='ocr_carea' id='block_1_5' title="bbox 376 4076 1431 4164">
    <p class='ocr_par' dir='ltr' id='par_1_6' title="bbox 376 4076 1431 4164">
     <span class='ocr_line' id='line_1_36' title="bbox 376 4076 1431 4164; baseline 0 -19"><span class='ocrx_word' id='word_1_313' title='bbox 376 4077 626 4145; x_wconf 85' lang='lat' dir='ltr'>sustentatione.</span> <span class='ocrx_word' id='word_1_314' title='bbox 672 4076 797 4142; x_wconf 91' lang='lat' dir='ltr'>Verum</span> <span class='ocrx_word' id='word_1_315' title='bbox 824 4077 1061 4161; x_wconf 90' lang='lat' dir='ltr'>superomnia</span> <span class='ocrx_word' id='word_1_316' title='bbox 1090 4077 1235 4164; x_wconf 88' lang='lat' dir='ltr'>dampna</span> <span class='ocrx_word' id='word_1_317' title='bbox 1264 4100 1431 4164; x_wconf 78' lang='lat' dir='ltr'>presumas</span> 
     </span>
    </p>
   </div>
   <div class='ocr_carea' id='block_1_6' title="bbox 377 4177 1601 4294">
    <p class='ocr_par' dir='ltr' id='par_1_7' title="bbox 377 4177 1601 4294">
     <span class='ocr_line' id='line_1_37' title="bbox 377 4177 1601 4294; baseline -0.002 -48"><span class='ocrx_word' id='word_1_318' title='bbox 377 4179 521 4247; x_wconf 73' lang='lat' dir='ltr'>ecclesiae</span> <span class='ocrx_word' id='word_1_319' title='bbox 544 4177 694 4244; x_wconf 87' lang='lat' dir='ltr'>deflebat</span> <span class='ocrx_word' id='word_1_320' title='bbox 741 4177 784 4241; x_wconf 89' lang='lat' dir='ltr'>In</span> <span class='ocrx_word' id='word_1_321' title='bbox 806 4198 841 4242; x_wconf 87' lang='lat' dir='ltr'>se</span> <span class='ocrx_word' id='word_1_322' title='bbox 862 4182 975 4243; x_wconf 88' lang='lat' dir='ltr'>autem</span> <span class='ocrx_word' id='word_1_323' title='bbox 998 4200 1157 4258; x_wconf 87' lang='lat' dir='ltr'>reversus,</span> <span class='ocrx_word' id='word_1_324' title='bbox 1180 4201 1255 4246; x_wconf 87' lang='lat' dir='ltr'>cum</span> <span class='ocrx_word' id='word_1_325' title='bbox 1276 4180 1349 4266; x_wconf 88' lang='lat' dir='ltr'>jam</span> <span class='ocrx_word' id='word_1_326' title='bbox 1380 4181 1601 4294; x_wconf 44' lang='lat' dir='ltr'>ffffi‘t&#39;b,</span> 
     </span>
    </p>
   </div>
   <div class='ocr_carea' id='block_1_7' title="bbox 379 4279 1593 4389">
    <p class='ocr_par' dir='ltr' id='par_1_8' title="bbox 379 4279 1593 4389">
     <span class='ocr_line' id='line_1_38' title="bbox 379 4279 1593 4389; baseline -0.001 -41"><span class='ocrx_word' id='word_1_327' title='bbox 379 4283 482 4348; x_wconf 84' lang='lat' dir='ltr'>terius</span> <span class='ocrx_word' id='word_1_328' title='bbox 519 4286 571 4348; x_wconf 82' lang='lat' dir='ltr'>tot</span> <span class='ocrx_word' id='word_1_329' title='bbox 608 4280 718 4347; x_wconf 85' lang='lat' dir='ltr'>illatas</span> <span class='ocrx_word' id='word_1_330' title='bbox 755 4279 894 4366; x_wconf 88' lang='lat' dir='ltr'>injurias</span> <span class='ocrx_word' id='word_1_331' title='bbox 933 4280 1139 4347; x_wconf 83' lang='lat' dir='ltr'>dissimulare</span> <span class='ocrx_word' id='word_1_332' title='bbox 1178 4303 1247 4347; x_wconf 92' lang='lat' dir='ltr'>non</span> <span class='ocrx_word' id='word_1_333' title='bbox 1285 4283 1593 4389; x_wconf 51' lang='lat' dir='ltr'>auderetgffifwbn</span> 
     </span>
    </p>
   </div>
   <div class='ocr_carea' id='block_1_8' title="bbox 209 4381 1432 4467">
    <p class='ocr_par' dir='ltr' id='par_1_9' title="bbox 209 4381 1432 4467">
     <span class='ocr_line' id='line_1_39' title="bbox 209 4381 1432 4467; baseline 0.001 -19"><span class='ocrx_word' id='word_1_334' title='bbox 209 4391 358 4443; x_wconf 75' lang='lat' dir='ltr'>Hert-Bos·</span> <span class='ocrx_word' id='word_1_335' title='bbox 378 4384 521 4451; x_wconf 86' lang='lat' dir='ltr'>secundo</span> <span class='ocrx_word' id='word_1_336' title='bbox 544 4382 636 4448; x_wconf 88' lang='lat' dir='ltr'>exilii</span> <span class='ocrx_word' id='word_1_337' title='bbox 667 4381 720 4446; x_wconf 89' lang='lat' dir='ltr'>sui</span> <span class='ocrx_word' id='word_1_338' title='bbox 751 4403 838 4447; x_wconf 92' lang='lat' dir='ltr'>anno</span> <span class='ocrx_word' id='word_1_339' title='bbox 860 4403 920 4467; x_wconf 89' lang='lat' dir='ltr'>per</span> <span class='ocrx_word' id='word_1_340' title='bbox 945 4391 1080 4446; x_wconf 84' lang='lat' dir='ltr'>abbatem</span> <span class='ocrx_word' id='word_1_341' title='bbox 1098 4391 1208 4447; x_wconf 88' lang='lat' dir='ltr'>ordinis</span> <span class='ocrx_word' id='word_1_342' title='bbox 1227 4392 1432 4449; x_wconf 79' lang='lat' dir='ltr'>cisterciensis</span> 
     </span>
    </p>
   </div>
   <div class='ocr_carea' id='block_1_9' title="bbox 207 4463 1434 4572">
    <p class='ocr_par' dir='ltr' id='par_1_10' title="bbox 207 4463 1434 4572">
     <span class='ocr_line' id='line_1_40' title="bbox 207 4463 1434 4572; baseline 0.013 -38"><span class='ocrx_word' id='word_1_343' title='bbox 207 4474 243 4510; x_wconf 69' lang='lat'>¹¹·</span> <span class='ocrx_word' id='word_1_344' title='bbox 256 4463 295 4509; x_wconf 80' lang='lat'>¹⁶·</span> <span class='ocrx_word' id='word_1_345' title='bbox 378 4486 449 4572; x_wconf 71' lang='lat' dir='ltr'>regi</span> <span class='ocrx_word' id='word_1_346' title='bbox 464 4485 648 4572; x_wconf 78' lang='lat' dir='ltr'>Anglorum</span> <span class='ocrx_word' id='word_1_347' title='bbox 670 4483 952 4570; x_wconf 85' lang='lat' dir='ltr'>commonitoriam</span> <span class='ocrx_word' id='word_1_348' title='bbox 975 4482 1104 4548; x_wconf 89' lang='lat' dir='ltr'>dulcem</span> <span class='ocrx_word' id='word_1_349' title='bbox 1127 4489 1161 4549; x_wconf 91' lang='lat' dir='ltr'>et</span> <span class='ocrx_word' id='word_1_350' title='bbox 1182 4506 1318 4550; x_wconf 88' lang='lat' dir='ltr'>suavem</span> <span class='ocrx_word' id='word_1_351' title='bbox 1341 4485 1434 4550; x_wconf 87' lang='lat' dir='ltr'>misit</span> 
     </span>
    </p>
   </div>
   <div class='ocr_carea' id='block_1_10' title="bbox 378 4585 1433 4674">
    <p class='ocr_par' dir='ltr' id='par_1_11' title="bbox 378 4585 1433 4674">
     <span class='ocr_line' id='line_1_41' title="bbox 378 4585 1433 4674; baseline 0 -20"><span class='ocrx_word' id='word_1_352' title='bbox 378 4587 560 4674; x_wconf 88' lang='lat' dir='ltr'>epistolam,</span> <span class='ocrx_word' id='word_1_353' title='bbox 583 4586 633 4650; x_wconf 91' lang='lat' dir='ltr'>nil</span> <span class='ocrx_word' id='word_1_354' title='bbox 662 4586 876 4671; x_wconf 90' lang='lat' dir='ltr'>correptionis</span> <span class='ocrx_word' id='word_1_355' title='bbox 905 4585 961 4650; x_wconf 89' lang='lat' dir='ltr'>vel</span> <span class='ocrx_word' id='word_1_356' title='bbox 986 4586 1217 4652; x_wconf 88' lang='lat' dir='ltr'>amaritudinis</span> <span class='ocrx_word' id='word_1_357' title='bbox 1247 4586 1433 4654; x_wconf 86' lang='lat' dir='ltr'>habentem.</span> 
     </span>
    </p>
   </div>
   <div class='ocr_carea' id='block_1_11' title="bbox 415 4764 1201 4847">
    <p class='ocr_par' dir='ltr' id='par_1_12' title="bbox 415 4764 1201 4847">
     <span class='ocr_line' id='line_1_42' title="bbox 415 4764 1201 4847; baseline 0 -15"><span class='ocrx_word' id='word_1_358' title='bbox 415 4764 620 4847; x_wconf 64' lang='lat' dir='ltr'>¹a210a.c.3</span> <span class='ocrx_word' id='word_1_359' title='bbox 901 4777 906 4844; x_wconf 84' lang='grc' dir='ltr'>ι</span> <span class='ocrx_word' id='word_1_360' title='bbox 953 4776 1201 4846; x_wconf 61' lang='lat' dir='ltr'>somensac.</span> 
     </span>
    </p>
   </div>
   <div class='ocr_carea' id='block_1_12' title="bbox 0 0 1852 5728">
    <p class='ocr_par' dir='ltr' id='par_1_13' title="bbox 0 0 1852 5728">
     <span class='ocr_line' id='line_1_43' title="bbox 0 0 1852 5728; baseline 0 0"><span class='ocrx_word' id='word_1_361' title='bbox 0 0 1852 5728; x_wconf 95' lang='lat' dir='ltr'> </span> 
     </span>
    </p>
   </div>
  </div>
 </body>
</html>
