3646 5720
742 972 855 1046 ornas
876 972 1068 1022 msroarcn
1367 958 1432 1023 293

427 1155 540 1222 Mense
563 1156 655 1223 Julio
679 1157 839 1225 Ricardus
863 1159 903 1223 de
926 1156 1008 1223 Luci
1038 1157 1213 1242 praefectus
1235 1157 1366 1244 Angliae
1396 1156 1433 1220 in
1462 1175 1585 1223 aaran.
1717 1233 1724 1246 ι

382 1255 517 1321 ecclesia
543 1258 583 1323 de
607 1257 767 1336 Lieenes‚¹'
785 1280 884 1344 quam
911 1259 981 1344 ipse
1007 1258 1213 1336 fundaverat,
1237 1262 1331 1323 veste
1360 1278 1433 1321 mu·
1446 1226 1587 1333 ffioffil‘d„

383 1362 455 1422 aa
476 1360 581 1424 viam
604 1359 724 1438 fluvia
747 1367 782 1426 a
804 1361 844 1425 in>
863 1359 1009 1447 capitulo
1031 1360 1180 1447 sepultus
1202 1366 1261 1426 aa.
1445 1338 1575 1390 aseae..

430 1458 557 1526 Octavo
579 1461 654 1526 idus
674 1463 819 1549 Augusti
839 1461 1049 1527 Herlewinus
1072 1462 1161 1547 prior
1184 1457 1432 1527 (lantuariensis
1466 1475 1584 1528 aumas

385 1560 526 1627 ecclesiae
549 1562 732 1649 resignavit
753 1563 934 1648 prioratum
957 1584 1044 1628 anno
1064 1563 1164 1628 tertio
1186 1563 1238 1628 sui
1259 1561 1432 1647 prioratus.
1445 1537 1565 1639 illm

385 1662 505 1727 Senuit
534 1664 623 1728 enim
649 1670 684 1729 et
711 1664 934 1750 caligaverant
959 1662 1046 1730 oculi
1069 1664 1140 1749 ejus
1166 1669 1201 1729 et
1223 1663 1336 1728 videre
1366 1637 1540 1724 noum

384 1769 521 1849 poterat.
568 1764 632 1830 Oui
670 1767 824 1832 successit
861 1766 975 1831 eadem
1014 1765 1067 1830 die
1104 1766 1261 1852 magister
1297 1764 1433 1839 Alanus,
1447 1778 1561 1874 Aah

384 1872 462 1931 ante
482 1888 602 1953 paucos
624 1889 728 1933 annos
750 1868 994 1933 Beneventanae
1014 1867 1157 1935 eoclesiae
1177 1867 1361 1942 canonicus,
1376 1841 1475 1929 scd‘u

385 1967 519 2033 natione
542 1967 680 2055 Anglus,
706 1974 741 2033 et
763 1968 1011 2034 Cantuariensis
1041 1967 1184 2034 ecelesiae
1212 1965 1435 2054 quinquennis

385 2066 452 2133 fere
473 2069 627 2133 novitius.
674 2069 725 2134 De
746 2091 811 2154 quo
833 2074 930 2134 tanta
951 2090 1025 2154 spes
1045 2069 1221 2155 probitatis
1243 2073 1279 2134 et
1300 2088 1435 2133 conver·

385 2170 521 2235 sationis
543 2170 690 2236 honestae
715 2170 832 2236 habita
852 2177 911 2249 est,
934 2177 975 2236 ut
996 2193 1039 2236 ex
1061 2171 1196 2237 consilio
1219 2175 1254 2236 et
1277 2188 1435 2236 consensu

385 2270 489 2335 totius
519 2270 589 2335 fere
620 2277 801 2336 conventus
833 2271 974 2338 Ricardo
1003 2270 1246 2357 archiepiscopo
1277 2269 1435 2355 quodam-

385 2371 482 2435 modo
503 2369 556 2435 vis
577 2371 754 2437 inferretur
773 2377 813 2436 ut
834 2393 910 2436 eum
932 2372 968 2435 in
991 2371 1173 2456 prioratum
1196 2374 1411 2456 promoveret.

430 2470 532 2536 Facta
558 2476 609 2536 est
638 2470 767 2557 eclipsis
797 2471 885 2537 lunae
915 2471 1018 2536 xiiiil0
1040 2471 1200 2537 kalendas
1223 2468 1435 2557 Septembris.
1478 2487 1570 2540 anan

387 2572 469 2652 Quae
499 2572 671 2637 manifeste
701 2572 845 2638 Henrico
875 2572 945 2658 regi
975 2572 1106 2659 Angliae
1132 2578 1167 2637 et
1188 2572 1242 2636 his
1271 2570 1329 2657 qui
1359 2592 1435 2636 cum
1447 2549 1573 2646 faffffi‘

376 2697 424 2739 *eo
447 2681 542 2740 erant
570 2675 734 2760 apparent,
757 2695 831 2740 cum
862 2680 934 2739 tota
960 2680 1056 2740 nocte
1086 2675 1240 2760 equitans
1270 2672 1435 2739 Lodovioo

386 2775 456 2861 regi
490 2775 691 2843 Francorum
724 2781 908 2841 occurreret
938 2776 1029 2862 apud
1058 2775 1239 2841 Dovoriam
1270 2775 1314 2840 ad
1336 2795 1434 2852 mare,

387 2879 444 2963 qui
475 2877 518 2942 ad
549 2877 707 2943 Sanctum
730 2876 889 2942 Thomam
920 2878 1036 2942 orandi
1065 2878 1176 2965 gratia
1198 2878 1362 2954 veniebat,
1392 2876 1436 2942 ob

386 3001 478 3065 spem
507 2977 738 3065 recuperandae
768 2977 894 3042 salutis.
939 2978 1076 3044 Decimo
1098 2979 1258 3044 kalendas
1288 2978 1606 3078 ejusdemgtgwffl

386 3081 483 3145 ambo
513 3101 606 3166 reges
639 3101 714 3145 cum
748 3078 871 3144 honore
909 3080 1022 3145 debito
1052 3086 1087 3146 et
1116 3080 1239 3167 gaudio
1276 3079 1473 3177 ineflabilip0
1502 3043 1587 3175 ‘lm'

386 3179 530 3266 suscepti
552 3185 632 3244 sunt
653 3201 675 3245 a
696 3179 878 3245 venerabili
909 3180 1050 3247 Ricardo
1073 3180 1307 3246 Cantuariensi
1329 3179 1580 3280 archi-ww·

386 3282 545 3367 episcopo,
570 3285 605 3346 et
627 3280 787 3366 episcopis
809 3280 950 3367 Angliae,
973 3287 1008 3346 et
1030 3288 1195 3348 conventu
1219 3280 1436 3347 Cantuarien-

387 3382 432 3447 sis
454 3380 607 3457 ecclesiae,
630 3387 665 3445 et
687 3381 861 3446 innumera
883 3381 1099 3447 multitudine
1126 3387 1321 3468 magnatum
1344 3380 1437 3467 regni

387 3483 579 3569 Anglorum,
610 3486 645 3546 et
675 3481 719 3546 ad
748 3481 939 3561 memoriam
976 3481 1067 3547 beati
1104 3482 1263 3567 martyris
1293 3481 1437 3547 deducti.

387 3584 456 3649 Ubi
479 3605 538 3647 rex
561 3582 709 3648 Franciae
731 3582 820 3648 facta
842 3582 989 3647 oratione
1012 3602 1153 3667 cuppam
1180 3603 1274 3648 suam
1303 3602 1436 3647 auream
1447 3590 1602 3687 §w

388 3683 511 3750 obtulit
544 3689 579 3749 et
611 3683 779 3749 redditum
810 3688 942 3749 centum
975 3681 1159 3747 modiorum
1192 3682 1264 3747 vini
1297 3682 1438 3769 singrrlm

387 3787 485 3851 annis
507 3785 543 3849 in
566 3783 759 3870 obsequium
781 3783 939 3870 martyris
965 3788 1000 3849 et
1029 3783 1172 3850 eccleaiae
1196 3781 1366 3864 Christi3²
1395 3784 1438 3849 ad

389 3887 539 3951 tumbam
561 3886 719 3973 martyris
738 3884 953 3971 pernoctavit
969 3889 1004 3950 et
1025 3885 1062 3949 in
1084 3884 1227 3950 crastino
1242 3884 1279 3949 in
1293 3884 1439 3971 capitulo

389 3988 631 4054 fraternitatem
669 3987 768 4073 petiit
805 3993 840 4052 et
875 3986 1011 4071 accepit,
1042 3991 1077 4050 et
1108 3985 1187 4051 data
1220 3991 1312 4052 carta
1342 3986 1440 4051 laetus

389 4089 529 4164 recessit,
554 4094 589 4154 et
610 4088 701 4173 apud
722 4086 903 4173 Dovoriam
926 4086 1163 4152 transfretavit

435 4190 548 4255 Mense
580 4188 717 4254 Octobri
740 4187 834 4254 venit
865 4186 1036 4273 episeopus
1065 4186 1265 4253 Acconensie
1292 4187 1438 4253 Genaua
1475 4207 1583 4254 aanor.

389 4292 473 4356 riam
496 4290 612 4355 orandi
633 4290 751 4375 gratia,
774 4294 809 4354 et
830 4288 983 4353 kalendis
1005 4288 1204 4354 Novembris
1226 4290 1313 4376 regis
1335 4274 1592 4377 mm?

390 4413 502 4458 corum
525 4390 683 4457 Lodoviei
705 4390 794 4455 filius
817 4389 991 4475 Philippus
1017 4390 1090 4475 ipso
1112 4395 1206 4475 patre
1228 4391 1440 4477 praecipiente
1450 4376 1545 4494 ‘⁴⁰20'
1554 4451 1574 4493 L

391 4498 565 4559 coronatus
587 4498 646 4556 est.
1452 4512 1590 4615 magon

427 4737 564 4803 meam]
578 4737 723 4797 rannac.
913 4736 918 4802 ι
965 4735 1098 4804 meae]
1114 4738 1251 4789 onae.
