3588 5740
707 935 819 984 onnes
841 933 1033 985 nrsroarcs.
1318 918 1380 982 581

337 1113 356 1138 “
375 1114 544 1172 mandatum
574 1118 650 1174 sedis
679 1119 846 1191 apostolice
870 1119 947 1174 lacte
975 1116 1219 1189 proponebantur,
1248 1116 1324 1172 sicut
1353 1117 1384 1171 in
1415 1118 1473 1214 31³3
1479 1122 1537 1209 ¹33⁸·

338 1197 355 1222 “
376 1199 521 1256 autentico
539 1200 667 1273 ejusdem
685 1202 785 1273 legati,
805 1202 947 1258 lobannis
963 1200 1113 1272 Anagnini
1137 1199 1282 1271 quondam
1306 1217 1385 1272 pres·
1398 1182 1522 1276 stadim

338 1279 357 1303 “
376 1278 463 1335 biteri
493 1283 650 1339 cardinalis
678 1285 714 1340 ob
744 1302 860 1340 eausam
887 1286 980 1355 ipsam
1010 1284 1041 1337 in
1065 1282 1205 1353 Angliam
1235 1282 1384 1348 destinati,
1397 1285 1511 1326 ”meme

337 1364 357 1388 ‘⁴
377 1364 597 1422 continebantur
615 1385 756 1439 expresse,
776 1368 887 1424 viribus
905 1384 1003 1423 carere
1027 1366 1166 1429 decrevit,
1186 1372 1216 1420 et
1241 1384 1385 1437 quecum-

337 1447 357 1470 “
376 1463 433 1515 que
450 1454 551 1503 contra
564 1449 614 1520 jus
632 1451 839 1506 monachorum
855 1452 903 1506 vel
921 1459 1052 1505 tenorem
1070 1448 1292 1521 privilegiorum
1311 1449 1387 1504 sedis

338 1530 357 1554 ‘⁴
376 1531 541 1599 apostolice
559 1532 637 1589 idem
649 1534 883 1606 archiepiscopus
904 1531 1100 1604 impetrarat3¹
1119 1532 1236 1603 insuper
1258 1539 1387 1587 statuens

338 1613 357 1638 ‘⁶
377 1617 411 1667 ut
440 1615 538 1671 nullus
566 1617 716 1673 hominum
747 1635 812 1689 que
835 1619 912 1673 male
935 1621 1066 1688 gesserat
1088 1615 1125 1669 ad
1153 1614 1387 1686 consequentiam

339 1698 357 1721 “
377 1697 514 1766 traheret,
541 1718 594 1755 nec
624 1718 659 1756 sa
687 1719 751 1773 qne
782 1720 800 1756 a
825 1701 893 1757 sede
923 1700 1082 1771 apostolica
1110 1698 1275 1754 obtinuerat
1297 1698 1388 1753 tacite

340 1781 499 1836 “veritate
532 1782 594 1855 juri
636 1785 843 1841 monachornm
874 1785 921 1840 vel
962 1783 1125 1855 privilegiis
1161 1783 1222 1838 ullo
1260 1799 1387 1853 unquam

340 1864 510 1936 “tempore
535 1867 565 1921 in
588 1868 685 1939 aliquo
711 1869 915 1941 prejudicium
942 1873 1123 1939 generarent,
1143 1865 1386 1936 quemadmodum

341 1946 463 2003 “nobie
492 1957 522 2005 et
547 1951 684 2006 fratribus
714 1952 819 2008 uostris
843 1969 876 2006 ex
902 1951 1030 2022 ipserum
1054 1950 1186 2005 constitit
1210 1949 1389 2004 continentia

340 2030 360 2055 ‘⁴
379 2029 552 2087 litterarum.
589 2033 634 2089 Ex
651 2035 715 2106 ipsu
732 2052 845 2107 quoque
862 2034 972 2106 majore
990 2032 1048 2087 loci
1059 2032 1196 2088 distentia
1210 2032 1266 2088 sibi
1283 2048 1390 2086 assere·
1402 2044 1526 2089 nehem!

342 2114 360 2137 ‘⁸
381 2113 452 2168 bant
469 2118 605 2172 monachi
631 2118 725 2190 majus
749 2116 952 2189 prejudicium
975 2122 1155 2185 generatum,
1174 2116 1243 2186 quia
1267 2133 1334 2171 cum
1358 2114 1389 2169 in
1402 2097 1558 2190 ‘fflffim

342 2198 361 2223 ‘⁶
381 2214 481 2254 eornm
508 2200 664 2265 defectum,
691 2202 767 2257 sicut
791 2219 808 2255 a
837 2201 896 2256 tuis
920 2199 1031 2254 nuntiis
1061 2199 1219 2263 dicebatur,
1248 2202 1391 2254 seculares
1402 2200 1507 2242 mevam.

343 2279 481 2336 “clerici
505 2284 614 2339 luerint
638 2284 760 2350 evocati,
789 2284 838 2339 vix
862 2292 978 2356 possent
1007 2303 1060 2355 per
1087 2282 1154 2340 eos²
1181 2282 1292 2337 vicinos
1320 2280 1391 2336 (lan-

343 2365 362 2390 “
381 2365 536 2422 tuariensis
566 2367 697 2422 ecclesiae
721 2368 840 2439 negotia
866 2368 1014 2423 monachis
1039 2366 1208 2424 absentibus
1232 2363 1391 2434 procurari,

342 2447 361 2471 “
382 2463 447 2515 que
475 2448 545 2519 ipsis
574 2450 676 2520 procul
706 2450 807 2521 positis
833 2456 864 2505 et
890 2452 973 2522 quasi
998 2468 1100 2506 eornm
1124 2454 1239 2520 captata
1265 2448 1394 2503 absentie

343 2530 362 2553 “
382 2529 444 2584 sine
474 2532 682 2588 monachorum
715 2534 892 2589 conscientia
921 2542 1126 2598 tractarentur,
1151 2539 1180 2588 et
1209 2532 1251 2587 eis
1278 2531 1393 2602 penitus

343 2613 362 2638 ‘⁶
383 2612 561 2680 inconsultis,
595 2615 670 2670 unde
699 2616 913 2672 Cantuariensis
938 2618 1060 2673 ecelesia
1088 2615 1273 2689 dispendium
1299 2615 1394 2668 incur·

343 2697 361 2720 “
380 2702 458 2751 reret
476 2706 506 2752 et
519 2697 681 2769 jacturam
706 2699 748 2754 sic
769 2716 841 2769 ergo
862 2699 932 2771 per³
949 2700 1004 2755 hoc
1024 2700 1065 2754 nil
1085 2699 1127 2755 eis
1147 2697 1277 2761 necessit,
1291 2695 1392 2751 eedem

345 2781 362 2803 “
383 2780 620 2837 contradictionis
650 2800 736 2838 causa
762 2790 905 2838 manente.
950 2783 1097 2839 Ultimum
1124 2799 1193 2837 vero
1220 2779 1393 2851 rescriptum

280 2883 283 2890 ·
344 2864 364 2890 ⁴‘
384 2862 456 2918 dicti
475 2864 615 2920 celestini
638 2883 721 2939 pape
745 2866 965 2937 predecessoris
983 2865 1075 2920 nostri
1100 2881 1198 2919 carere
1221 2862 1333 2917 viribus
1351 2879 1394 2916 as·

345 2948 366 2971 “
384 2947 526 3013 serebant,
558 2954 659 3020 utpote
695 2968 747 3021 per
780 2951 1012 3021 suppressionem
1048 2948 1182 3004 veutatis
1217 2954 1394 3017 surreptum,

347 3032 365 3055 “
387 3032 524 3099 quoniem
553 3033 586 3087 in
617 3049 651 3087 eo
678 3034 760 3088 nulla
786 3034 875 3089 fiebat
899 3035 1013 3088 mentio
1037 3032 1240 3087 mandatorum
1269 3046 1334 3099 que
1359 3029 1396 3084 ab

344 3116 365 3140 ‘⁸
384 3114 503 3170 Urbano
521 3122 551 3171 et
569 3115 718 3172 Clemente
736 3130 955 3189 precesserant,
974 3133 1029 3171 nec
1053 3116 1143 3171 etiam
1169 3112 1397 3169 confirmationis

346 3199 363 3223 ‘⁸
384 3197 476 3270 ipsius
494 3216 581 3271 quem
595 3201 719 3272 ipsemet
730 3216 817 3272 snper
835 3200 997 3255 cassatione
1010 3196 1228 3270 compositionis
1247 3195 1397 3265 predicte

345 3282 364 3306 ‘⁶
384 3283 535 3346 concessit,
555 3290 586 3339 et
602 3286 766 3356 presertim
784 3302 851 3340 cum
869 3284 1043 3354 rescriptum
1061 3281 1136 3337 illud
1154 3280 1309 3335 indulsisse
1320 3278 1396 3335 dica·

347 3367 365 3390 ‘⁴
385 3371 435 3420 tur
454 3383 488 3420 eo
505 3373 636 3439 tempore
662 3385 718 3438 quo
744 3386 812 3423 eum
837 3368 994 3422 infirmitas
1012 3365 1168 3422 admodum
1188 3363 1397 3434 praegravabat.

347 3451 366 3475 “
385 3447 434 3502 Ad
452 3448 631 3504 fundandam
650 3468 719 3505 sane
738 3451 929 3505 intentionem
949 3466 1030 3504 suam
1049 3446 1255 3520 predictorum
1274 3444 1398 3511 Urbani,
1412 3455 1552 3514 enemente

347 3534 365 3559 ‘⁴
387 3532 555 3599 Clementis,
586 3543 616 3589 et
647 3533 786 3589 Celestini
817 3534 1015 3588 Romanorum
1052 3531 1224 3602 pontificum
1258 3502 1533 3598 rescriptaffllffllffl*

348 3617 497 3670 “necnon
527 3625 558 3671 et
582 3624 713 3671 nostrum
745 3624 811 3688 post
842 3617 894 3669 illa
920 3615 999 3670 idem
1027 3613 1162 3669 monachi
1189 3611 1396 3683 producebant,

348 3702 367 3724 ‘⁴
388 3699 493 3770 quibus
520 3700 726 3769 urgentissime
753 3699 947 3756 mandabatur
974 3708 1007 3755 ut
1034 3696 1172 3770 quicquid
1197 3697 1232 3751 de
1260 3694 1400 3768 predicta

350 3783 368 3807 ‘⁶
389 3782 501 3851 capelle
519 3783 614 3839 luerat
632 3790 806 3840 attentatum
825 3785 981 3839 haberetur
1004 3783 1119 3837 irritum
1138 3790 1168 3837 et
1193 3780 1288 3834 inane.
1325 3777 1399 3833 Cum

352 3866 489 3921 “autem
517 3884 582 3938 que
608 3868 803 3939 premisimus
833 3874 863 3923 et
893 3867 1002 3921 similia
1032 3865 1063 3920 in
1093 3871 1191 3919 nostra
1220 3869 1251 3918 et
1275 3863 1399 3916 fratrum

353 3951 372 3973 ‘⁸
391 3958 555 4006 nostrornm
587 3952 741 4023 presentia
770 3950 930 4023 prudentor
960 3956 1057 4005 essent
1086 3966 1104 4002 a
1126 3947 1238 4002 nuntiis
1262 3947 1398 4016 allegata,

353 4033 372 4058 ‘⁴
392 4051 444 4089 nos
478 4036 529 4107 qni
567 4042 681 4107 tempus
712 4036 875 4108 accepimns
902 4034 1049 4105 justitiam
1075 4030 1238 4103 judicandi,
1269 4029 1400 4084 volentes
1414 4048 1514 4092 nm„

392 4118 477 4173 Illius
497 4119 629 4190 vestigiis
652 4120 795 4176 inherere
812 4119 890 4191 apud
909 4117 1001 4187 Quem
1027 4134 1084 4171 non
1110 4122 1154 4171 est
1180 4116 1309 4185 acceptio
1335 4129 1398 4183 per·
1411 4098 1550 4191 fflfflffflw

354 4205 371 4228 “
392 4221 537 4268 sonarum,
558 4203 647 4274 Cujus
665 4204 762 4257 locum
780 4203 849 4257 licet
867 4202 983 4272 indigni
1001 4210 1134 4255 tenemus
1152 4199 1183 4253 in
1194 4198 1289 4263 terrie,
1310 4206 1340 4251 et
1358 4197 1401 4251 ita
1412 4200 1504 4292 paredo

393 4287 441 4340 vie
458 4287 540 4357 regia
557 4286 714 4358 prudenter
732 4286 866 4341 incedere
884 4297 988 4339 utnon
1001 4283 1178 4339 declinemus
1197 4279 1234 4335 nd
1251 4279 1400 4334 dexteram
1428 4261 1462 4293 ⁰⁰¹
1487 4260 1525 4301 Μ’

353 4372 373 4397 “
393 4371 440 4425 vel
458 4370 616 4434 sinistram,
636 4368 862 4440 predecessores
886 4385 1001 4439 quoque
1026 4372 1139 4421 nostros
1156 4364 1316 4429 Urbanum,
1337 4362 1400 4418 Cle·

354 4454 373 4479 “
392 4465 531 4519 mentem,
550 4460 580 4508 et
597 4454 686 4508 etiam
706 4452 885 4508 Celeetinnm
905 4450 1057 4507 credentes
1081 4448 1208 4520 amplius
1233 4446 1401 4510 imitandos,

354 4538 423 4591 “in
453 4537 513 4592 illis
542 4537 668 4590 maxime
692 4553 757 4608 que
782 4534 990 4589 deliberatione
1021 4532 1131 4604 previa
1157 4535 1339 4584 statuerunt:
1366 4527 1402 4582 de

388 4777 395 4809 ¹
409 4775 566 4842 impeteret]
581 4773 734 4839 impetravit,
741 4775 775 4823 A.
788 4775 819 4823 B.
935 4770 946 4802 ³
954 4768 1014 4836 per]
1029 4782 1111 4833 super,
1124 4768 1155 4819 C.

387 4855 453 4920 ²per
464 4855 519 4922 coc]
534 4870 584 4906 om.
596 4854 626 4905 (l.
