3646 5720
408 811 473 875 232
616 823 780 876 enavmu
801 823 964 876 nonaum
985 825 1262 877 oaurumumzsrs

255 1025 378 1100 *tv-‚un
408 1014 505 1079 adio
526 1013 716 1079 nativitatis
739 1018 928 1100 computare
951 1013 1100 1080 colemus.
1146 1014 1245 1080 Anno
1265 1015 1370 1102 igitur
1389 1037 1463 1102 gra·

238 1088 385 1193 imit?
407 1116 465 1182 aa
497 1128 668 1181 roomo
702 1115 844 1183 Sanetus
878 1114 1019 1182 mama
1052 1116 1089 1181 a
1126 1116 1192 1182 aa
1226 1117 1359 1203 quidem
1381 1118 1462 1183 anna

408 1219 558 1285 martirio
581 1224 754 1284 coronatus
777 1223 835 1283 est.
881 1218 962 1283 Dies
978 1219 1067 1284 enim
1082 1218 1215 1284 Natalia
1230 1219 1367 1285 Domini
1389 1225 1462 1285 erat

407 1322 445 1384 in
467 1325 563 1386 sexta
584 1320 675 1397 feria,
699 1320 812 1386 Sancti
835 1319 1000 1406 Stephani
1030 1321 1066 1384 in
1096 1321 1241 1399 sabbato,
1266 1320 1380 1387 Sancti
1403 1321 1462 1386 Jo-

408 1421 529 1486 hannie
551 1423 588 1486 in
613 1422 667 1486 die
693 1421 877 1500 Dominica,
901 1421 1098 1487 Sanctorum
1121 1422 1353 1489 Innocentium
1380 1422 1462 1487 feria

408 1525 560 1602 secunda
583 1524 666 1589 feria
687 1545 766 1590 vero
796 1524 897 1589 tertia
927 1523 1069 1591 Sanctus
1092 1524 1235 1591 Thomas
1264 1546 1380 1611 passus
1411 1530 1463 1590 eat

408 1626 490 1690 dum
521 1625 674 1692 monachi
704 1646 857 1711 vesperae
889 1630 1063 1691 cantarent
1092 1626 1130 1690 in
1161 1625 1267 1705 choro,
1300 1627 1389 1711 quod
1424 1627 1462 1691 in

408 1750 496 1794 anno
519 1728 678 1814 sequenti,
693 1727 851 1793 videlicet
866 1734 1062 1792 M⁰c0axx⁰1⁰
1079 1750 1149 1794 ease
1171 1750 1239 1794 non
1260 1730 1380 1815 potuit.
1419 1729 1462 1794 In

408 1831 552 1897 mmtino
567 1851 646 1895 vero
664 1830 701 1894 in
718 1830 826 1916 cripta
840 1829 989 1916 sepultus
1009 1829 1082 1896 eet.1
1119 1830 1198 1897 Non
1213 1853 1315 1918 arguo
1330 1836 1462 1896 senten·

409 1933 493 1998 tiam
521 1931 656 1997 illorum
678 1930 736 2016 qui
762 1951 866 1996 annos
895 1931 1132 1997 incarnationis
1158 1932 1316 1998 inchoant
1338 1933 1381 1998 ab
1403 1954 1461 1998 an-

408 2034 628 2111 nuntiatione,
650 2033 709 2099 eed
730 2033 836 2120 magis
863 2033 930 2099 illie
952 2033 1120 2100 consentio
1144 2055 1283 2120 quorum
1314 2025 1463 2101 imitator

409 2136 525 2214 existo,
558 2156 671 2201 eorum
702 2134 826 2201 scilicet
860 2135 919 2221 qui
952 2155 1055 2200 annos
1089 2139 1125 2200 et
1158 2140 1291 2201 aetatem
1325 2135 1462 2202 Domini

409 2242 604 2323 computant
625 2236 862 2304 aNativitate.
907 2236 1134 2322 Utrorumque
1160 2238 1246 2303 ratio
1276 2237 1358 2303 satia
1387 2258 1461 2324 pro-

409 2337 530 2404 babilia
555 2343 613 2416 eat,
642 2337 725 2404 aed²
750 2339 890 2404 istorum
916 2337 1043 2404 facilior
1066 2337 1168 2403 simul
1193 2345 1229 2404 et
1254 2339 1369 2406 utilior
1393 2359 1462 2405 esee

409 2441 600 2508 dinoscitur.
645 2440 740 2506 Inter
769 2461 824 2507 eoa
849 2461 919 2505 una
949 2446 984 2506 et
1014 2441 1084 2507 sola
1115 2446 1167 2506 eat
1196 2442 1377 2522 altercatio,
1400 2443 1463 2508 sub

408 2544 502 2630 cujus
532 2543 689 2610 videlicet
717 2543 798 2609 anni
827 2542 1033 2609 continentia
1063 2543 1205 2610 debeant
1235 2546 1390 2612 annotari
1424 2569 1463 2613 ea

410 2668 485 2733 quaa
500 2647 704 2733 eontingmt
719 2647 808 2711 inter
829 2645 1055 2712 Nativitatem
1070 2645 1207 2713 Domini
1230 2653 1266 2714 et
1287 2648 1368 2735 Ejus
1391 2649 1461 2714 An-

391 2749 661 2815 ·nuntiationem.
709 2748 775 2829 Qui
797 2748 914 2813 asserit
942 2747 1102 2814 Sanctum
1124 2748 1284 2815 Thomam
1307 2752 1462 2837 martyri·

409 2856 521 2916 zatum
545 2872 634 2917 anno
663 2857 835 2926 M⁰c⁰nxx⁰,
860 2871 987 2915 annum
1020 2850 1139 2935 incipit
1172 2857 1208 2916 et
1236 2854 1395 2919 terminat
1425 2855 1462 2919 in

409 2939 693 3018 Annuntiatione:
715 2951 774 3036 qui
801 2955 914 3016 autem
932 2950 1015 3016 dicit
1030 2950 1117 3015 Eum
1135 2973 1269 3038 pasarm
1288 2976 1358 3020 esee
1373 2977 1461 3023 anno

408 3053 526 3138 gratiae
557 3064 729 3117 M⁰c⁰nxx⁰
758 3053 874 3138 primo,
904 3072 1030 3117 annum
1068 3053 1220 3139 praecidit
1250 3054 1395 3133 alteriue,
1427 3063 1463 3122 et

408 3155 572 3240 anticipat
608 3154 711 3218 trium
749 3154 913 3219 mensium
951 3154 1066 3240 spatio.
1127 3154 1311 3242 Utriusque
1349 3162 1462 3224 tamen

409 3256 613 3343 computatio
635 3255 735 3320 uniua
757 3256 838 3320 anni
860 3255 976 3322 solania
998 3255 1123 3322 scilieet
1145 3259 1351 3326 continentia
1372 3265 1430 3326 eat.

241 3372 312 3416 nen
321 3373 373 3415 aaut
457 3357 523 3424 Sed
545 3357 702 3444 quoniam
724 3357 950 3443 unusquisque
969 3359 1006 3422 in
1027 3379 1087 3424 auo
1102 3380 1202 3425 sensu
1216 3361 1374 3441 abundat,
1389 3363 1461 3428 red·

238 3421 378 3518 warum
410 3480 524 3527 eamus
554 3460 597 3526 ad
630 3480 699 3536 noe,
729 3464 765 3525 et
793 3459 940 3526 breviter
969 3460 1148 3526 referamus
1178 3462 1291 3548 aliqua
1321 3486 1364 3530 ex
1396 3465 1462 3531 hiia

240 3534 304 3577 ΜΒ
410 3584 485 3648 quae
510 3566 604 3649 genta
633 3566 712 3626 eunt
737 3566 813 3648 poet
834 3562 941 3628 sancti
964 3563 1120 3648 martyria
1144 3565 1337 3651 passionem.
1384 3567 1461 3634 Glo-

408 3663 488 3730 riosi
517 3663 622 3750 igitur
650 3664 807 3749 martyria
836 3664 946 3750 paesio
979 3664 1174 3731 miraculosa
1207 3667 1461 3756 circumquaque

409 3766 583 3854 divulgata
605 3766 740 3831 tandem
763 3766 807 3831 ad
829 3765 915 3851 regis
937 3766 1069 3853 Angliae
1096 3773 1130 3832 et
1152 3769 1335 3836 Alexandri
1365 3795 1460 3858 papae

408 3869 563 3935 notitiam
593 3867 752 3954 pervenit
802 3866 902 3933 Unde
932 3869 1029 3933 ambo
1060 3869 1240 3936 admodum
1270 3873 1397 3938 oonfuai
1427 3879 1461 3939 et

408 3971 513 4037 nimia
535 3969 641 4037 cordia
656 3969 812 4055 angustia
834 3969 1036 4065 consternati
1057 3976 1156 4052 sunt3
1176 3973 1235 4038 aed
1257 3973 1395 4040 diversis
1418 3997 1461 4040 ex

441 4211 536 4262 1Αιυιο
547 4212 643 4276 ἱρέων.
663 4246 670 4260 .
688 4247 694 4260 .
714 4210 846 4275 ‚sepultae
858 4213 907 4279 eat]
989 4216 1005 4242 “
1016 4213 1117 4266 Primus
1133 4225 1188 4267 erat
1207 4217 1305 4281 primas
1324 4234 1382 4270 eum
1407 4219 1459 4271 ruit

409 4292 516 4343 Instead
538 4291 568 4341 of
591 4288 651 4352 thia,
674 4288 733 4342 MS.
762 4288 791 4343 0.
820 4291 906 4341 raeda:
1054 4295 1257 4357 eneeThomaa;

408 4374 426 4399 ‘³
440 4370 514 4420 Unda
527 4368 608 4420 felicia
624 4367 754 4419 memoria
764 4368 910 4420 Willelmne
986 4376 1003 4402 ‘⁶
1014 4372 1112 4436 Quinta
1133 4374 1188 4424 dica
1207 4375 1306 4427 Natalia
1325 4385 1389 4438 erat,
1407 4377 1455 4429 flua

408 4450 522 4499 “Turbo
533 4445 910 4512 Norvieenaiaepiaeopualit-
1053 4452 1122 4504 orbia
1133 4455 1166 4504 ab
1177 4457 1239 4505 orbe

408 4530 424 4556 “
434 4525 494 4578 teria
515 4527 659 4576 admodum
671 4525 796 4589 eruditae,
817 4528 909 4578 volana
985 4532 1001 4559 ‘⁴
1013 4530 1126 4581 vellitur
1141 4540 1167 4584 ct
1182 4533 1280 4585 fruetus
1296 4533 1386 4600 incipit
1397 4551 1453 4586 acac

406 4603 911 4672 “beatimattyria'l'homoeaunumpaa-
1053 4608 1132 4672 poli.”

407 4687 423 4713 “
436 4682 517 4735 aionis
528 4682 644 4733 versifice
655 4682 843 4748 designaretur,
987 4710 998 4744 2
1008 4710 1065 4779 sed]
1077 4712 1141 4776 aa

442 4765 458 4791 ‘⁶
470 4762 563 4813 Annus
580 4760 697 4811 millenus
715 4768 837 4816 centenus
855 4778 914 4829 sep·
1143 4751 1149 4766 ⁸

505 4848 633 4907 tuagenua
