3646 5720
446 859 512 923 288
645 871 807 921 cuuvssu
831 869 992 921 uousom
1015 866 1290 920 usurummusm

291 1068 415 1114 sunm
446 1050 466 1076 “
486 1047 618 1103 eeclesia
635 1046 840 1102 commuuione
858 1046 1006 1119 proecisos,
1018 1050 1050 1101 et
1066 1041 1359 1101 excommunicationi
1376 1056 1500 1114 prosus

310 1118 400 1164 ML
447 1133 466 1159 “
485 1131 643 1204 iniquitate
661 1129 817 1203 subjectos,
837 1134 985 1185 atrorum
1003 1146 1123 1184 suerum
1145 1145 1197 1199 per
1217 1126 1366 1200 principes
1389 1122 1498 1182 seculi¹

274 1180 429 1275 ffiffissi.
447 1216 467 1241 “
487 1213 645 1269 catholicos
663 1219 695 1269 et
712 1212 846 1269 consules
871 1211 1024 1268 civitatum
1043 1210 1207 1284 privatione
1231 1208 1380 1273 mulctari,
1399 1212 1430 1263 ot
1453 1223 1500 1262 os·

274 1282 367 1376 ⁰²⁸9&
447 1298 467 1324 ‘⁴
485 1297 630 1369 pientiam
649 1312 749 1352 servos
767 1296 793 1351 si
810 1296 890 1368 capti
907 1295 1020 1350 fuerint
1036 1295 1098 1350 lore
1115 1310 1277 1350 censemus.
1306 1291 1500 1364 Proecipimus

274 1343 349 1426 mm·
446 1382 465 1407 ‘¹
484 1385 582 1435 autern
600 1385 635 1435 ut
651 1380 683 1434 in
700 1378 832 1435 ecclesiis
843 1377 1058 1434 maritimarum
1075 1376 1194 1433 urbium
1210 1376 1312 1431 crebra
1327 1379 1358 1429 et
1374 1375 1499 1445 solemp-

274 1469 427 1562 slirsprgslnst
447 1466 467 1491 “
486 1463 532 1519 nis
550 1464 581 1518 iu
605 1480 653 1519 eos
672 1461 933 1518 excommunicatio
956 1462 1145 1532 proferatur.²
1180 1458 1499 1515 &communicationis

275 1521 419 1614 {mima
446 1548 466 1574 “
485 1564 599 1619 quoque
617 1562 712 1618 poeuse
731 1544 904 1611 subdantur,
922 1544 973 1616 qui
991 1544 1138 1600 Romanos
1155 1548 1208 1599 aut
1225 1542 1298 1599 alios
1316 1541 1499 1598 Christianos

445 1633 465 1658 “
485 1647 538 1704 pro
555 1630 754 1702 negotiatione
772 1635 826 1685 aut
842 1628 909 1684 aliis
926 1628 1058 1683 honestis
1074 1626 1170 1683 causis
1188 1626 1308 1698 navigio
1325 1630 1500 1691 venisseut

446 1719 463 1744 u
832 1713 838 1725 ¹
939 1712 945 1725 ·
1287 1709 1315 1744 Ί
1489 1709 1496 1722 ·

446 1804 464 1829 «·
485 1720 670 1856 titali
682 1709 1432 1868 tlttttltltltttlillfftt
1447 1727 1499 1848 lt}

444 1886 464 1912 “
483 1883 585 1954 gulam
597 1881 707 1937 auxilio
720 1897 783 1936 esse
797 1886 942 1945 tenentur,
955 1878 1140 1952 dampnanda
1153 1877 1316 1950 cupiditate
1333 1877 1421 1933 rebus
1438 1877 1499 1933 suis

445 1966 610 2038 “spoliare
635 1970 824 2036 praesumunt,
849 1962 908 2018 nisi
931 1962 1031 2019 ablata
1054 1960 1242 2028 reddiderint,
1268 1961 1499 2017 excommunica·

445 2052 465 2080 “
483 2049 559 2106 tioni
576 2066 607 2104 se
624 2047 760 2104 noverint
776 2046 935 2119 subjacere.

481 2135 500 2163 “
519 2133 603 2190 xlx.
625 2132 732 2188 Felicis
757 2132 906 2188 memorie
931 2148 1073 2205 poparum
1101 2131 1268 2189 Innocentii
1298 2136 1329 2187 et
1359 2129 1496 2202 Eugenii,
1508 2146 1604 2196 Renes,

447 2220 466 2244 ‘¹
484 2214 730 2289 predecessorum
746 2220 924 2281 nostrorum,
944 2214 1082 2287 vestigiis
1102 2215 1288 2279 inhaerentes,
1308 2213 1496 2269 detestabiles
1509 2210 1526 2263 i·
1537 2217 1594 2262 22⁶·

446 2301 464 2326 “
483 2299 630 2354 nundinas
653 2297 701 2353 vel
725 2298 917 2368 lorissense
939 2298 1030 2370 vulgo
1048 2302 1232 2353 tornamento
1248 2302 1364 2362 vocant,
1382 2296 1414 2351 in
1433 2295 1497 2367 qui-

375 2404 377 2411 ·
445 2386 465 2411 ‘⁶
484 2382 539 2438 bus
564 2382 674 2438 milites
698 2397 734 2436 ex
751 2381 885 2438 condicto
903 2381 1060 2437 convenire
1077 2381 1182 2447 solent,
1207 2386 1238 2437 et
1262 2381 1301 2437 ad
1325 2379 1498 2437 ostentatio·

445 2468 464 2494 “
483 2484 550 2522 nom
575 2464 684 2520 virium
714 2481 835 2520 suarum
860 2468 891 2519 et
916 2463 1046 2520 audacis
1076 2464 1229 2520 temerarie
1256 2462 1496 2535 congrediuntur,

444 2553 462 2578 ‘⁶
482 2550 560 2606 uude
587 2553 696 2605 mortes
720 2547 875 2604 hominum
900 2555 930 2604 et
955 2546 1120 2605 animarum
1144 2547 1275 2620 pericula
1296 2565 1373 2619 saepe
1395 2564 1496 2619 prove·

445 2637 463 2663 “
482 2636 578 2699 niunt,
597 2633 661 2689 fieri
684 2633 880 2705 prohibemus.
918 2630 1002 2702 Quod
1028 2634 1054 2688 si
1079 2631 1145 2704 quis
1169 2648 1271 2688 eorum
1298 2630 1340 2687 ibi
1363 2636 1497 2687 mortuus

445 2721 463 2746 “
483 2717 583 2781 luerit,
602 2716 736 2788 quamvis
754 2716 782 2770 ei
800 2714 931 2787 poscenti
948 2714 1123 2788 penitentie
1144 2731 1204 2770 nou
1223 2717 1358 2785 negetur,
1379 2713 1496 2769 ecolesi-

444 2803 463 2831 Η
530 2800 537 2813 ‘

275 2901 431 2948 misse
479 2798 983 2952 fftgd'd'ldeedgddrdadusidddld'dddi
1002 2887 1070 2953 post
1092 2897 1227 2937 occasum
1251 2879 1321 2936 solis
1344 2897 1435 2953 usque
1458 2879 1496 2936 ud
1509 2885 1603 2935 Βακὰ

274 2953 464 3055 ᾓῇπξω“
483 2964 640 3023 secuudum
664 2963 769 3019 leriam
792 2970 858 3035 post
875 2969 972 3019 ortum
997 2963 1077 3029 eolis,
1102 2967 1132 3019 et
1150 2963 1188 3019 ab
1213 2961 1352 3059 Adventu
1376 2963 1496 3018 Domini
1508 2951 1525 3002 i·
1538 2955 1594 3001 226.

275 3053 356 3198 iis
376 3052 424 3145 'ii
446 3045 1497 3201 31tittiustiti,ltlttttlttttltzttttul

445 3215 465 3241 “
483 3216 589 3287 pimus.
627 3212 659 3269 Si
684 3212 750 3283 quis
774 3218 871 3268 autem
895 3220 1030 3285 treugam
1055 3213 1191 3284 frangere
1217 3211 1413 3285 temptaverit,
1432 3217 1498 3285 post

446 3301 464 3326 “
485 3296 602 3352 tertiam
626 3294 892 3363 commonitionem,
911 3296 937 3352 si
961 3312 1021 3351 non
1040 3295 1222 3360 satisfecerit,
1250 3297 1403 3368 episcopus
1427 3313 1497 3352 snus

445 3376 789 3435 “excommunicationis
820 3378 996 3434 sententiam
1023 3377 1125 3444 dictet,
1160 3384 1192 3434 et
1219 3377 1360 3449 scriptum
1391 3377 1498 3434 vicinis

446 3465 465 3491 ‘⁶
485 3461 630 3535 episcopis
647 3459 811 3515 annuntiet.
850 3460 1171 3533 Episcopommautem
1183 3461 1285 3517 nullus
1303 3460 1498 3517 excommuni-
1532 3522 1537 3530 ,

446 3548 466 3573 “
485 3550 584 3601 catum
605 3543 638 3599 in
655 3542 889 3599 communionem
912 3542 1062 3615 suscipiat,
1088 3543 1180 3599 immo
1200 3545 1309 3616 scripto
1332 3547 1497 3613 susceptam

446 3631 466 3656 “
484 3628 659 3685 seutentiam
686 3626 807 3699 quisque
833 3627 993 3682 confirmet.
1031 3626 1064 3682 Si
1088 3627 1155 3698 quis
1175 3633 1275 3683 autem
1297 3625 1407 3682 violare
1424 3625 1498 3680 hoc⁴

446 3715 465 3739 ‘¹
483 3711 713 3784 presumpserit,
738 3708 849 3765 ordinis
875 3710 921 3766 sui
946 3709 1079 3782 periculo
1105 3709 1261 3782 subjaceat.
1296 3709 1337 3767 Et
1360 3707 1497 3779 quonium

447 3796 465 3821 “
486 3794 632 3849 funiculus
650 3792 758 3864 triplex
781 3791 900 3848 difficile
920 3792 1078 3864 rumpitur,
1099 3792 1287 3864 praecipimus
1311 3797 1346 3847 ut
1368 3790 1497 3862 episcopi

447 3880 466 3905 “
486 3876 524 3932 ad
541 3876 637 3932 solum
655 3874 750 3930 Deum
766 3878 796 3929 et
811 3875 936 3930 salutem
954 3874 1055 3947 populi
1073 3874 1214 3930 habentes
1232 3879 1406 3946 respectum,
1418 3872 1500 3929 omni

447 3958 640 4032 “tepiditate
666 3956 804 4028 seposita,
825 3956 864 4012 ad
888 3972 990 4028 paoem
1015 3957 1141 4013 tirmiter
1170 3956 1337 4021 tenendam,
1362 3960 1498 4012 mutuum

447 4040 543 4097 “sibi
568 4039 723 4096 consilium
747 4046 778 4097 et
802 4039 943 4094 auxilium
968 4039 1125 4110 praebeaut.
1162 4038 1267 4112 Neque
1293 4039 1349 4096 hoo
1374 4038 1500 4110 alleujus

447 4128 466 4153 “
486 4141 586 4180 umore
612 4124 660 4181 vel
686 4122 752 4179 odio
776 4121 1011 4194 pretermittant.
1048 4121 1132 4192 Quod
1157 4122 1267 4195 siquis
1287 4123 1319 4177 in
1339 4122 1394 4179 hoc
1412 4138 1500 4193 opere

448 4206 543 4262 “Dei
569 4205 686 4277 tepidus
710 4205 849 4261 inventus
876 4204 976 4270 luerit,
1006 4204 1166 4278 dampnum
1193 4205 1319 4277 proprius
1345 4203 1501 4275 dignitatis

447 4291 467 4318 “
485 4290 624 4345 incurrat

483 4374 502 4401 ‘⁴
521 4371 607 4427 XXI.
625 4369 700 4426 (lum
718 4376 749 4425 et
765 4370 899 4441 plantare
916 4386 1030 4426 sacram
1046 4370 1231 4443 religionem,
1249 4376 1280 4427 et
1296 4371 1395 4425 lovere
1415 4369 1498 4442 plen·
1510 4379 1607 4430 Benut

449 4458 467 4483 “
486 4460 579 4512 tatem
596 4453 691 4511 modis
709 4452 844 4509 omnibus
861 4452 1026 4519 debeamus,
1054 4471 1206 4526 nunquam
1227 4454 1282 4510 hoc
1307 4453 1411 4510 melius
1435 4470 1499 4510 exe·
1510 4445 1528 4498 i.
1539 4449 1598 4496 ²³⁶·

481 4687 591 4756 ¹seculr]
604 4703 655 4740 om.
667 4688 700 4738 A.
712 4688 743 4738 B.
1028 4687 1103 4755 ⁸ills]
1117 4687 1224 4748 illosri.

480 4769 492 4801 ³
499 4767 662 4836 Μινώην]
676 4766 825 4831 perferatur,
834 4765 867 4816 A.
877 4766 907 4816 B.
918 4765 947 4817 0.
1028 4765 1039 4798 ⁴
1050 4765 1109 4832 too]
1124 4781 1175 4817 on.
1187 4765 1219 4820 0.
