<?xml version="1.0" encoding="UTF-8"?>
<!DOCTYPE html PUBLIC "-//W3C//DTD XHTML 1.0 Transitional//EN"
    "http://www.w3.org/TR/xhtml1/DTD/xhtml1-transitional.dtd">
<html xmlns="http://www.w3.org/1999/xhtml" xml:lang="en" lang="en">
 <head>
  <title>
</title>
<meta http-equiv="Content-Type" content="text/html;charset=utf-8" />
  <meta name='ocr-system' content='tesseract 3.04.00' />
  <meta name='ocr-capabilities' content='ocr_page ocr_carea ocr_par ocr_line ocrx_word'/>
</head>
<body>
  <div class='ocr_page' id='page_1' title='image "./historicalworks00offigoog_0348.png"; bbox 0 0 3646 5720; ppageno 0'>
   <div class='ocr_carea' id='block_1_1' title="bbox 418 901 1262 964">
    <p class='ocr_par' dir='ltr' id='par_1_1' title="bbox 418 901 1262 964">
     <span class='ocr_line' id='line_1_1' title="bbox 418 901 1262 964; baseline -0.002 -1"><span class='ocrx_word' id='word_1_1' title='bbox 418 901 483 964; x_wconf 80' lang='lat'><strong>284</strong></span> <span class='ocrx_word' id='word_1_2' title='bbox 618 910 781 961; x_wconf 71' lang='lat' dir='ltr'><strong>asevian</strong></span> <span class='ocrx_word' id='word_1_3' title='bbox 804 908 965 959; x_wconf 74' lang='lat' dir='ltr'><strong>nossem</strong></span> <span class='ocrx_word' id='word_1_4' title='bbox 988 909 1262 963; x_wconf 71' lang='lat' dir='ltr'><strong>crawemerse</strong></span> 
     </span>
    </p>
   </div>
   <div class='ocr_carea' id='block_1_2' title="bbox 241 1097 1574 2784">
    <p class='ocr_par' dir='ltr' id='par_1_2' title="bbox 241 1097 1568 2755">
     <span class='ocr_line' id='line_1_2' title="bbox 264 1097 1467 1158; baseline 0.005 -8"><span class='ocrx_word' id='word_1_5' title='bbox 264 1101 492 1157; x_wconf 69' lang='lat' dir='ltr'><strong>hn.117a.&#39;‘de</strong></span> <span class='ocrx_word' id='word_1_6' title='bbox 521 1099 712 1157; x_wconf 73' lang='lat' dir='ltr'><strong>nutrimentis</strong></span> <span class='ocrx_word' id='word_1_7' title='bbox 741 1098 912 1155; x_wconf 89' lang='lat' dir='ltr'><strong>animalium</strong></span> <span class='ocrx_word' id='word_1_8' title='bbox 941 1114 1062 1155; x_wconf 87' lang='lat' dir='ltr'><strong>suorum</strong></span> <span class='ocrx_word' id='word_1_9' title='bbox 1091 1097 1222 1156; x_wconf 88' lang='lat' dir='ltr'><strong>decimas</strong></span> <span class='ocrx_word' id='word_1_10' title='bbox 1252 1100 1382 1157; x_wconf 88' lang='lat' dir='ltr'><strong>tribuere</strong></span> <span class='ocrx_word' id='word_1_11' title='bbox 1408 1119 1467 1158; x_wconf 90' lang='lat' dir='ltr'><strong>non</strong></span> 
     </span>
     <span class='ocr_line' id='line_1_3' title="bbox 281 1166 604 1255; baseline -0.006 -16"><span class='ocrx_word' id='word_1_12' title='bbox 281 1166 370 1210; x_wconf 59' lang='lat' dir='ltr'><strong>Mm&#39;h</strong></span> <span class='ocrx_word' id='word_1_13' title='bbox 416 1186 435 1212; x_wconf 88' lang='lat'>“</span> <span class='ocrx_word' id='word_1_14' title='bbox 426 1186 604 1255; x_wconf 72' lang='lat' dir='ltr'><strong>‘cogantur</strong></span> 
     </span>
     <span class='ocr_line' id='line_1_4' title="bbox 247 1261 1574 1340; baseline 0.004 -22"><span class='ocrx_word' id='word_1_15' title='bbox 247 1273 379 1319; x_wconf 71' lang='lat' dir='ltr'><strong>onustans</strong></span> <span class='ocrx_word' id='word_1_16' title='bbox 452 1268 561 1323; x_wconf 77' lang='lat' dir='ltr'><strong>“m</strong></span> <span class='ocrx_word' id='word_1_17' title='bbox 581 1265 677 1323; x_wconf 83' lang='lat' dir='ltr'><strong>Jndei</strong></span> <span class='ocrx_word' id='word_1_18' title='bbox 701 1265 763 1322; x_wconf 84' lang='lat' dir='ltr'><strong>sive</strong></span> <span class='ocrx_word' id='word_1_19' title='bbox 788 1264 935 1331; x_wconf 82' lang='lat' dir='ltr'><strong>Saraceni,</strong></span> <span class='ocrx_word' id='word_1_20' title='bbox 960 1282 1015 1322; x_wconf 91' lang='lat' dir='ltr'><strong>nec</strong></span> <span class='ocrx_word' id='word_1_21' title='bbox 1038 1264 1093 1321; x_wconf 87' lang='lat' dir='ltr'><strong>sub</strong></span> <span class='ocrx_word' id='word_1_22' title='bbox 1111 1265 1282 1322; x_wconf 88' lang='lat' dir='ltr'><strong>alendorum</strong></span> <span class='ocrx_word' id='word_1_23' title='bbox 1309 1261 1574 1340; x_wconf 69' lang='lat' dir='ltr'><strong>puerorumflffled</strong></span> 
     </span>
     <span class='ocr_line' id='line_1_5' title="bbox 245 1327 1565 1423; baseline 0 -16"><span class='ocrx_word' id='word_1_24' title='bbox 245 1327 424 1419; x_wconf 40' lang='lat' dir='ltr'><strong>ffissitff‘</strong></span> <span class='ocrx_word' id='word_1_25' title='bbox 427 1351 589 1418; x_wconf 87' lang='lat' dir='ltr'><strong>‘‚obtentu</strong></span> <span class='ocrx_word' id='word_1_26' title='bbox 608 1367 664 1406; x_wconf 88' lang='lat' dir='ltr'><strong>uec</strong></span> <span class='ocrx_word' id='word_1_27' title='bbox 681 1367 735 1423; x_wconf 89' lang='lat' dir='ltr'><strong>pro</strong></span> <span class='ocrx_word' id='word_1_28' title='bbox 753 1348 875 1405; x_wconf 76' lang='lat' dir='ltr'><strong>servitio</strong></span> <span class='ocrx_word' id='word_1_29' title='bbox 892 1349 940 1404; x_wconf 86' lang='lat' dir='ltr'><strong>vel</strong></span> <span class='ocrx_word' id='word_1_30' title='bbox 959 1348 1019 1405; x_wconf 87' lang='lat' dir='ltr'><strong>alia</strong></span> <span class='ocrx_word' id='word_1_31' title='bbox 1036 1348 1169 1421; x_wconf 89' lang='lat' dir='ltr'><strong>qnalibet</strong></span> <span class='ocrx_word' id='word_1_32' title='bbox 1186 1366 1284 1416; x_wconf 87' lang='lat' dir='ltr'><strong>causa,</strong></span> <span class='ocrx_word' id='word_1_33' title='bbox 1299 1343 1496 1407; x_wconf 79' lang='lat' dir='ltr'><strong>Christiana¹·</strong></span> <span class='ocrx_word' id='word_1_34' title='bbox 1489 1334 1565 1379; x_wconf 73' lang='lat'><strong>&#39;¹²⁸⁰</strong></span> 
     </span>
     <span class='ocr_line' id='line_1_6' title="bbox 248 1425 1529 1548; baseline 0.001 -58"><span class='ocrx_word' id='word_1_35' title='bbox 248 1425 434 1548; x_wconf 48' lang='lat' dir='ltr'><strong>mmm</strong></span> <span class='ocrx_word' id='word_1_36' title='bbox 454 1434 602 1506; x_wconf 87' lang='lat' dir='ltr'><strong>mancipia</strong></span> <span class='ocrx_word' id='word_1_37' title='bbox 631 1433 663 1488; x_wconf 87' lang='lat' dir='ltr'><strong>in</strong></span> <span class='ocrx_word' id='word_1_38' title='bbox 692 1433 828 1488; x_wconf 79' lang='lat' dir='ltr'>domibus</span> <span class='ocrx_word' id='word_1_39' title='bbox 853 1432 915 1488; x_wconf 87' lang='lat' dir='ltr'><strong>suis</strong></span> <span class='ocrx_word' id='word_1_40' title='bbox 939 1433 1149 1529; x_wconf 82' lang='lat' dir='ltr'><strong>permittantur</strong></span> <span class='ocrx_word' id='word_1_41' title='bbox 1177 1433 1297 1489; x_wconf 90' lang='lat' dir='ltr'><strong>habere</strong></span> <span class='ocrx_word' id='word_1_42' title='bbox 1344 1434 1467 1490; x_wconf 80' lang='lat' dir='ltr'><strong>Excom·</strong></span> <span class='ocrx_word' id='word_1_43' title='bbox 1528 1488 1529 1491; x_wconf 74' lang='grc'>,</span> 
     </span>
     <span class='ocr_line' id='line_1_7' title="bbox 413 1514 1465 1588; baseline -0.002 -13.921"><span class='ocrx_word' id='word_1_44' title='bbox 413 1518 642 1574; x_wconf 77' lang='lat' dir='ltr'><strong>‘manicanter</strong></span> <span class='ocrx_word' id='word_1_45' title='bbox 666 1522 765 1572; x_wconf 86' lang='lat' dir='ltr'><strong>autem</strong></span> <span class='ocrx_word' id='word_1_46' title='bbox 797 1514 849 1587; x_wconf 89' lang='lat' dir='ltr'><strong>qui</strong></span> <span class='ocrx_word' id='word_1_47' title='bbox 881 1533 950 1572; x_wconf 90' lang='lat' dir='ltr'><strong>cum</strong></span> <span class='ocrx_word' id='word_1_48' title='bbox 978 1515 1022 1572; x_wconf 90' lang='lat' dir='ltr'><strong>eis</strong></span> <span class='ocrx_word' id='word_1_49' title='bbox 1051 1515 1293 1588; x_wconf 67' lang='lat' dir='ltr'><strong>presumpserint</strong></span> <span class='ocrx_word' id='word_1_50' title='bbox 1321 1516 1465 1573; x_wconf 78' lang='lat' dir='ltr'><strong>habitam.</strong></span> 
     </span>
     <span class='ocr_line' id='line_1_8' title="bbox 413 1598 1467 1657; baseline -0.001 0"><span class='ocrx_word' id='word_1_51' title='bbox 413 1604 431 1630; x_wconf 86' lang='lat'><strong>“</strong></span> <span class='ocrx_word' id='word_1_52' title='bbox 452 1600 665 1657; x_wconf 69' lang='lat' dir='ltr'><strong>Testimonium</strong></span> <span class='ocrx_word' id='word_1_53' title='bbox 695 1598 928 1657; x_wconf 76' lang='lat' dir='ltr'><strong>Christianorum</strong></span> <span class='ocrx_word' id='word_1_54' title='bbox 963 1598 1103 1656; x_wconf 82' lang='lat' dir='ltr'><strong>adversus</strong></span> <span class='ocrx_word' id='word_1_55' title='bbox 1122 1598 1241 1656; x_wconf 87' lang='lat' dir='ltr'><strong>Judeos</strong></span> <span class='ocrx_word' id='word_1_56' title='bbox 1271 1599 1304 1655; x_wconf 91' lang='lat' dir='ltr'><strong>in</strong></span> <span class='ocrx_word' id='word_1_57' title='bbox 1332 1599 1467 1656; x_wconf 89' lang='lat' dir='ltr'><strong>omnibns</strong></span> 
     </span>
     <span class='ocr_line' id='line_1_9' title="bbox 414 1680 1465 1750; baseline -0.003 -8"><span class='ocrx_word' id='word_1_58' title='bbox 414 1688 434 1715; x_wconf 79' lang='lat'><strong>⁴⁸</strong></span> <span class='ocrx_word' id='word_1_59' title='bbox 453 1684 560 1750; x_wconf 87' lang='lat' dir='ltr'><strong>causis,</strong></span> <span class='ocrx_word' id='word_1_60' title='bbox 580 1703 646 1741; x_wconf 89' lang='lat' dir='ltr'><strong>cum</strong></span> <span class='ocrx_word' id='word_1_61' title='bbox 664 1683 710 1739; x_wconf 92' lang='lat' dir='ltr'><strong>illi</strong></span> <span class='ocrx_word' id='word_1_62' title='bbox 728 1682 868 1739; x_wconf 85' lang='lat' dir='ltr'><strong>adversus</strong></span> <span class='ocrx_word' id='word_1_63' title='bbox 894 1680 1077 1739; x_wconf 71' lang='lat' dir='ltr'><strong>Christianos</strong></span> <span class='ocrx_word' id='word_1_64' title='bbox 1099 1683 1224 1740; x_wconf 87' lang='lat' dir='ltr'><strong>testibus</strong></span> <span class='ocrx_word' id='word_1_65' title='bbox 1249 1684 1310 1741; x_wconf 90' lang='lat' dir='ltr'><strong>suis</strong></span> <span class='ocrx_word' id='word_1_66' title='bbox 1334 1690 1465 1750; x_wconf 88' lang='lat' dir='ltr'><strong>utantur,</strong></span> 
     </span>
     <span class='ocr_line' id='line_1_10' title="bbox 413 1765 1465 1841; baseline -0.001 -16"><span class='ocrx_word' id='word_1_67' title='bbox 413 1767 653 1841; x_wconf 84' lang='lat' dir='ltr'><strong>“recipiendum</strong></span> <span class='ocrx_word' id='word_1_68' title='bbox 682 1783 745 1823; x_wconf 88' lang='lat' dir='ltr'><strong>esse</strong></span> <span class='ocrx_word' id='word_1_69' title='bbox 774 1782 934 1822; x_wconf 86' lang='lat' dir='ltr'><strong>censemus.</strong></span> <span class='ocrx_word' id='word_1_70' title='bbox 989 1766 1030 1822; x_wconf 78' lang='lat' dir='ltr'><strong>ut</strong></span> <span class='ocrx_word' id='word_1_71' title='bbox 1058 1766 1244 1823; x_wconf 85' lang='lat' dir='ltr'><strong>anathemate</strong></span> <span class='ocrx_word' id='word_1_72' title='bbox 1279 1765 1465 1824; x_wconf 86' lang='lat' dir='ltr'><strong>deceruimus</strong></span> 
     </span>
     <span class='ocr_line' id='line_1_11' title="bbox 413 1848 1466 1923; baseline 0 -15"><span class='ocrx_word' id='word_1_73' title='bbox 413 1855 433 1880; x_wconf 82' lang='lat'><strong>‘⁴</strong></span> <span class='ocrx_word' id='word_1_74' title='bbox 451 1851 599 1908; x_wconf 83' lang='lat' dir='ltr'><strong>feriendos</strong></span> <span class='ocrx_word' id='word_1_75' title='bbox 616 1849 784 1923; x_wconf 86' lang='lat' dir='ltr'><strong>quicunque</strong></span> <span class='ocrx_word' id='word_1_76' title='bbox 813 1848 932 1905; x_wconf 84' lang='lat' dir='ltr'><strong>Judeos</strong></span> <span class='ocrx_word' id='word_1_77' title='bbox 965 1848 1142 1906; x_wconf 79' lang='lat' dir='ltr'><strong>Christianis</strong></span> <span class='ocrx_word' id='word_1_78' title='bbox 1170 1849 1319 1906; x_wconf 87' lang='lat' dir='ltr'><strong>voluerint</strong></span> <span class='ocrx_word' id='word_1_79' title='bbox 1347 1851 1380 1906; x_wconf 90' lang='lat' dir='ltr'><strong>in</strong></span> <span class='ocrx_word' id='word_1_80' title='bbox 1409 1852 1466 1908; x_wconf 81' lang='lat' dir='ltr'><strong>hee</strong></span> 
     </span>
     <span class='ocr_line' id='line_1_12' title="bbox 414 1930 1466 2008; baseline -0.001 -17"><span class='ocrx_word' id='word_1_81' title='bbox 414 1938 433 1964; x_wconf 89' lang='lat'><strong>“</strong></span> <span class='ocrx_word' id='word_1_82' title='bbox 452 1941 536 2008; x_wconf 87' lang='lat' dir='ltr'><strong>parte</strong></span> <span class='ocrx_word' id='word_1_83' title='bbox 552 1933 701 2005; x_wconf 80' lang='lat' dir='ltr'><strong>preferre,</strong></span> <span class='ocrx_word' id='word_1_84' title='bbox 720 1949 788 1988; x_wconf 87' lang='lat' dir='ltr'><strong>oum</strong></span> <span class='ocrx_word' id='word_1_85' title='bbox 813 1948 862 1988; x_wconf 90' lang='lat' dir='ltr'><strong>eos</strong></span> <span class='ocrx_word' id='word_1_86' title='bbox 887 1930 1066 1989; x_wconf 79' lang='lat' dir='ltr'><strong>Christianis</strong></span> <span class='ocrx_word' id='word_1_87' title='bbox 1092 1931 1244 2005; x_wconf 85' lang='lat' dir='ltr'><strong>subjacere</strong></span> <span class='ocrx_word' id='word_1_88' title='bbox 1271 1938 1414 2005; x_wconf 72' lang='lat' dir='ltr'><strong>oportent,</strong></span> <span class='ocrx_word' id='word_1_89' title='bbox 1433 1939 1466 1990; x_wconf 90' lang='lat' dir='ltr'><strong>et</strong></span> 
     </span>
     <span class='ocr_line' id='line_1_13' title="bbox 412 2014 1465 2090; baseline -0.002 -15"><span class='ocrx_word' id='word_1_90' title='bbox 412 2022 433 2048; x_wconf 70' lang='lat'><strong>‘³</strong></span> <span class='ocrx_word' id='word_1_91' title='bbox 452 2019 489 2076; x_wconf 86' lang='lat' dir='ltr'><strong>ab</strong></span> <span class='ocrx_word' id='word_1_92' title='bbox 506 2017 550 2074; x_wconf 90' lang='lat' dir='ltr'><strong>eis</strong></span> <span class='ocrx_word' id='word_1_93' title='bbox 568 2034 622 2090; x_wconf 89' lang='lat' dir='ltr'><strong>pro</strong></span> <span class='ocrx_word' id='word_1_94' title='bbox 640 2016 703 2072; x_wconf 82' lang='lat' dir='ltr'><strong>sols</strong></span> <span class='ocrx_word' id='word_1_95' title='bbox 728 2015 912 2071; x_wconf 70' lang='lat' dir='ltr'><strong>humanitate</strong></span> <span class='ocrx_word' id='word_1_96' title='bbox 939 2016 1041 2072; x_wconf 78' lang='lat' dir='ltr'><strong>foveri.</strong></span> <span class='ocrx_word' id='word_1_97' title='bbox 1088 2014 1148 2072; x_wconf 82' lang='lat' dir='ltr'><strong>Sed</strong></span> <span class='ocrx_word' id='word_1_98' title='bbox 1166 2015 1217 2086; x_wconf 90' lang='lat' dir='ltr'><strong>qui</strong></span> <span class='ocrx_word' id='word_1_99' title='bbox 1241 2021 1385 2088; x_wconf 87' lang='lat' dir='ltr'><strong>preterea</strong></span> <span class='ocrx_word' id='word_1_100' title='bbox 1402 2018 1465 2073; x_wconf 89' lang='lat' dir='ltr'><strong>Deo</strong></span> 
     </span>
     <span class='ocr_line' id='line_1_14' title="bbox 412 2097 1465 2173; baseline 0 -17"><span class='ocrx_word' id='word_1_101' title='bbox 412 2100 611 2173; x_wconf 87' lang='lat' dir='ltr'><strong>“inspirante</strong></span> <span class='ocrx_word' id='word_1_102' title='bbox 636 2100 674 2156; x_wconf 88' lang='lat' dir='ltr'><strong>ad</strong></span> <span class='ocrx_word' id='word_1_103' title='bbox 698 2098 787 2155; x_wconf 84' lang='lat' dir='ltr'><strong>fldem</strong></span> <span class='ocrx_word' id='word_1_104' title='bbox 805 2116 838 2155; x_wconf 92' lang='lat' dir='ltr'><strong>se</strong></span> <span class='ocrx_word' id='word_1_105' title='bbox 862 2097 1062 2154; x_wconf 86' lang='lat' dir='ltr'><strong>converterint</strong></span> <span class='ocrx_word' id='word_1_106' title='bbox 1085 2098 1293 2166; x_wconf 77' lang='lat' dir='ltr'><strong>Christianam,</strong></span> <span class='ocrx_word' id='word_1_107' title='bbox 1312 2116 1331 2155; x_wconf 85' lang='lat' dir='ltr'><strong>a</strong></span> <span class='ocrx_word' id='word_1_108' title='bbox 1353 2117 1465 2172; x_wconf 89' lang='lat' dir='ltr'><strong>posses·</strong></span> 
     </span>
     <span class='ocr_line' id='line_1_15' title="bbox 412 2181 1464 2248; baseline 0.001 -10"><span class='ocrx_word' id='word_1_109' title='bbox 412 2185 432 2211; x_wconf 86' lang='lat'><strong>“</strong></span> <span class='ocrx_word' id='word_1_110' title='bbox 451 2183 581 2239; x_wconf 89' lang='lat' dir='ltr'><strong>sionibus</strong></span> <span class='ocrx_word' id='word_1_111' title='bbox 603 2184 774 2239; x_wconf 88' lang='lat' dir='ltr'><strong>nullatenus</strong></span> <span class='ocrx_word' id='word_1_112' title='bbox 803 2181 1004 2248; x_wconf 86' lang='lat' dir='ltr'><strong>excludantur,</strong></span> <span class='ocrx_word' id='word_1_113' title='bbox 1030 2197 1098 2238; x_wconf 90' lang='lat' dir='ltr'><strong>cum</strong></span> <span class='ocrx_word' id='word_1_114' title='bbox 1127 2181 1256 2238; x_wconf 90' lang='lat' dir='ltr'><strong>melioris</strong></span> <span class='ocrx_word' id='word_1_115' title='bbox 1286 2182 1464 2240; x_wconf 70' lang='lat' dir='ltr'><strong>venditionis</strong></span> 
     </span>
     <span class='ocr_line' id='line_1_16' title="bbox 411 2265 1465 2339; baseline 0 -17"><span class='ocrx_word' id='word_1_116' title='bbox 411 2268 432 2295; x_wconf 83' lang='lat'><strong>‘⁴</strong></span> <span class='ocrx_word' id='word_1_117' title='bbox 450 2283 607 2322; x_wconf 85' lang='lat' dir='ltr'><strong>conversos</strong></span> <span class='ocrx_word' id='word_1_118' title='bbox 625 2265 663 2321; x_wconf 88' lang='lat' dir='ltr'><strong>ad</strong></span> <span class='ocrx_word' id='word_1_119' title='bbox 688 2265 777 2322; x_wconf 86' lang='lat' dir='ltr'><strong>fldem</strong></span> <span class='ocrx_word' id='word_1_120' title='bbox 794 2282 859 2322; x_wconf 87' lang='lat' dir='ltr'><strong>esee</strong></span> <span class='ocrx_word' id='word_1_121' title='bbox 886 2271 1029 2337; x_wconf 88' lang='lat' dir='ltr'><strong>oporteat,</strong></span> <span class='ocrx_word' id='word_1_122' title='bbox 1049 2281 1136 2337; x_wconf 84' lang='lat' dir='ltr'><strong>quam</strong></span> <span class='ocrx_word' id='word_1_123' title='bbox 1160 2270 1318 2338; x_wconf 87' lang='lat' dir='ltr'><strong>antequam</strong></span> <span class='ocrx_word' id='word_1_124' title='bbox 1335 2267 1465 2339; x_wconf 84' lang='lat' dir='ltr'><strong>suscipe·</strong></span> 
     </span>
     <span class='ocr_line' id='line_1_17' title="bbox 412 2348 1463 2416; baseline 0 -11"><span class='ocrx_word' id='word_1_125' title='bbox 412 2353 432 2379; x_wconf 87' lang='lat'>“</span> <span class='ocrx_word' id='word_1_126' title='bbox 451 2356 517 2406; x_wconf 89' lang='lat' dir='ltr'><strong>rent</strong></span> <span class='ocrx_word' id='word_1_127' title='bbox 545 2350 633 2407; x_wconf 88' lang='lat' dir='ltr'><strong>fidem</strong></span> <span class='ocrx_word' id='word_1_128' title='bbox 669 2349 859 2405; x_wconf 87' lang='lat' dir='ltr'><strong>habebantur.</strong></span> <span class='ocrx_word' id='word_1_129' title='bbox 916 2348 949 2405; x_wconf 84' lang='lat' dir='ltr'><strong>Si</strong></span> <span class='ocrx_word' id='word_1_130' title='bbox 979 2354 1078 2406; x_wconf 62' lang='lat' dir='ltr'><strong>auem</strong></span> <span class='ocrx_word' id='word_1_131' title='bbox 1107 2365 1192 2404; x_wconf 90' lang='lat' dir='ltr'><strong>secus</strong></span> <span class='ocrx_word' id='word_1_132' title='bbox 1221 2348 1333 2404; x_wconf 82' lang='lat' dir='ltr'><strong>iactum</strong></span> <span class='ocrx_word' id='word_1_133' title='bbox 1362 2351 1463 2416; x_wconf 82' lang='lat' dir='ltr'><strong>fuerit,</strong></span> 
     </span>
     <span class='ocr_line' id='line_1_18' title="bbox 410 2430 1465 2507; baseline 0.001 -19"><span class='ocrx_word' id='word_1_134' title='bbox 410 2436 429 2461; x_wconf 85' lang='lat'><strong>‘⁴</strong></span> <span class='ocrx_word' id='word_1_135' title='bbox 449 2432 630 2507; x_wconf 86' lang='lat' dir='ltr'><strong>principibus</strong></span> <span class='ocrx_word' id='word_1_136' title='bbox 655 2450 706 2488; x_wconf 90' lang='lat' dir='ltr'><strong>seu</strong></span> <span class='ocrx_word' id='word_1_137' title='bbox 732 2432 924 2505; x_wconf 68' lang='lat' dir='ltr'><strong>potestatibus</strong></span> <span class='ocrx_word' id='word_1_138' title='bbox 948 2431 1107 2488; x_wconf 89' lang='lat' dir='ltr'><strong>eorundem</strong></span> <span class='ocrx_word' id='word_1_139' title='bbox 1133 2430 1264 2488; x_wconf 91' lang='lat' dir='ltr'><strong>locorum</strong></span> <span class='ocrx_word' id='word_1_140' title='bbox 1293 2432 1348 2488; x_wconf 88' lang='lat' dir='ltr'><strong>sub</strong></span> <span class='ocrx_word' id='word_1_141' title='bbox 1377 2449 1465 2504; x_wconf 81' lang='lat' dir='ltr'><strong>poena</strong></span> 
     </span>
     <span class='ocr_line' id='line_1_19' title="bbox 410 2514 1464 2589; baseline 0 -17"><span class='ocrx_word' id='word_1_142' title='bbox 410 2516 753 2573; x_wconf 83' lang='lat' dir='ltr'><strong>“excommunicationis</strong></span> <span class='ocrx_word' id='word_1_143' title='bbox 777 2516 970 2588; x_wconf 81' lang='lat' dir='ltr'><strong>injungimus,</strong></span> <span class='ocrx_word' id='word_1_144' title='bbox 990 2521 1024 2571; x_wconf 94' lang='lat' dir='ltr'><strong>ut</strong></span> <span class='ocrx_word' id='word_1_145' title='bbox 1047 2514 1212 2589; x_wconf 88' lang='lat' dir='ltr'><strong>portionem</strong></span> <span class='ocrx_word' id='word_1_146' title='bbox 1235 2515 1415 2573; x_wconf 87' lang='lat' dir='ltr'><strong>hereditatis</strong></span> <span class='ocrx_word' id='word_1_147' title='bbox 1433 2523 1464 2572; x_wconf 89' lang='lat' dir='ltr'><strong>et</strong></span> 
     </span>
     <span class='ocr_line' id='line_1_20' title="bbox 411 2598 1263 2670; baseline -0.004 -13.859"><span class='ocrx_word' id='word_1_148' title='bbox 411 2600 590 2657; x_wconf 86' lang='lat' dir='ltr'><strong>“bonorum</strong></span> <span class='ocrx_word' id='word_1_149' title='bbox 608 2617 728 2656; x_wconf 89' lang='lat' dir='ltr'><strong>suorum</strong></span> <span class='ocrx_word' id='word_1_150' title='bbox 747 2616 783 2654; x_wconf 84' lang='lat' dir='ltr'><strong>ex</strong></span> <span class='ocrx_word' id='word_1_151' title='bbox 799 2598 915 2670; x_wconf 81' lang='lat' dir='ltr'><strong>integro</strong></span> <span class='ocrx_word' id='word_1_152' title='bbox 933 2599 977 2655; x_wconf 90' lang='lat' dir='ltr'><strong>eis</strong></span> <span class='ocrx_word' id='word_1_153' title='bbox 996 2599 1107 2654; x_wconf 85' lang='lat' dir='ltr'><strong>faciant</strong></span> <span class='ocrx_word' id='word_1_154' title='bbox 1124 2598 1263 2654; x_wconf 85' lang='lat' dir='ltr'><strong>exhiberi.</strong></span> 
     </span>
     <span class='ocr_line' id='line_1_21' title="bbox 241 2676 1568 2784; baseline 0.002 -48"><span class='ocrx_word' id='word_1_155' title='bbox 241 2690 376 2784; x_wconf 72' lang='lat' dir='ltr'><strong>llcneyrat</strong></span> <span class='ocrx_word' id='word_1_156' title='bbox 445 2685 572 2740; x_wconf 84' lang='lat' dir='ltr'><strong>“.XIII</strong></span> <span class='ocrx_word' id='word_1_157' title='bbox 591 2683 730 2739; x_wconf 87' lang='lat' dir='ltr'><strong>Monachi</strong></span> <span class='ocrx_word' id='word_1_158' title='bbox 748 2699 807 2738; x_wconf 93' lang='lat' dir='ltr'><strong>non</strong></span> <span class='ocrx_word' id='word_1_159' title='bbox 825 2683 921 2753; x_wconf 87' lang='lat' dir='ltr'><strong>pretio</strong></span> <span class='ocrx_word' id='word_1_160' title='bbox 938 2681 1122 2755; x_wconf 87' lang='lat' dir='ltr'><strong>recipiantur</strong></span> <span class='ocrx_word' id='word_1_161' title='bbox 1139 2681 1171 2736; x_wconf 90' lang='lat' dir='ltr'><strong>in</strong></span> <span class='ocrx_word' id='word_1_162' title='bbox 1188 2682 1379 2748; x_wconf 84' lang='lat' dir='ltr'><strong>monasterio,</strong></span> <span class='ocrx_word' id='word_1_163' title='bbox 1402 2676 1568 2739; x_wconf 75' lang='lat' dir='ltr'><strong>nonBeued</strong></span> 
     </span>
    </p>
   </div>
   <div class='ocr_carea' id='block_1_3' title="bbox 241 2740 1558 2841">
    <p class='ocr_par' dir='ltr' id='par_1_3' title="bbox 241 2740 1558 2841">
     <span class='ocr_line' id='line_1_22' title="bbox 241 2740 1558 2841; baseline -0.014 -6"><span class='ocrx_word' id='word_1_164' title='bbox 241 2742 418 2837; x_wconf 45' lang='lat' dir='ltr'><strong>iorbbiia‘</strong></span> <span class='ocrx_word' id='word_1_165' title='bbox 423 2768 599 2841; x_wconf 86' lang='lat' dir='ltr'><strong>‘peculium</strong></span> <span class='ocrx_word' id='word_1_166' title='bbox 628 2767 836 2838; x_wconf 89' lang='lat' dir='ltr'><strong>permittantur</strong></span> <span class='ocrx_word' id='word_1_167' title='bbox 864 2766 983 2832; x_wconf 88' lang='lat' dir='ltr'><strong>babere,</strong></span> <span class='ocrx_word' id='word_1_168' title='bbox 1013 2783 1073 2821; x_wconf 95' lang='lat' dir='ltr'><strong>non</strong></span> <span class='ocrx_word' id='word_1_169' title='bbox 1102 2765 1213 2837; x_wconf 78' lang='lat' dir='ltr'><strong>singuli</strong></span> <span class='ocrx_word' id='word_1_170' title='bbox 1242 2784 1296 2836; x_wconf 90' lang='lat' dir='ltr'><strong>per</strong></span> <span class='ocrx_word' id='word_1_171' title='bbox 1319 2765 1406 2822; x_wconf 83' lang='lat' dir='ltr'><strong>villas</strong></span> <span class='ocrx_word' id='word_1_172' title='bbox 1431 2740 1558 2823; x_wconf 54' lang='lat' dir='ltr'><strong>etim</strong></span> 
     </span>
    </p>
   </div>
   <div class='ocr_carea' id='block_1_4' title="bbox 241 2842 1461 2924">
    <p class='ocr_par' dir='ltr' id='par_1_4' title="bbox 241 2842 1461 2924">
     <span class='ocr_line' id='line_1_23' title="bbox 241 2842 1461 2924; baseline -0.001 -20"><span class='ocrx_word' id='word_1_173' title='bbox 241 2842 429 2894; x_wconf 63' lang='lat' dir='ltr'><strong>⁰⁰W⁰¹³⁰¹W</strong></span> <span class='ocrx_word' id='word_1_174' title='bbox 449 2851 557 2924; x_wconf 89' lang='lat' dir='ltr'><strong>oppida</strong></span> <span class='ocrx_word' id='word_1_175' title='bbox 571 2868 625 2906; x_wconf 86' lang='lat' dir='ltr'><strong>een</strong></span> <span class='ocrx_word' id='word_1_176' title='bbox 641 2867 829 2922; x_wconf 87' lang='lat' dir='ltr'><strong>quascunque</strong></span> <span class='ocrx_word' id='word_1_177' title='bbox 841 2849 1023 2921; x_wconf 88' lang='lat' dir='ltr'><strong>parochiales</strong></span> <span class='ocrx_word' id='word_1_178' title='bbox 1041 2853 1189 2921; x_wconf 79' lang='lat' dir='ltr'><strong>ponentur</strong></span> <span class='ocrx_word' id='word_1_179' title='bbox 1197 2847 1344 2915; x_wconf 87' lang='lat' dir='ltr'><strong>ecclesias,</strong></span> <span class='ocrx_word' id='word_1_180' title='bbox 1357 2848 1461 2905; x_wconf 88' lang='lat' dir='ltr'><strong>sedin</strong></span> 
     </span>
    </p>
   </div>
   <div class='ocr_carea' id='block_1_5' title="bbox 241 2892 1461 3006">
    <p class='ocr_par' dir='ltr' id='par_1_5' title="bbox 241 2892 1461 3006">
     <span class='ocr_line' id='line_1_24' title="bbox 241 2892 1461 3006; baseline -0.001 -16"><span class='ocrx_word' id='word_1_181' title='bbox 241 2892 320 2936; x_wconf 55' lang='grc' dir='ltr'>Μ</span> <span class='ocrx_word' id='word_1_182' title='bbox 410 2934 552 3006; x_wconf 87' lang='lat' dir='ltr'><strong>‘majori</strong></span> <span class='ocrx_word' id='word_1_183' title='bbox 577 2939 732 3000; x_wconf 85' lang='lat' dir='ltr'><strong>conventu,</strong></span> <span class='ocrx_word' id='word_1_184' title='bbox 758 2938 810 2989; x_wconf 88' lang='lat' dir='ltr'><strong>ant</strong></span> <span class='ocrx_word' id='word_1_185' title='bbox 827 2950 894 2988; x_wconf 90' lang='lat' dir='ltr'><strong>cum</strong></span> <span class='ocrx_word' id='word_1_186' title='bbox 911 2932 1059 3004; x_wconf 71' lang='lat' dir='ltr'><strong>aliquibus</strong></span> <span class='ocrx_word' id='word_1_187' title='bbox 1082 2932 1220 2988; x_wconf 82' lang='lat' dir='ltr'><strong>fratribus</strong></span> <span class='ocrx_word' id='word_1_188' title='bbox 1237 2939 1384 2999; x_wconf 86' lang='lat' dir='ltr'><strong>maneant,</strong></span> <span class='ocrx_word' id='word_1_189' title='bbox 1405 2950 1461 2989; x_wconf 89' lang='lat' dir='ltr'><strong>nac</strong></span> 
     </span>
    </p>
   </div>
   <div class='ocr_carea' id='block_1_6' title="bbox 409 3013 1614 3193">
    <p class='ocr_par' dir='ltr' id='par_1_6' title="bbox 409 3013 1614 3193">
     <span class='ocr_line' id='line_1_25' title="bbox 410 3013 1460 3086; baseline 0 -14"><span class='ocrx_word' id='word_1_190' title='bbox 410 3016 503 3073; x_wconf 79' lang='lat' dir='ltr'><strong>“soli</strong></span> <span class='ocrx_word' id='word_1_191' title='bbox 520 3016 599 3072; x_wconf 88' lang='lat' dir='ltr'><strong>iuter</strong></span> <span class='ocrx_word' id='word_1_192' title='bbox 616 3015 761 3071; x_wconf 86' lang='lat' dir='ltr'><strong>seculares</strong></span> <span class='ocrx_word' id='word_1_193' title='bbox 777 3014 911 3071; x_wconf 87' lang='lat' dir='ltr'><strong>hominos</strong></span> <span class='ocrx_word' id='word_1_194' title='bbox 929 3015 1127 3086; x_wconf 71' lang='lat' dir='ltr'><strong>spiritualium</strong></span> <span class='ocrx_word' id='word_1_195' title='bbox 1145 3013 1275 3071; x_wconf 90' lang='lat' dir='ltr'><strong>hostium</strong></span> <span class='ocrx_word' id='word_1_196' title='bbox 1292 3016 1460 3072; x_wconf 85' lang='lat' dir='ltr'><strong>conflictum</strong></span> 
     </span>
     <span class='ocr_line' id='line_1_26' title="bbox 409 3096 1614 3193; baseline 0.002 -40"><span class='ocrx_word' id='word_1_197' title='bbox 409 3102 430 3126; x_wconf 89' lang='lat'><strong>“</strong></span> <span class='ocrx_word' id='word_1_198' title='bbox 448 3103 611 3171; x_wconf 86' lang='lat' dir='ltr'><strong>expectent.</strong></span> <span class='ocrx_word' id='word_1_199' title='bbox 632 3097 788 3154; x_wconf 86' lang='lat' dir='ltr'><strong>Salomone</strong></span> <span class='ocrx_word' id='word_1_200' title='bbox 799 3096 924 3163; x_wconf 89' lang='lat' dir='ltr'><strong>dicente,</strong></span> <span class='ocrx_word' id='word_1_201' title='bbox 940 3098 1022 3193; x_wconf 47' lang='lat' dir='ltr'><strong>‘ivoe</strong></span> <span class='ocrx_word' id='word_1_202' title='bbox 1040 3097 1130 3193; x_wconf 41' lang='grc' dir='ltr'><strong>ιο.1ὶ,”Ι</strong></span> <span class='ocrx_word' id='word_1_203' title='bbox 1143 3104 1174 3154; x_wconf 91' lang='lat' dir='ltr'><strong>et</strong></span> <span class='ocrx_word' id='word_1_204' title='bbox 1190 3103 1305 3193; x_wconf 74' lang='lat' dir='ltr'><strong>cetera.</strong></span> <span class='ocrx_word' id='word_1_205' title='bbox 1344 3100 1377 3156; x_wconf 75' lang='lat' dir='ltr'><strong>Si</strong></span> <span class='ocrx_word' id='word_1_206' title='bbox 1395 3101 1460 3172; x_wconf 86' lang='lat' dir='ltr'><strong>quis</strong></span> <span class='ocrx_word' id='word_1_207' title='bbox 1472 3100 1614 3149; x_wconf 58' lang='lat' dir='ltr'><strong>mlv-1⁰·</strong></span> 
     </span>
    </p>
   </div>
   <div class='ocr_carea' id='block_1_7' title="bbox 236 3262 1564 4665">
    <p class='ocr_par' dir='ltr' id='par_1_7' title="bbox 236 3262 1564 4665">
     <span class='ocr_line' id='line_1_27' title="bbox 409 3262 1460 3336; baseline 0.001 -16"><span class='ocrx_word' id='word_1_208' title='bbox 409 3267 429 3293; x_wconf 79' lang='lat'><strong>‘⁴</strong></span> <span class='ocrx_word' id='word_1_209' title='bbox 449 3264 564 3320; x_wconf 78' lang='lat' dir='ltr'><strong>ordines</strong></span> <span class='ocrx_word' id='word_1_210' title='bbox 575 3280 634 3319; x_wconf 90' lang='lat' dir='ltr'><strong>non</strong></span> <span class='ocrx_word' id='word_1_211' title='bbox 651 3262 799 3320; x_wconf 85' lang='lat' dir='ltr'><strong>ascendat.</strong></span> <span class='ocrx_word' id='word_1_212' title='bbox 836 3264 868 3319; x_wconf 93' lang='lat' dir='ltr'><strong>Is</strong></span> <span class='ocrx_word' id='word_1_213' title='bbox 879 3268 978 3319; x_wconf 90' lang='lat' dir='ltr'><strong>autem</strong></span> <span class='ocrx_word' id='word_1_214' title='bbox 996 3264 1047 3336; x_wconf 86' lang='lat' dir='ltr'><strong>qni</strong></span> <span class='ocrx_word' id='word_1_215' title='bbox 1059 3281 1126 3321; x_wconf 89' lang='lat' dir='ltr'><strong>eum</strong></span> <span class='ocrx_word' id='word_1_216' title='bbox 1139 3263 1292 3336; x_wconf 79' lang='lat' dir='ltr'><strong>receperit,</strong></span> <span class='ocrx_word' id='word_1_217' title='bbox 1305 3265 1393 3320; x_wconf 88' lang='lat' dir='ltr'><strong>officii</strong></span> <span class='ocrx_word' id='word_1_218' title='bbox 1412 3266 1460 3322; x_wconf 88' lang='lat' dir='ltr'><strong>sui</strong></span> 
     </span>
     <span class='ocr_line' id='line_1_28' title="bbox 409 3345 1459 3419; baseline -0.004 -17"><span class='ocrx_word' id='word_1_219' title='bbox 409 3350 428 3375; x_wconf 91' lang='lat'><strong>“</strong></span> <span class='ocrx_word' id='word_1_220' title='bbox 449 3347 614 3419; x_wconf 81' lang='lat' dir='ltr'><strong>privatione</strong></span> <span class='ocrx_word' id='word_1_221' title='bbox 626 3347 793 3403; x_wconf 85' lang='lat' dir='ltr'><strong>mulctetur.</strong></span> <span class='ocrx_word' id='word_1_222' title='bbox 823 3345 855 3402; x_wconf 83' lang='lat' dir='ltr'><strong>Si</strong></span> <span class='ocrx_word' id='word_1_223' title='bbox 866 3365 936 3403; x_wconf 80' lang='lat' dir='ltr'><strong>vero</strong></span> <span class='ocrx_word' id='word_1_224' title='bbox 948 3347 1097 3418; x_wconf 77' lang='lat' dir='ltr'><strong>peculim</strong></span> <span class='ocrx_word' id='word_1_225' title='bbox 1108 3346 1254 3413; x_wconf 88' lang='lat' dir='ltr'><strong>habuerit,</strong></span> <span class='ocrx_word' id='word_1_226' title='bbox 1273 3347 1331 3403; x_wconf 86' lang='lat' dir='ltr'><strong>nisi</strong></span> <span class='ocrx_word' id='word_1_227' title='bbox 1348 3347 1385 3403; x_wconf 91' lang='lat' dir='ltr'><strong>ab</strong></span> <span class='ocrx_word' id='word_1_228' title='bbox 1409 3350 1459 3405; x_wconf 90' lang='lat' dir='ltr'><strong>ab.</strong></span> 
     </span>
     <span class='ocr_line' id='line_1_29' title="bbox 408 3431 1459 3503; baseline 0.001 -16"><span class='ocrx_word' id='word_1_229' title='bbox 408 3433 427 3460; x_wconf 79' lang='lat'><strong>‘⁴</strong></span> <span class='ocrx_word' id='word_1_230' title='bbox 446 3433 513 3488; x_wconf 91' lang='lat' dir='ltr'><strong>bate</strong></span> <span class='ocrx_word' id='word_1_231' title='bbox 531 3431 622 3488; x_wconf 81' lang='lat' dir='ltr'><strong>fuerit</strong></span> <span class='ocrx_word' id='word_1_232' title='bbox 638 3448 691 3503; x_wconf 91' lang='lat' dir='ltr'><strong>pro</strong></span> <span class='ocrx_word' id='word_1_233' title='bbox 708 3431 843 3502; x_wconf 87' lang='lat' dir='ltr'><strong>injuncta</strong></span> <span class='ocrx_word' id='word_1_234' title='bbox 860 3431 1116 3487; x_wconf 81' lang='lat' dir='ltr'><strong>administratione</strong></span> <span class='ocrx_word' id='word_1_235' title='bbox 1133 3431 1320 3502; x_wconf 88' lang='lat' dir='ltr'><strong>permissum,</strong></span> <span class='ocrx_word' id='word_1_236' title='bbox 1339 3449 1358 3487; x_wconf 93' lang='lat' dir='ltr'><strong>a</strong></span> <span class='ocrx_word' id='word_1_237' title='bbox 1381 3449 1459 3488; x_wconf 85' lang='lat' dir='ltr'><strong>ccm-</strong></span> 
     </span>
     <span class='ocr_line' id='line_1_30' title="bbox 408 3513 1459 3587; baseline 0.001 -17"><span class='ocrx_word' id='word_1_238' title='bbox 408 3517 428 3543; x_wconf 86' lang='lat'>“</span> <span class='ocrx_word' id='word_1_239' title='bbox 448 3515 585 3571; x_wconf 90' lang='lat' dir='ltr'><strong>munione</strong></span> <span class='ocrx_word' id='word_1_240' title='bbox 597 3518 783 3570; x_wconf 81' lang='lat' dir='ltr'><strong>removentur</strong></span> <span class='ocrx_word' id='word_1_241' title='bbox 795 3513 906 3569; x_wconf 88' lang='lat' dir='ltr'><strong>altaris.</strong></span> <span class='ocrx_word' id='word_1_242' title='bbox 943 3513 982 3568; x_wconf 84' lang='lat' dir='ltr'><strong>Et</strong></span> <span class='ocrx_word' id='word_1_243' title='bbox 994 3514 1045 3585; x_wconf 90' lang='lat' dir='ltr'><strong>qui</strong></span> <span class='ocrx_word' id='word_1_244' title='bbox 1062 3513 1095 3568; x_wconf 90' lang='lat' dir='ltr'><strong>in</strong></span> <span class='ocrx_word' id='word_1_245' title='bbox 1107 3514 1247 3570; x_wconf 85' lang='lat' dir='ltr'><strong>extremis</strong></span> <span class='ocrx_word' id='word_1_246' title='bbox 1258 3532 1325 3570; x_wconf 91' lang='lat' dir='ltr'><strong>cum</strong></span> <span class='ocrx_word' id='word_1_247' title='bbox 1342 3514 1459 3587; x_wconf 86' lang='lat' dir='ltr'><strong>peculio</strong></span> 
     </span>
     <span class='ocr_line' id='line_1_31' title="bbox 407 3594 1459 3667; baseline 0 -12"><span class='ocrx_word' id='word_1_248' title='bbox 407 3601 427 3627; x_wconf 80' lang='lat'><strong>‘⁸</strong></span> <span class='ocrx_word' id='word_1_249' title='bbox 447 3600 583 3655; x_wconf 81' lang='lat' dir='ltr'><strong>inventus</strong></span> <span class='ocrx_word' id='word_1_250' title='bbox 605 3596 706 3662; x_wconf 83' lang='lat' dir='ltr'><strong>fuerit,</strong></span> <span class='ocrx_word' id='word_1_251' title='bbox 725 3615 780 3653; x_wconf 91' lang='lat' dir='ltr'><strong>nec</strong></span> <span class='ocrx_word' id='word_1_252' title='bbox 804 3594 930 3653; x_wconf 85' lang='lat' dir='ltr'><strong>oblatio¹</strong></span> <span class='ocrx_word' id='word_1_253' title='bbox 958 3612 1011 3667; x_wconf 90' lang='lat' dir='ltr'><strong>pro</strong></span> <span class='ocrx_word' id='word_1_254' title='bbox 1029 3613 1064 3652; x_wconf 90' lang='lat' dir='ltr'><strong>eo</strong></span> <span class='ocrx_word' id='word_1_255' title='bbox 1091 3596 1152 3666; x_wconf 84' lang='lat' dir='ltr'><strong>fiat,</strong></span> <span class='ocrx_word' id='word_1_256' title='bbox 1171 3614 1227 3653; x_wconf 90' lang='lat' dir='ltr'><strong>nec</strong></span> <span class='ocrx_word' id='word_1_257' title='bbox 1251 3597 1330 3653; x_wconf 88' lang='lat' dir='ltr'><strong>inter</strong></span> <span class='ocrx_word' id='word_1_258' title='bbox 1353 3598 1459 3655; x_wconf 81' lang='lat' dir='ltr'><strong>fratres</strong></span> 
     </span>
     <span class='ocr_line' id='line_1_32' title="bbox 407 3679 1459 3756; baseline 0 -18"><span class='ocrx_word' id='word_1_259' title='bbox 407 3685 426 3711; x_wconf 90' lang='lat'>“</span> <span class='ocrx_word' id='word_1_260' title='bbox 447 3682 572 3756; x_wconf 89' lang='lat' dir='ltr'><strong>accipiat</strong></span> <span class='ocrx_word' id='word_1_261' title='bbox 608 3681 798 3754; x_wconf 85' lang='lat' dir='ltr'><strong>sepulturam.</strong></span> <span class='ocrx_word' id='word_1_262' title='bbox 852 3679 937 3749; x_wconf 82' lang='lat' dir='ltr'><strong>Quod</strong></span> <span class='ocrx_word' id='word_1_263' title='bbox 967 3680 1058 3736; x_wconf 88' lang='lat' dir='ltr'><strong>etiam</strong></span> <span class='ocrx_word' id='word_1_264' title='bbox 1087 3680 1125 3737; x_wconf 89' lang='lat' dir='ltr'><strong>de</strong></span> <span class='ocrx_word' id='word_1_265' title='bbox 1155 3680 1279 3737; x_wconf 86' lang='lat' dir='ltr'><strong>diversis</strong></span> <span class='ocrx_word' id='word_1_266' title='bbox 1311 3681 1459 3753; x_wconf 80' lang='lat' dir='ltr'><strong>religiosis</strong></span> 
     </span>
     <span class='ocr_line' id='line_1_33' title="bbox 409 3763 1458 3859; baseline -0.003 -36"><span class='ocrx_word' id='word_1_267' title='bbox 409 3769 429 3794; x_wconf 76' lang='lat'><strong>‘⁶</strong></span> <span class='ocrx_word' id='word_1_268' title='bbox 448 3766 635 3839; x_wconf 72' lang='lat' dir='ltr'><strong>precipimus</strong></span> <span class='ocrx_word' id='word_1_269' title='bbox 652 3764 808 3822; x_wconf 81' lang='lat' dir='ltr'><strong>observari</strong></span> <span class='ocrx_word' id='word_1_270' title='bbox 844 3764 945 3820; x_wconf 78' lang='lat' dir='ltr'><strong>Abbas</strong></span> <span class='ocrx_word' id='word_1_271' title='bbox 963 3767 1072 3831; x_wconf 88' lang='lat' dir='ltr'><strong>autem,</strong></span> <span class='ocrx_word' id='word_1_272' title='bbox 1087 3763 1137 3835; x_wconf 89' lang='lat' dir='ltr'><strong>qui</strong></span> <span class='ocrx_word' id='word_1_273' title='bbox 1149 3764 1309 3859; x_wconf 83' lang='lat' dir='ltr'><strong>diligenter</strong></span> <span class='ocrx_word' id='word_1_274' title='bbox 1325 3763 1383 3820; x_wconf 85' lang='lat' dir='ltr'><strong>ista</strong></span> <span class='ocrx_word' id='word_1_275' title='bbox 1398 3782 1458 3820; x_wconf 91' lang='lat' dir='ltr'><strong>non</strong></span> 
     </span>
     <span class='ocr_line' id='line_1_34' title="bbox 407 3846 1458 3921; baseline -0.003 -14.884"><span class='ocrx_word' id='word_1_276' title='bbox 407 3849 604 3915; x_wconf 69' lang='lat' dir='ltr'><strong>“curaverit</strong></span> <span class='ocrx_word' id='word_1_277' title='bbox 623 3848 710 3904; x_wconf 85' lang='lat' dir='ltr'><strong>officii</strong></span> <span class='ocrx_word' id='word_1_278' title='bbox 729 3847 775 3904; x_wconf 89' lang='lat' dir='ltr'><strong>sui</strong></span> <span class='ocrx_word' id='word_1_279' title='bbox 798 3848 945 3921; x_wconf 87' lang='lat' dir='ltr'><strong>jacturam</strong></span> <span class='ocrx_word' id='word_1_280' title='bbox 970 3863 1002 3904; x_wconf 85' lang='lat' dir='ltr'><strong>sc</strong></span> <span class='ocrx_word' id='word_1_281' title='bbox 1020 3848 1136 3903; x_wconf 87' lang='lat' dir='ltr'><strong>noverit</strong></span> <span class='ocrx_word' id='word_1_282' title='bbox 1160 3846 1356 3903; x_wconf 74' lang='lat' dir='ltr'><strong>mcursurum.</strong></span> <span class='ocrx_word' id='word_1_283' title='bbox 1394 3848 1458 3903; x_wconf 86' lang='lat' dir='ltr'><strong>Pri·</strong></span> 
     </span>
     <span class='ocr_line' id='line_1_35' title="bbox 238 3929 1456 4005; baseline 0.001 -20"><span class='ocrx_word' id='word_1_284' title='bbox 238 3940 294 3986; x_wconf 81' lang='lat' dir='ltr'><strong>lton</strong></span> <span class='ocrx_word' id='word_1_285' title='bbox 332 3935 415 3985; x_wconf 85' lang='lat' dir='ltr'><strong>not</strong></span> <span class='ocrx_word' id='word_1_286' title='bbox 418 3936 547 3989; x_wconf 90' lang='lat' dir='ltr'><strong>‘oratus</strong></span> <span class='ocrx_word' id='word_1_287' title='bbox 572 3936 705 4005; x_wconf 73' lang='lat' dir='ltr'><strong>quoque¹</strong></span> <span class='ocrx_word' id='word_1_288' title='bbox 729 3949 782 3987; x_wconf 91' lang='lat' dir='ltr'><strong>seu</strong></span> <span class='ocrx_word' id='word_1_289' title='bbox 800 3929 976 3987; x_wconf 69' lang='lat' dir='ltr'><strong>obedientie</strong></span> <span class='ocrx_word' id='word_1_290' title='bbox 1001 3930 1088 4003; x_wconf 89' lang='lat' dir='ltr'><strong>pretii</strong></span> <span class='ocrx_word' id='word_1_291' title='bbox 1107 3930 1166 3985; x_wconf 85' lang='lat' dir='ltr'><strong>dat’</strong></span> <span class='ocrx_word' id='word_1_292' title='bbox 1146 3935 1224 3985; x_wconf 75' lang='lat' dir='ltr'><strong>tione</strong></span> <span class='ocrx_word' id='word_1_293' title='bbox 1241 3930 1317 3985; x_wconf 87' lang='lat' dir='ltr'><strong>nulli</strong></span> <span class='ocrx_word' id='word_1_294' title='bbox 1339 3931 1456 3986; x_wconf 88' lang='lat' dir='ltr'><strong>tradan-</strong></span> 
     </span>
     <span class='ocr_line' id='line_1_36' title="bbox 237 3992 1457 4087; baseline -0.003 -14"><span class='ocrx_word' id='word_1_295' title='bbox 237 3992 379 4087; x_wconf 46' lang='grc' dir='ltr'><strong>ΜΘΝ</strong></span> <span class='ocrx_word' id='word_1_296' title='bbox 406 4018 512 4081; x_wconf 78' lang='lat' dir='ltr'><strong>“3tur</strong></span> <span class='ocrx_word' id='word_1_297' title='bbox 537 4014 668 4087; x_wconf 89' lang='lat' dir='ltr'><strong>alioquin</strong></span> <span class='ocrx_word' id='word_1_298' title='bbox 693 4020 724 4071; x_wconf 95' lang='lat' dir='ltr'><strong>et</strong></span> <span class='ocrx_word' id='word_1_299' title='bbox 749 4013 853 4071; x_wconf 75' lang='lat' dir='ltr'><strong>dantes</strong></span> <span class='ocrx_word' id='word_1_300' title='bbox 881 4018 911 4068; x_wconf 88' lang='lat' dir='ltr'><strong>et</strong></span> <span class='ocrx_word' id='word_1_301' title='bbox 938 4012 1114 4084; x_wconf 76' lang='lat' dir='ltr'><strong>accipientes</strong></span> <span class='ocrx_word' id='word_1_302' title='bbox 1142 4030 1160 4067; x_wconf 90' lang='lat' dir='ltr'><strong>a</strong></span> <span class='ocrx_word' id='word_1_303' title='bbox 1184 4012 1346 4069; x_wconf 81' lang='lat' dir='ltr'><strong>ministerio</strong></span> <span class='ocrx_word' id='word_1_304' title='bbox 1384 4014 1457 4069; x_wconf 88' lang='lat' dir='ltr'><strong>fiant</strong></span> 
     </span>
     <span class='ocr_line' id='line_1_37' title="bbox 237 4092 1458 4156; baseline -0.004 0"><span class='ocrx_word' id='word_1_305' title='bbox 237 4092 415 4142; x_wconf 52' lang='lat' dir='ltr'><strong>commum</strong></span> <span class='ocrx_word' id='word_1_306' title='bbox 419 4096 644 4156; x_wconf 89' lang='lat' dir='ltr'><strong>‘ecclesiastico</strong></span> <span class='ocrx_word' id='word_1_307' title='bbox 668 4095 765 4152; x_wconf 82' lang='lat' dir='ltr'><strong>alieni.</strong></span> <span class='ocrx_word' id='word_1_308' title='bbox 800 4093 918 4150; x_wconf 83' lang='lat' dir='ltr'><strong>Priores</strong></span> <span class='ocrx_word' id='word_1_309' title='bbox 942 4100 1041 4150; x_wconf 86' lang='lat' dir='ltr'><strong>autem</strong></span> <span class='ocrx_word' id='word_1_310' title='bbox 1067 4112 1135 4150; x_wconf 92' lang='lat' dir='ltr'><strong>cum</strong></span> <span class='ocrx_word' id='word_1_311' title='bbox 1159 4093 1191 4149; x_wconf 86' lang='lat' dir='ltr'><strong>in</strong></span> <span class='ocrx_word' id='word_1_312' title='bbox 1218 4095 1458 4152; x_wconf 76' lang='lat' dir='ltr'><strong>conventualibus</strong></span> 
     </span>
     <span class='ocr_line' id='line_1_38' title="bbox 236 4142 1457 4249; baseline -0.002 -13"><span class='ocrx_word' id='word_1_313' title='bbox 236 4142 382 4238; x_wconf 48' lang='lat' dir='ltr'><strong>infligam</strong></span> <span class='ocrx_word' id='word_1_314' title='bbox 407 4184 427 4211; x_wconf 89' lang='lat'><strong>“</strong></span> <span class='ocrx_word' id='word_1_315' title='bbox 446 4181 579 4238; x_wconf 88' lang='lat' dir='ltr'><strong>ecclesiis</strong></span> <span class='ocrx_word' id='word_1_316' title='bbox 596 4179 707 4236; x_wconf 83' lang='lat' dir='ltr'><strong>fuerint</strong></span> <span class='ocrx_word' id='word_1_317' title='bbox 725 4177 891 4243; x_wconf 87' lang='lat' dir='ltr'><strong>constituti,</strong></span> <span class='ocrx_word' id='word_1_318' title='bbox 910 4176 972 4233; x_wconf 85' lang='lat' dir='ltr'><strong>nisi</strong></span> <span class='ocrx_word' id='word_1_319' title='bbox 984 4193 1039 4249; x_wconf 87' lang='lat' dir='ltr'><strong>pro</strong></span> <span class='ocrx_word' id='word_1_320' title='bbox 1063 4176 1219 4233; x_wconf 86' lang='lat' dir='ltr'><strong>manifesta</strong></span> <span class='ocrx_word' id='word_1_321' title='bbox 1235 4183 1266 4233; x_wconf 93' lang='lat' dir='ltr'><strong>et</strong></span> <span class='ocrx_word' id='word_1_322' title='bbox 1288 4177 1457 4233; x_wconf 89' lang='lat' dir='ltr'><strong>rationabili</strong></span> 
     </span>
     <span class='ocr_line' id='line_1_39' title="bbox 406 4259 1456 4333; baseline -0.007 -10"><span class='ocrx_word' id='word_1_323' title='bbox 406 4268 425 4294; x_wconf 84' lang='lat'><strong>“</strong></span> <span class='ocrx_word' id='word_1_324' title='bbox 444 4283 533 4322; x_wconf 89' lang='lat' dir='ltr'><strong>causa</strong></span> <span class='ocrx_word' id='word_1_325' title='bbox 548 4281 608 4320; x_wconf 90' lang='lat' dir='ltr'><strong>non</strong></span> <span class='ocrx_word' id='word_1_326' title='bbox 625 4266 784 4328; x_wconf 85' lang='lat' dir='ltr'><strong>mutentur,</strong></span> <span class='ocrx_word' id='word_1_327' title='bbox 804 4259 943 4317; x_wconf 82' lang='lat' dir='ltr'><strong>videlicet</strong></span> <span class='ocrx_word' id='word_1_328' title='bbox 960 4259 986 4316; x_wconf 91' lang='lat' dir='ltr'><strong>si</strong></span> <span class='ocrx_word' id='word_1_329' title='bbox 1003 4259 1214 4333; x_wconf 76' lang='lat' dir='ltr'><strong>dilapidatores</strong></span> <span class='ocrx_word' id='word_1_330' title='bbox 1232 4261 1351 4325; x_wconf 81' lang='lat' dir='ltr'><strong>suerint,</strong></span> <span class='ocrx_word' id='word_1_331' title='bbox 1370 4260 1396 4315; x_wconf 91' lang='lat' dir='ltr'><strong>si</strong></span> <span class='ocrx_word' id='word_1_332' title='bbox 1413 4261 1456 4316; x_wconf 91' lang='lat' dir='ltr'><strong>in·</strong></span> 
     </span>
     <span class='ocr_line' id='line_1_40' title="bbox 405 4342 1457 4416; baseline -0.004 -12"><span class='ocrx_word' id='word_1_333' title='bbox 405 4353 426 4378; x_wconf 79' lang='lat'><strong>‘⁶</strong></span> <span class='ocrx_word' id='word_1_334' title='bbox 445 4348 631 4404; x_wconf 86' lang='lat' dir='ltr'><strong>continenter</strong></span> <span class='ocrx_word' id='word_1_335' title='bbox 645 4344 784 4410; x_wconf 81' lang='lat' dir='ltr'><strong>vixerint,</strong></span> <span class='ocrx_word' id='word_1_336' title='bbox 811 4349 862 4400; x_wconf 90' lang='lat' dir='ltr'><strong>aut</strong></span> <span class='ocrx_word' id='word_1_337' title='bbox 888 4343 1000 4415; x_wconf 88' lang='lat' dir='ltr'><strong>aliquid</strong></span> <span class='ocrx_word' id='word_1_338' title='bbox 1017 4342 1076 4399; x_wconf 88' lang='lat' dir='ltr'><strong>tale</strong></span> <span class='ocrx_word' id='word_1_339' title='bbox 1093 4343 1210 4415; x_wconf 82' lang='lat' dir='ltr'><strong>egerint</strong></span> <span class='ocrx_word' id='word_1_340' title='bbox 1225 4361 1279 4416; x_wconf 87' lang='lat' dir='ltr'><strong>pro</strong></span> <span class='ocrx_word' id='word_1_341' title='bbox 1304 4360 1362 4414; x_wconf 89' lang='lat' dir='ltr'><strong>quo</strong></span> <span class='ocrx_word' id='word_1_342' title='bbox 1379 4361 1457 4400; x_wconf 87' lang='lat' dir='ltr'><strong>amo-</strong></span> 
     </span>
     <span class='ocr_line' id='line_1_41' title="bbox 406 4425 1456 4498; baseline -0.003 -11"><span class='ocrx_word' id='word_1_343' title='bbox 406 4435 426 4461; x_wconf 89' lang='lat'><strong>“</strong></span> <span class='ocrx_word' id='word_1_344' title='bbox 442 4431 530 4487; x_wconf 83' lang='lat' dir='ltr'><strong>vendi</strong></span> <span class='ocrx_word' id='word_1_345' title='bbox 548 4428 655 4485; x_wconf 91' lang='lat' dir='ltr'><strong>merito</strong></span> <span class='ocrx_word' id='word_1_346' title='bbox 671 4428 838 4492; x_wconf 79' lang='lat' dir='ltr'><strong>videantur,</strong></span> <span class='ocrx_word' id='word_1_347' title='bbox 858 4431 910 4481; x_wconf 89' lang='lat' dir='ltr'><strong>aut</strong></span> <span class='ocrx_word' id='word_1_348' title='bbox 927 4427 953 4481; x_wconf 91' lang='lat' dir='ltr'><strong>si</strong></span> <span class='ocrx_word' id='word_1_349' title='bbox 971 4425 1062 4481; x_wconf 88' lang='lat' dir='ltr'><strong>etiam</strong></span> <span class='ocrx_word' id='word_1_350' title='bbox 1079 4444 1133 4498; x_wconf 87' lang='lat' dir='ltr'><strong>pro</strong></span> <span class='ocrx_word' id='word_1_351' title='bbox 1150 4426 1323 4483; x_wconf 85' lang='lat' dir='ltr'><strong>necessitate</strong></span> <span class='ocrx_word' id='word_1_352' title='bbox 1334 4426 1456 4498; x_wconf 86' lang='lat' dir='ltr'><strong>majoris</strong></span> 
     </span>
     <span class='ocr_line' id='line_1_42' title="bbox 405 4508 1215 4570; baseline -0.007 -0.737"><span class='ocrx_word' id='word_1_353' title='bbox 405 4513 533 4570; x_wconf 79' lang='lat' dir='ltr'><strong>“officii</strong></span> <span class='ocrx_word' id='word_1_354' title='bbox 550 4513 587 4568; x_wconf 95' lang='lat' dir='ltr'><strong>de</strong></span> <span class='ocrx_word' id='word_1_355' title='bbox 604 4509 726 4568; x_wconf 87' lang='lat' dir='ltr'><strong>consilio</strong></span> <span class='ocrx_word' id='word_1_356' title='bbox 744 4511 869 4566; x_wconf 85' lang='lat' dir='ltr'><strong>fratrum</strong></span> <span class='ocrx_word' id='word_1_357' title='bbox 887 4509 997 4565; x_wconf 71' lang='lat' dir='ltr'><strong>luerint</strong></span> <span class='ocrx_word' id='word_1_358' title='bbox 1013 4508 1215 4565; x_wconf 82' lang='lat' dir='ltr'><strong>transferendi</strong></span> 
     </span>
     <span class='ocr_line' id='line_1_43' title="bbox 442 4591 1564 4665; baseline -0.007 -13.72"><span class='ocrx_word' id='word_1_359' title='bbox 442 4594 564 4651; x_wconf 84' lang='lat' dir='ltr'>“.XIV</span> <span class='ocrx_word' id='word_1_360' title='bbox 584 4594 668 4650; x_wconf 82' lang='lat' dir='ltr'><strong>Sicut</strong></span> <span class='ocrx_word' id='word_1_361' title='bbox 691 4594 735 4650; x_wconf 90' lang='lat' dir='ltr'><strong>ait</strong></span> <span class='ocrx_word' id='word_1_362' title='bbox 757 4594 859 4650; x_wconf 88' lang='lat' dir='ltr'><strong>beatus</strong></span> <span class='ocrx_word' id='word_1_363' title='bbox 883 4592 952 4658; x_wconf 84' lang='lat' dir='ltr'><strong>Leo,</strong></span> <span class='ocrx_word' id='word_1_364' title='bbox 971 4592 1043 4648; x_wconf 89' lang='lat' dir='ltr'><strong>licet</strong></span> <span class='ocrx_word' id='word_1_365' title='bbox 1066 4591 1265 4649; x_wconf 87' lang='lat' dir='ltr'><strong>ecclesiastica</strong></span> <span class='ocrx_word' id='word_1_366' title='bbox 1288 4592 1453 4665; x_wconf 89' lang='lat' dir='ltr'><strong>disciplina,</strong></span> <span class='ocrx_word' id='word_1_367' title='bbox 1468 4592 1564 4644; x_wconf 78' lang='lat' dir='ltr'><strong>Bened</strong></span> 
     </span>
    </p>
   </div>
   <div class='ocr_carea' id='block_1_8' title="bbox 404 4658 1553 4749">
    <p class='ocr_par' dir='ltr' id='par_1_8' title="bbox 404 4658 1553 4749">
     <span class='ocr_line' id='line_1_44' title="bbox 404 4658 1553 4749; baseline -0.005 -12.782"><span class='ocrx_word' id='word_1_368' title='bbox 404 4677 617 4736; x_wconf 83' lang='lat' dir='ltr'><strong>“sacerdotali</strong></span> <span class='ocrx_word' id='word_1_369' title='bbox 656 4681 795 4733; x_wconf 89' lang='lat' dir='ltr'><strong>contenta</strong></span> <span class='ocrx_word' id='word_1_370' title='bbox 826 4676 948 4749; x_wconf 89' lang='lat' dir='ltr'><strong>judicio,</strong></span> <span class='ocrx_word' id='word_1_371' title='bbox 985 4682 1123 4732; x_wconf 88' lang='lat' dir='ltr'><strong>cruentas</strong></span> <span class='ocrx_word' id='word_1_372' title='bbox 1158 4676 1284 4748; x_wconf 82' lang='lat' dir='ltr'><strong>effugiat</strong></span> <span class='ocrx_word' id='word_1_373' title='bbox 1317 4677 1455 4746; x_wconf 89' lang='lat' dir='ltr'><strong>ultiones,</strong></span> <span class='ocrx_word' id='word_1_374' title='bbox 1466 4658 1553 4711; x_wconf 49' lang='lat'><strong>²²²⁸·</strong></span> 
     </span>
    </p>
   </div>
   <div class='ocr_carea' id='block_1_9' title="bbox 436 4835 1312 4907">
    <p class='ocr_par' dir='ltr' id='par_1_9' title="bbox 436 4835 1312 4907">
     <span class='ocr_line' id='line_1_45' title="bbox 436 4835 1312 4907; baseline -0.005 -15"><span class='ocrx_word' id='word_1_375' title='bbox 436 4838 563 4907; x_wconf 74' lang='grc' dir='ltr'><strong>ιιιῑαιίο]</strong></span> <span class='ocrx_word' id='word_1_376' title='bbox 578 4839 662 4901; x_wconf 90' lang='lat' dir='ltr'><strong>obolo,</strong></span> <span class='ocrx_word' id='word_1_377' title='bbox 675 4839 706 4892; x_wconf 84' lang='lat' dir='ltr'><strong>C.</strong></span> <span class='ocrx_word' id='word_1_378' title='bbox 928 4837 933 4904; x_wconf 90' lang='grc' dir='ltr'>Ι</span> <span class='ocrx_word' id='word_1_379' title='bbox 980 4835 1114 4903; x_wconf 74' lang='lat' dir='ltr'><strong>²qaepue]</strong></span> <span class='ocrx_word' id='word_1_380' title='bbox 1128 4836 1222 4902; x_wconf 84' lang='lat' dir='ltr'><strong>itaque,</strong></span> <span class='ocrx_word' id='word_1_381' title='bbox 1233 4837 1268 4889; x_wconf 73' lang='lat' dir='ltr'><strong>A.</strong></span> <span class='ocrx_word' id='word_1_382' title='bbox 1279 4837 1312 4888; x_wconf 88' lang='lat' dir='ltr'><strong>B.</strong></span> 
     </span>
    </p>
   </div>
   <div class='ocr_carea' id='block_1_10' title="bbox 0 0 1828 5720">
    <p class='ocr_par' dir='ltr' id='par_1_10' title="bbox 0 0 1828 5720">
     <span class='ocr_line' id='line_1_46' title="bbox 0 0 1828 5720; baseline 0 1"><span class='ocrx_word' id='word_1_383' title='bbox 0 0 1828 5720; x_wconf 95' lang='lat' dir='ltr'><strong> </strong></span> 
     </span>
    </p>
   </div>
  </div>
 </body>
</html>
