3572 5744
396 780 440 845 60
595 797 758 848 oravisti
780 798 941 849 nonaum
963 795 1236 849 oarrunnrrrsts

245 994 369 1090 Aplgffiffl'
396 985 415 1091 Ξῖ
433 987 660 1081 praesumpserit,
679 987 911 1059 indignationem
929 988 1136 1083 omnipotentis
1160 988 1214 1084 liei
1241 994 1271 1043 et
1297 986 1448 1042 beaterum

284 1130 288 1139 ·
395 1151 414 1178 ι
432 1066 1011 1221 tetrartemoria
1161 1088 1354 1127 ffirm-
1390 1070 1446 1126 ¹³*

244 1425 368 1474 annas
581 1404 711 1464 mttere
733 1405 839 1463 Ueteri
854 1405 887 1462 de
903 1405 1072 1463 reatitstioae
1088 1405 1250 1463 obhtorwn.

117 1568 124 1584 .
213 1478 341 1581 'lhgoolol
430 1529 593 1586 “Urbanus
618 1530 898 1603 episcopusservus
922 1547 1071 1586 servorum
1099 1529 1163 1597 Dei,
1182 1528 1343 1586 venerabili
1362 1529 1448 1585 fratri

221 1590 344 1689 iffffl
394 1614 412 1637 “
431 1611 600 1669 Baldevvino
613 1611 816 1669 cantuariensi
827 1612 1053 1685 arehiepisoope,
1065 1612 1233 1685 apostolieae
1250 1612 1327 1669 aedis
1339 1612 1445 1684 legato,

221 1682 379 1776 ffiffiffi
394 1695 412 1719 “
431 1695 555 1750 salutem
573 1700 604 1750 et
621 1695 808 1767 apostolicam
826 1694 1069 1752 benedictionem.
1105 1694 1139 1752 si
1165 1712 1259 1767 usque
1284 1695 1371 1752 modo
1389 1696 1447 1752 ira·

222 1781 353 1826 tenantur.
391 1778 411 1803 “
430 1777 563 1832 temiteti
581 1783 639 1833 tuae
657 1777 825 1844 detulimus,
844 1783 883 1844 et,
903 1778 973 1835 lieet
989 1777 1138 1851 provocati
1150 1779 1321 1850 plurimum,
1340 1795 1447 1851 neque·

392 1862 410 1887 “
429 1879 516 1934 quem
534 1866 634 1917 tamen
657 1862 848 1933 prooessimus
866 1862 899 1916 in
923 1879 1082 1934 gravamen
1108 1866 1204 1928 tuum,
1223 1863 1276 1917 illa
1299 1860 1459 1935 praecipua·

391 1946 409 1970 ‘⁴
429 1955 515 2000 eausa
531 1945 589 2001 fuit
605 1945 694 2017 quod,
713 1962 781 2001 oum
798 1945 845 2002 vir
861 1945 1014 2017 religionis
1032 1945 1122 2002 fueris
1141 1950 1172 2002 et
1189 1945 1309 2012 ordinis,
1329 1951 1360 2002 et
1368 1962 1447 2001 nune

391 2030 410 2054 “
429 2028 460 2082 in
477 2029 599 2084 ecelesia
616 2029 671 2084 Dei
689 2028 726 2084 ad
743 2046 891 2084 summum
909 2028 1064 2100 dignitatis
1075 2030 1193 2102 ,apieem
1211 2030 1252 2085 sis
1269 2034 1444 2101 assumptus,

391 2113 409 2137 ‘¹
429 2130 479 2167 eor
495 2119 579 2168 tuum
597 2113 634 2169 ab
652 2112 839 2185 oppressione
856 2119 1019 2170 conventus
1036 2113 1199 2171 commisse
1226 2113 1281 2170 tibi
1307 2113 1444 2181 eoelesiae,

391 2198 410 2221 ‘¹
429 2197 484 2251 etsi
501 2215 560 2259 nou
577 2214 630 2269 pro
648 2202 747 2253 nostra
763 2196 936 2264 reverentia,
956 2214 1043 2269 quam
1070 2197 1157 2254 aliter
1181 2215 1270 2270 quam
1291 2202 1321 2253 te
1345 2196 1447 2254 deeset

390 2281 409 2305 ‘⁴
428 2281 508 2337 visus
525 2299 557 2337 es
574 2281 607 2336 in
623 2281 680 2337 hoo
696 2280 913 2352 contempsisse,
932 2282 1038 2338 saltem
1059 2287 1140 2338 metu
1158 2281 1335 2338 credidimus
1352 2280 1446 2337 divini
1502 2294 1507 2299 “

390 2365 409 2388 “
424 2363 529 2436 judieii
545 2363 756 2431 revocandum
780 2364 961 2435 speravimus
986 2364 1133 2436 equidem,
1153 2371 1184 2420 et
1201 2363 1341 2420 suadente
1362 2362 1447 2419 nobis

390 2449 408 2472 ‘⁶
428 2448 613 2515 conscientie,
633 2448 830 2515 credebamus,
850 2447 928 2519 quod
951 2454 1106 2520 postquam
1123 2448 1208 2504 illum
1226 2465 1313 2520 quem
1330 2447 1446 2520 optines

390 2533 408 2557 ‘⁶
428 2531 458 2586 iu
474 2531 639 2604 Anglioaua
656 2531 777 2588 eeclesia
800 2531 943 2587 celebrem
959 2532 1057 2587 loeum
1074 2530 1196 2604 adeptus
1214 2548 1300 2598 esses,
1319 2536 1353 2586 tu
1378 2530 1444 2585 ebe·

390 2617 408 2641 ‘⁶
428 2616 547 2672 dientiae
561 2621 591 2671 et
607 2613 777 2672 reverentie
794 2620 984 2672 saerosauetee
1002 2613 1065 2670 aedi
1076 2614 1243 2687 apostoliae
1261 2614 1298 2669 ab
1311 2613 1445 2670 omnibus

390 2703 407 2726 “
428 2700 499 2756 viris
510 2700 713 2757 ecelesiasticis
730 2698 900 2755 exhibendae
917 2700 1013 2755 forme
1029 2698 1113 2754 fieres
1131 2697 1197 2754 aliis
1214 2703 1245 2754 et
1262 2697 1442 2770 exemplum:

390 2786 408 2808 “
427 2784 505 2839 unde
522 2791 553 2840 te
570 2785 648 2841 eirea
664 2789 772 2839 uostrae
790 2788 821 2838 et
837 2788 897 2839 tuae
914 2782 1024 2855 pariter
1041 2781 1233 2857 promotionis
1250 2780 1338 2837 initia
1353 2780 1443 2837 inusi-

390 2869 408 2891 “
428 2874 489 2923 teto
506 2867 646 2925 haetenus
664 2873 695 2923 et
718 2885 794 2923 novo
819 2866 907 2922 modo
931 2867 1098 2924 oumvimus
1123 2867 1275 2933 honorare,
1294 2865 1444 2921 eredentes

390 2951 409 2974 ‘⁴
428 2956 481 3006 rios
500 2969 553 3025 pro
570 2952 679 3007 honore
691 2955 790 3006 nostru
807 2950 936 3006 eeclesiae
949 2951 1045 3007 virum
1063 2949 1263 3007 fidelissimum
1281 2948 1442 3015 invenisse;

391 3036 409 3060 ‘⁶
428 3035 489 3101 sed,
509 3035 587 3107 quod
603 3037 667 3091 sine
691 3034 776 3106 gravi
793 3033 987 3090 admiratione
1004 3051 1064 3089 non
1084 3033 1218 3100 dicimus,
1238 3033 1370 3089 frustrati
1397 3050 1443 3089 su·

390 3119 409 3142 “
428 3136 493 3173 mus
504 3119 536 3173 in
548 3116 774 3190 eogitetionibus
786 3119 904 3185 nostris,
923 3122 954 3174 et
970 3136 1058 3191 quern
1076 3117 1168 3173 fidum
1185 3122 1313 3174 tutorem
1324 3116 1443 3173 honoris

390 3208 409 3233 ‘¹
428 3207 522 3262 nostri
539 3225 603 3263 esse
629 3204 816 3272 eredidimus,
835 3223 914 3263 nuno
939 3206 971 3261 iu
995 3206 1135 3263 membris
1161 3205 1270 3262 nostris
1294 3223 1443 3278 oppugua-

389 3292 409 3316 “
427 3294 521 3345 torem
539 3291 693 3346 sentimus.
728 3288 905 3344 Multooieua
923 3289 1002 3345 enim
1021 3282 1189 3362 pro'quiete
1208 3290 1333 3344 fratrum
1351 3288 1442 3345 eoele-

390 3376 408 3400 “
427 3374 479 3429 sias
514 3372 569 3429 tibi
603 3373 768 3429 commisere
786 3373 902 3429 litteras
936 3378 1052 3429 nostras
1088 3373 1312 3440 transmisimus,
1343 3380 1377 3429 ut
1406 3375 1443 3431 ab

389 3457 407 3482 “
427 3474 528 3512 eorum
556 3456 767 3530 inquietatione
785 3455 948 3524 desisteres,
966 3463 997 3512 et
1020 3456 1089 3528 jura
1113 3456 1241 3528 ipsorum
1258 3455 1363 3511 saltem
1390 3474 1443 3529 pro

387 3543 406 3567 “
427 3540 705 3617 nostrarevereutia
722 3558 781 3596 non
798 3540 939 3596 turbares.
978 3539 1036 3596 Sed
1063 3544 1096 3595 tu
1122 3558 1181 3595 non
1208 3539 1302 3596 solum
1329 3539 1361 3595 in
1387 3539 1443 3596 hoo

217 3629 369 3676 Henaton·
388 3625 407 3650 ‘⁴
426 3625 477 3680 sed
506 3625 598 3680 etiam
622 3625 654 3680 in
681 3623 759 3691 aliis,
786 3624 863 3680 siout
887 3624 995 3697 ubique
1021 3625 1100 3680 lama
1126 3622 1299 3697 divulgante
1320 3624 1381 3681 fere
1405 3625 1442 3681 ab

217 3682 365 3787 Qtfflys'
387 3712 406 3736 ‘⁸
427 3709 561 3765 omnibus
590 3708 775 3781 praedieatur,
808 3708 922 3764 litteras
951 3713 1075 3774 nostres,
1106 3713 1137 3764 et
1165 3708 1375 3781 appellationes
1405 3707 1442 3763 td

426 3797 525 3855 sedem
555 3796 744 3871 apostolieum
773 3795 972 3868 interpositas,
990 3795 1212 3869 pervipendens,
1239 3795 1311 3869 quid
1339 3800 1443 3852 eontra

387 3885 406 3909 “
426 3901 476 3938 eos
501 3889 568 3953 p'ost
592 3880 771 3952 multiplioes
794 3879 1005 3953 appellationes
1029 3884 1061 3936 et
1085 3879 1297 3953 prohibitiones
1325 3884 1441 3936 nostras

386 3968 405 3993 “
424 3965 538 4033 feceris,
564 3983 618 4020 nos
642 3982 777 4021 enarrare
803 3963 1021 4031 confundimur,
1041 3964 1093 4021 sed
1119 3970 1154 4020 tu
1178 3963 1241 4037 ipse
1267 3964 1384 4021 revolve
1410 3965 1441 4019 in

385 4050 406 4075 ‘⁶
424 4049 531 4115 animo,
550 4056 581 4105 et
598 4049 625 4105 si
643 4048 837 4105 benefeceris
854 4047 886 4103 in
903 4049 1082 4106 eonscientia
1104 4054 1156 4105 tua
1178 4047 1320 4105 deliberes
1343 4052 1375 4104 et
1392 4047 1440 4103 de·

385 4135 404 4159 ‘¹
424 4151 535 4189 cernas.
572 4132 647 4188 Nos
660 4150 730 4189 vero
757 4132 827 4203 quia
853 4132 994 4189 clamores
1017 4133 1147 4207 ipsorum
1171 4134 1297 4189 flatrum
1323 4137 1354 4188 et
1374 4151 1441 4190 eou-

386 4218 567 4289 “temptum
597 4214 675 4272 sedis
711 4215 879 4288 apostolieae
909 4215 1085 4288 pertransire
1111 4214 1207 4271 surdis
1233 4214 1353 4271 auribus
1387 4232 1442 4272 neo

385 4302 403 4326 “
423 4317 585 4371 possumus,
610 4316 665 4356 neo
694 4297 843 4363 debemus,
872 4297 969 4355 adhue
998 4298 1070 4354 lieet
1098 4296 1130 4353 in
1155 4313 1264 4354 vanum
1288 4296 1441 4354 videamur

385 4382 565 4456 “jussiones
591 4388 705 4438 nostras
726 4381 887 4446 effundere,
912 4380 1091 4437 fraternitati
1116 4386 1177 4436 ture
1204 4399 1257 4454 per
1282 4380 1442 4454 apostoliea

417 4616 554 4682 Quiete]
587 4614 652 4665 This
672 4614 886 4679 letterieamoug
933 4615 1015 4666 belew
1032 4613 1059 4665 iu
1077 4614 1110 4668 its
1129 4615 1303 4680 plaoe,under
1322 4616 1439 4681 theyear

382 4698 424 4748 the
452 4696 571 4762 Epistola
605 4693 807 4753 cantuarienses,
836 4693 885 4745 Ne.
936 4697 1009 4745 nst.

382 4776 495 4839 cxxviii,
507 4793 532 4842 p.
547 4776 763 4838 1013eudooours
774 4773 885 4826 likeviae
