3588 5740
698 880 810 932 orum
832 878 1024 931 meremus
1317 861 1382 930 569

327 1064 348 1092 “
366 1063 531 1136 religiosis,¹
548 1063 584 1120 de
595 1062 807 1133 omnibusque
822 1067 1030 1134 precesserant
1046 1067 1078 1118 et
1093 1061 1131 1118 de
1146 1061 1236 1136 hujus
1253 1061 1384 1118 mandati
1415 1074 1538 1120 annas

328 1149 346 1175 ‘⁸
367 1148 534 1204 executione
550 1147 736 1204 acceleranda
751 1147 800 1202 vel
817 1145 977 1202 differenda
996 1163 1097 1202 eornm
1114 1152 1229 1218 pareret
1253 1146 1382 1202 arbitrio.
1396 1138 1537 1234 „ngffl

327 1232 344 1258 ‘⁴
364 1231 517 1288 Monaehis
528 1236 627 1288 autem
638 1227 719 1287 haeo‘
735 1230 898 1288 voluntarie
915 1229 1010 1302 magis
1027 1247 1114 1301 quam
1128 1230 1208 1302 juste
1224 1229 1384 1286 recusanti·
1396 1239 1537 1284 uolonum

290 1333 295 1347 ·
327 1315 348 1342 ‘⁸
367 1314 432 1380 bus,
451 1314 608 1386 praemissis
626 1314 700 1371 moti
717 1314 877 1370 rationibus
895 1315 990 1387 ipsum
1008 1314 1255 1386 arehiepiscopum
1273 1312 1385 1368 adhoc
1396 1289 1516 1344 mm

329 1400 347 1425 ‘¹
368 1394 542 1463 induximus,
565 1403 608 1466 ut,
629 1397 692 1471 ipso
715 1397 834 1453 iuterim
852 1396 1034 1463 subsistente,
1056 1396 1092 1452 de
1110 1396 1197 1453 solita
1219 1397 1295 1453 sedis
1318 1414 1384 1469 apo-

329 1482 348 1509 “
368 1480 479 1537 stolicae
503 1481 656 1537 clementia
679 1480 877 1546 confidentes,⁸
899 1485 995 1537 totum
1019 1480 1172 1551 negotium
1196 1480 1233 1535 sd
1256 1487 1384 1537 vestrum

329 1564 567 1620 “excellentiam
589 1564 771 1629 referremus,
793 1564 988 1635 supplicantes
1011 1563 1153 1619 attentius
1177 1568 1211 1619 ut
1234 1564 1277 1619 ita
1299 1582 1385 1636 super

328 1650 348 1677 “
367 1648 424 1703 hoc
440 1654 537 1705 vestra
553 1648 689 1721 disponat
709 1647 872 1721 prudentia,
892 1666 929 1704 ne
953 1649 1030 1704 inter
1053 1665 1177 1719 regnum
1201 1649 1384 1705 et'sacerdo·
1397 1660 1531 1712 maroles

291 1728 294 1735 ·
329 1733 348 1759 ‘⁶
367 1731 442 1787 eum
463 1731 495 1786 sn
514 1730 625 1803 angat
640 1732 704 1804 jam
725 1737 790 1787 ora
809 1731 949 1788 assensio
970 1731 1136 1788 invalescat.
1173 1731 1295 1787 ruram
1315 1738 1385 1788 suna
1397 1711 1555 1808 mlh

329 1817 349 1843 “
368 1816 447 1872 enim
465 1817 650 1872 vehementer
673 1833 707 1871 ex
724 1815 780 1870 hoc
798 1814 934 1870 mandato
957 1832 1007 1870 rex
1025 1822 1056 1872 et
1073 1815 1158 1887 regni
1174 1822 1336 1887 magnates,
1350 1834 1384 1872 eo
1395 1812 1473 1859 totns
1481 1825 1547 1867 eota

329 1900 349 1926 “
369 1899 446 1971 quod
460 1899 527 1971 jure
539 1899 676 1955 canonico
687 1898 821 1955 videatur
838 1899 953 1954 licitum
971 1905 1001 1956 et
1018 1900 1160 1956 hactenus
1178 1901 1386 1956 consuetudine

328 1983 349 2009 “
367 1982 532 2052 Anglioana
557 1988 719 2054 optentum,
744 1988 778 2037 ut
805 1988 867 2038 tam
896 1983 1104 2055 archiepiscopi
1132 2001 1220 2055 quam
1249 1984 1386 2057 episcopi,

329 2068 349 2094 “
368 2083 456 2138 quam
474 2065 562 2121 etiam
579 2066 656 2132 laici,
670 2065 841 2121 anctoritate
859 2066 1005 2121 diocesani
1022 2066 1149 2139 episcopi
1165 2067 1277 2139 possint
1295 2070 1387 2124 eccle·

330 2151 349 2176 ‘⁴
368 2149 442 2205 siam
454 2149 675 2206 conventualem
687 2148 718 2203 in
729 2165 782 2205 suo
794 2156 960 2205 construere
978 2150 1078 2205 fundo.
1115 2151 1176 2207 Vos
1189 2152 1291 2223 igitur,
1303 2158 1388 2225 pater

330 2233 349 2260 ‘⁸
368 2232 401 2287 in
413 2232 529 2288 Christo
540 2231 700 2296 karissime,
715 2231 791 2303 quod
803 2249 890 2303 anper
907 2232 963 2287 hoe
975 2233 1109 2305 expedire
1121 2233 1255 2291 videritis
1262 2237 1387 2293 veritate
1400 2245 1551 2307 l'heysdviae
1628 2230 1632 2239 ’

330 2316 350 2342 “
369 2314 487 2386 cognita
498 2313 668 2384 disponatis,
682 2313 786 2369 scituri
797 2314 926 2385 profecto
939 2313 1008 2386 quia
1019 2316 1097 2388 quod
1115 2318 1275 2374 statueritis
1294 2319 1387 2375 domi·
1399 2296 1548 2401 ξωᾞξῖζῃ
1616 2394 1618 2399 Ι

329 2399 348 2425 “
368 2413 423 2451 nus
434 2396 665 2467 archiepiscopus
677 2400 708 2451 et
722 2412 775 2451 nos
793 2396 891 2452 debito
908 2404 938 2452 et
956 2397 1061 2454 devoto
1078 2417 1253 2473 exequemur
1271 2403 1388 2459 affectu.

330 2481 349 2508 “
369 2479 489 2550 Quodsi
506 2478 654 2535 sanctitati
665 2484 768 2534 vestra
779 2478 979 2534 testimonium
996 2488 1128 2536 nostrum
1139 2483 1273 2540 videatur
1290 2486 1387 2542 minus

329 2566 349 2593 “
369 2563 498 2643 sufficere
516 2561 553 2617 ad
570 2560 668 2630 fidem,
682 2562 793 2634 placeat
810 2563 892 2620 vobis
909 2564 1068 2636 pleniorem
1086 2567 1175 2639 hujus
1194 2570 1326 2625 veritatis
1343 2572 1387 2626 in-

329 2649 350 2674 “
369 2646 556 2717 quisitionem
568 2645 633 2701 aliis
649 2662 722 2719 quos
741 2646 889 2718 elegeritis
907 2648 1092 2716 demandare,
1105 2669 1229 2723 quornm
1247 2655 1388 2710 relatione

331 2733 351 2758 '‘
369 2735 467 2786 vestra
477 2729 641 2784 sublimitas
652 2729 775 2795 edocta,⁴
787 2730 865 2802 quod
876 2729 1029 2788 Altissimo
1040 2733 1135 2805 magis
1147 2736 1261 2807 placere
1273 2738 1389 2799 noverit

332 2816 352 2842 “
373 2811 541 2868 diffiniendo
558 2811 724 2867 decernat.”

374 2909 454 2975 Albi
476 2930 607 2995 quoque
629 2909 782 2975 monaehi
805 2911 939 2977 domino
953 2934 1049 2999 papae
1071 2920 1185 2982 eontra
1213 2916 1389 2985 Cantuari-

330 3034 442 3079 ensem
464 3011 634 3078 ecclesiam
656 3011 857 3099 seripsenmt
878 3013 943 3080 sie:

367 3117 386 3145 “
400 3106 587 3170 Reverendo‘
605 3112 724 3168 domino
742 3120 772 3169 et
788 3114 866 3185 patri
883 3114 1067 3185 Innocentio,
1086 3118 1143 3176 Dei
1160 3122 1256 3193 gratia
1273 3141 1388 3181 summo
1404 3133 1515 3178 Ietterm

331 3202 351 3230 ⁴⁸
368 3199 509 3274 meamet,
534 3217 595 3255 sus
615 3198 780 3255 antestis
798 3201 853 3255 filii
871 3208 903 3256 ae
920 3202 996 3258 servs
1019 3203 1201 3263 devotissima
1219 3210 1253 3265 u.
1273 3210 1389 3267 sient·
1402 3184 1546 3279 {llum

331 3285 351 3311 “
369 3284 417 3351 lis,
447 3283 482 3338 R.
508 3283 544 3339 de
568 3282 713 3349 Boxelaia,
734 3282 762 3338 J.
787 3283 825 3339 de
849 3284 955 3351 Forda,
981 3286 1015 3342 B.
1040 3287 1077 3345 de
1102 3288 1259 3358 stratford,
1278 3294 1324 3350 W.
1353 3284 1543 3350 donaemuthe

331 3367 351 3393 ⁴⁴
370 3365 463 3422 Ponte
481 3366 612 3431 sotere,
624 3366 663 3421 u.
676 3365 713 3420 ee
733 3365 881 3439 stanlege,
902 3375 933 3425 e
949 3369 996 3425 w.
1015 3371 1052 3426 sa
1071 3373 1240 3447 afflegem
1258 3377 1389 3445 abates,
1402 3338 1508 3380 ‘'W“

331 3451 350 3477 “
370 3454 508 3520 totusque
529 3448 770 3505 (listeroieusium
787 3451 926 3508 abbatum
943 3453 980 3509 de
998 3454 1110 3526 Anglia
1122 3471 1293 3526 conventus,
1313 3463 1389 3518 salu·

332 3534 350 3559 ‘¹
370 3538 441 3598 tem,
460 3531 590 3587 debitam
608 3550 675 3587 eum
695 3532 804 3588 humili
827 3535 1007 3608 subjectione
1032 3542 1227 3598 reverentiam
1244 3550 1275 3599 et
1293 3544 1389 3607 obedi·

331 3618 351 3644 “
371 3615 490 3672 entiam.
526 3615 601 3671 (lum
618 3621 803 3672 sacrosancta
820 3617 954 3675 Romana
971 3622 1103 3689 ecelesia,
1118 3626 1167 3680 eui
1185 3626 1311 3684 Domino
1329 3630 1389 3687 dis·

332 3702 351 3729 ‘⁶
371 3704 497 3772 ponente
517 3699 659 3772 proeestis,
678 3705 772 3755 mater
795 3700 834 3757 sit
853 3704 984 3758 omnium
1004 3706 1192 3765 ecclesiarum
1211 3710 1242 3765 in
1261 3711 1388 3781 Christo,

332 3787 351 3813 ‘⁴
371 3785 402 3839 in
425 3782 658 3854 multiplicandis
682 3783 749 3849 eis,⁶
772 3786 952 3843 enutriendis
977 3806 1011 3844 ao
1029 3789 1230 3859 defendendis,
1256 3803 1390 3854 materna

331 3870 350 3897 ‘⁴
369 3868 491 3925 caritate
508 3874 595 3938 atque
613 3866 767 3923 sedulitate
784 3868 830 3923 uti
849 3871 1010 3937 consuevit,
1031 3879 1061 3929 et
1079 3875 1122 3930 sio
1145 3875 1182 3932 de
1205 3878 1306 3934 adulta
1327 3882 1389 3952 jam

332 3951 471 4009 “sobole
497 3951 642 4022 gratulari
670 3957 705 4006 ut
729 3969 836 4008 novam
863 3954 971 4012 cotidie
997 3975 1155 4028 procurare
1181 3979 1240 4018 uon
1267 3964 1388 4024 desinat.

332 4039 351 4066 “
371 4034 455 4106 Quod
473 4034 499 4090 si
517 4040 616 4090 temen
634 4033 689 4090 de⁷
707 4039 752 4091 tot
771 4035 843 4091 filiis
861 4036 926 4108 ejus
936 4038 994 4095 dno
1005 4040 1096 4112 aliqui
1115 4060 1146 4099 se
1157 4044 1189 4099 in
1200 4050 1284 4103 utero
1296 4048 1389 4120 ipsius

342 4210 1389 4247 ---------.“,

365 4330 525 4398 ¹relipr'cais]
539 4328 679 4396 religionis,
692 4330 723 4383 0.
884 4332 917 4384 of
937 4333 1071 4398 Biantis.
1098 4337 1195 4392 Robert
1222 4343 1251 4393 ol
1277 4345 1387 4414 Boxley,

364 4411 452 4479 alm]
467 4411 524 4469 1100,
536 4408 567 4462 c.
885 4413 958 4465 John
978 4413 1009 4465 ol'
1022 4415 1100 4478 Ford,
1119 4419 1244 4472 Benedict
1261 4423 1292 4474 of
1307 4425 1390 4478 Strat-

364 4488 546 4555 ’confidam
560 4486 698 4547 confidens,
710 4487 741 4539 C.
885 4492 943 4542 iord
960 4492 1119 4559 Iangthorn,
1139 4498 1243 4552 Nicolss
1265 4502 1295 4554 of
1315 4504 1390 4557 Stau-

365 4569 489 4635 smm]
504 4567 661 4627 asaelem,
672 4568 704 4616 B.
885 4572 936 4637 lay,
958 4575 1011 4623 aud
1036 4574 1080 4627 the
1106 4577 1197 4629 abbota
1220 4581 1250 4632 of
1269 4584 1389 4637 Robarts-

367 4649 379 4682 ⁸
390 4645 549 4714 stmdo]
575 4645 624 4698 sae
636 4644 756 4710 Epistola
768 4644 836 4699 can·
885 4651 974 4719 bridgs
986 4654 1038 4703 aud
1049 4653 1219 4721 Buaingwerls.

334 4726 484 4787 marisam,
499 4726 551 4778 No.
569 4722 693 4787 cccclxii„
711 4739 754 4791 pp.
771 4728 839 4775 423-
919 4729 990 4797 ’σιἐ]
1005 4738 1034 4782 et
1045 4732 1110 4797 ejus,
1122 4735 1153 4785 Β.

334 4816 390 4866 tat
425 4807 839 4863 Thasritemrellrusldabbot
919 4808 1025 4862 ilonea
1035 4812 1080 4883 de]
1094 4814 1130 4866 in.
1141 4816 1170 4869 B.
