3646 5720
397 939 463 1005 294
596 949 758 1001 onuvnsu
780 947 941 998 mousom
964 943 1238 997 crurufflrusrs
1267 994 1270 1003 ,

765 1184 1077 1251 Meum-111.

247 1362 368 1407 snus.
442 1334 629 1408 Persecutio
651 1339 849 1427 madssima
870 1339 959 1407 fecta
980 1342 1032 1404 est
1053 1338 1089 1403 in
1110 1338 1295 1424 trapezetas
1314 1331 1447 1419 Anglire

229 1427 346 1522 m„
399 1445 457 1529 qui
478 1447 645 1509 monetam
667 1441 772 1508 nimia
801 1446 1015 1527 corruperant
1037 1439 1191 1506 falsitate.
1238 1436 1305 1518 Qui
1327 1438 1448 1522 praeter

229 1528 370 1622 &fem
398 1545 480 1611 alies
495 1544 689 1611 vexationes
708 1545 825 1622 varias,
841 1543 1052 1630 compedibus
1074 1540 1230 1629 colligati,
1251 1539 1318 1605 duo
1332 1543 1368 1604 et
1382 1537 1448 1601 duo

230 1639 356 1680 menoses.
399 1649 497 1713 simul
518 1648 556 1712 in
578 1647 714 1714 carectis
736 1649 780 1714 ad
802 1647 926 1714 curiam
947 1646 1034 1732 regis
1056 1645 1268 1712 ducebantur.

256 1778 362 1831 rpem,
444 1750 555 1816 Tertio
570 1749 697 1816 decimo
719 1749 880 1815 kalendas
902 1748 986 1813 Maii
1001 1753 1183 1814 conventus
1199 1742 1448 1813 Cantuariensis

229 1840 337 1934 ffigilsst'
399 1851 543 1918 ecclesis
564 1873 691 1917 novum
712 1851 848 1919 chorum
871 1850 1012 1916 intravit
1033 1871 1122 1916 enno
1144 1849 1284 1936 septimo
1299 1847 1448 1914 combus-

230 1940 376 2043 ,fffflm
399 1952 502 2019 tionis
523 1953 679 2038 ejusdem.

231 2054 378 2172 ξὴιςήιὲοοι
446 2054 558 2120 Mense
587 2054 698 2140 Aprili
728 2075 836 2120 novus
862 2076 922 2120 rex
950 2053 1101 2120 Francius
1130 2052 1312 2139 Philippus,
1343 2050 1449 2115 Ledo-

231 2130 342 2225 rressllel¹
400 2154 468 2220 vici
490 2155 576 2241 regis
598 2154 694 2233 filius,
718 2155 929 2241 desponsavit
960 2155 1063 2221 filiam
1095 2154 1225 2221 comitis
1256 2153 1297 2218 de
1331 2151 1450 2231 Hano;

400 2256 490 2321 unde
512 2277 647 2322 suorum
676 2256 916 2323 avunculorum
945 2257 1160 2342 omniumque
1190 2256 1257 2320 fere
1287 2253 1449 2319 nobilium

400 2358 548 2423 Franeiae
578 2356 840 2444 indignationem
866 2357 1014 2436 incurrit,
1042 2378 1080 2422 eo
1104 2356 1231 2423 scilicet
1256 2354 1352 2441 quod,
1376 2373 1450 2418 suo·

401 2481 475 2523 rum
501 2463 612 2546 spreto
642 2456 785 2537 oonsilio,
813 2458 926 2524 comiti
950 2458 1117 2523 Flandriee
1140 2457 1203 2522 soli
1228 2455 1390 2531 credebat,
1417 2459 1451 2519 et

402 2560 490 2646 quod
516 2582 575 2647 per
597 2561 703 2646 ipsius
726 2560 899 2628 consilium
923 2580 1060 2625 uxorem
1087 2559 1127 2624 de
1152 2563 1222 2624 tem
1241 2556 1362 2622 humili
1377 2576 1451 2642 pro-

402 2662 497 2748 genie
521 2661 585 2725 sibi
609 2661 768 2728 associare
798 2661 942 2727 voluerit
971 2662 1008 2725 in
1037 2660 1193 2746 reginam.
1239 2658 1347 2723 Auxit
1371 2677 1451 2743 quo-

293 2776 298 2787 ·
402 2785 467 2848 que
497 2762 760 2848 indignationem
783 2764 872 2848 quod
901 2762 1002 2828 matri
1031 2783 1100 2827 suae
1129 2781 1275 2827 annuere
1298 2758 1451 2837 noluerit,

403 2870 443 2929 ut
466 2864 504 2927 in
528 2884 589 2928 sua
613 2863 827 2950 dispositione
857 2863 994 2930 baberet
1023 2863 1158 2929 castella
1181 2862 1236 2928 vel
1262 2861 1360 2926 villas
1384 2882 1453 2926 suae

404 2964 499 3031 dotis
557 2963 622 3029 His
652 2970 687 3030 et
716 2965 907 3051 hujusmodi
937 2966 979 3031 de
1007 2966 1116 3031 causis
1145 2965 1318 3049 utriusque
1348 2962 1453 3048 partis

403 3066 632 3132 consentaneis
662 3067 706 3132 ad
735 3087 826 3132 erma
856 3067 1118 3146 convolantibus,
1148 3067 1192 3132 ad
1226 3065 1289 3130 hoo
1317 3065 1453 3130 tandem

403 3172 600 3254 perventum
631 3173 689 3245 est,
719 3175 759 3234 ut
781 3169 819 3233 in
849 3170 927 3234 solis
956 3152 1141 3253 redditibus
1171 3168 1272 3234 matri
1297 3189 1366 3233 suae
1395 3188 1455 3232 rex

403 3290 511 3334 novus
536 3269 698 3336 victualia
715 3270 949 3351 constitueret3
971 3276 1007 3337 et
1029 3271 1150 3337 armati
1173 3270 1210 3334 in
1234 3290 1296 3334 sua
1320 3269 1455 3355 pacifice

402 3370 580 3437 redienmt.
1174 3434 1178 3441 .

266 3485 362 3539 liuta
449 3472 634 3538 Undecimo
675 3471 836 3538 kalendas
865 3471 969 3551 lunii,
1000 3494 1075 3539 eum
1115 3473 1234 3540 civitas
1265 3472 1455 3540 Cantuariae

236 3549 365 3643 Atti*
406 3573 482 3659 igne
512 3577 710 3654 vastaretur,
736 3577 770 3638 et
796 3573 867 3659 jam
897 3574 1048 3660 pluribus
1075 3574 1277 3660 consumptis
1304 3574 1455 3640 domibus

238 3649 382 3759 &will
407 3672 550 3741 ecelesiae
582 3674 714 3741 Sanctae
740 3672 914 3740 Trinitatis
940 3675 1128 3742 immineret
1153 3675 1344 3761 periculum,
1371 3675 1455 3741 tule-

237 3749 390 3843 Ahblffn‘fw‘
406 3782 487 3855 runt
515 3776 668 3842 monachi
692 3776 850 3841 feretrum
877 3775 992 3842 Sancti
1008 3777 1170 3843 ‘Audoeni
1193 3782 1308 3843 eontra
1327 3777 1457 3864 ignem3

407 3879 587 3963 statimque
614 3878 748 3942 flamme
771 3877 914 3943 stridens
938 3879 1033 3963 quasi
1058 3899 1080 3944 e
1104 3883 1214 3956 vento,
1229 3878 1368 3944 immoa
1388 3879 1456 3943 vir·

407 3985 481 4045 tute
511 3979 583 4057 Dei,
607 3978 643 4043 in
673 3999 708 4043 se
741 3983 874 4058 retorta,
905 3978 1044 4044 ulterius
1074 3980 1247 4065 procedere
1277 4001 1345 4045 non
1374 4001 1458 4067 prae·

183 4096 186 4101 '
270 4099 368 4174 regno.
409 4080 558 4167 sumpsit.
620 4079 747 4159 Quarto
777 4079 853 4143 idus
882 4079 1029 4166 Augusti
1063 4081 1268 4147 consecravit
1296 4080 1458 4148 Ricardus

239 4162 357 4265 mres
411 4180 659 4263 cantuariense
688 4179 950 4266 archiepiscopus
981 4181 1209 4247 eneewsnum
1239 4182 1332 4268 prum
1358 4183 1458 4249 sees

240 4263 393 4358 ΕΜ,
410 4288 479 4348 tem
505 4283 546 4348 de
570 4281 693 4347 Fordes
717 4281 760 4346 ad
780 4282 927 4367 regimen
951 4281 1187 4368 Wigorniensis
1202 4282 1353 4363 eeclesiae,
1368 4285 1458 4371 apud

410 4382 575 4459 Lamhee‚¹
604 4385 740 4468 accepta
769 4383 813 4447 ab
842 4403 880 4447 eo
910 4381 1110 4468 professione
1133 4384 1174 4450 de
1195 4386 1353 4452 canoniea
1382 4386 1456 4452 sub·

404 4485 557 4569 jectione.

727 4731 735 4764 ¹
746 4730 867 4797 Laertae]
882 4732 1030 4796 Iamhethe,
1042 4734 1073 4786 C.
