3646 5720
714 907 827 957 censs
848 907 1041 959 msromcs
1334 897 1401 961 283

352 1090 371 1115 ‘⁴
391 1088 556 1145 necessaria
590 1089 662 1146 vites
693 1090 836 1165 percipiat
869 1092 902 1148 in
936 1092 1087 1150 dicccnem
1117 1095 1165 1152 vel
1200 1094 1403 1167 presbyterum
1430 1101 1554 1148 mista.

351 1172 371 1199 “
391 1172 578 1240 ordinaverit,
596 1179 659 1230 tem
679 1174 732 1232 diu
752 1175 780 1231 ei
797 1175 959 1233 necessaris
977 1177 1187 1244 subministret,
1214 1178 1305 1235 donec
1326 1179 1353 1234 ei
1371 1178 1404 1234 in
1447 1164 1538 1210 Μ’*

351 1256 370 1281 “
390 1255 489 1326 aliqua
507 1256 629 1313 ecclesis
647 1258 850 1316 convenientis
868 1260 1016 1332 stipendia
1030 1260 1148 1317 militiae
1159 1260 1301 1317 clericulis
1312 1261 1404 1333 ussig-

351 1340 370 1365 “
389 1343 449 1404 net,
474 1338 533 1395 nisi
556 1340 625 1397 talis
648 1342 724 1397 sorte
747 1343 798 1414 qni
821 1342 974 1399 ordinetur
996 1344 1126 1400 extiterit
1150 1344 1202 1417 qui
1219 1342 1256 1401 de
1273 1363 1327 1402 sua
1356 1346 1405 1402 vel

350 1422 369 1447 ‘⁶
389 1426 510 1492 paterne
526 1422 699 1481 haemffiute
717 1425 881 1482 subsidium
900 1427 971 1483 vitm
993 1428 1087 1500 possit
1104 1428 1219 1484 habere.

267 1535 275 1551 ·
386 1506 405 1529 “
423 1503 462 1559 X.
481 1503 559 1561 (lum
575 1504 609 1561 in
638 1505 766 1563 ecclesie
796 1525 917 1580 corpore
945 1509 1044 1565 omnis
1073 1510 1197 1567 debeant
1224 1529 1260 1568 ex
1283 1511 1405 1568 caritate
1416 1513 1561 1560 mma

176 1563 184 1576 ⁰
258 1602 265 1617 ·
349 1588 369 1612 ‘¹
387 1586 518 1654 mactari,
531 1594 563 1644 et
580 1589 659 1660 quod
675 1590 769 1661 gratis
788 1597 992 1664 receptumest
1011 1593 1104 1664 gratis
1122 1594 1253 1665 rependi,
1265 1594 1404 1650 horribile
1414 1615 1479 1668 sou,

1414 1565 1530 1611 uottobe

349 1672 369 1697 ‘⁴
387 1670 478 1727 nimis
495 1677 540 1729 est
560 1673 639 1743 quod
659 1673 692 1729 in
710 1674 886 1746 quibusdem
905 1676 1036 1733 eeclesiis
1055 1678 1155 1733 locum
1173 1677 1315 1733 venalitas
1338 1695 1403 1747 per·

348 1754 368 1780 “
386 1752 505 1810 bibetur
524 1754 639 1821 hebere,
658 1755 702 1812 ita
720 1762 754 1813 ut
772 1774 825 1830 pro
843 1758 986 1831 episcopis
1003 1760 1051 1816 vel
1071 1760 1226 1816 ubbetibus
1244 1777 1295 1816 sen
1313 1760 1403 1815 etiam

349 1836 607 1910 “quibuscunque
629 1841 760 1911 personis
785 1841 989 1898 ecclesiasticis
1018 1842 1160 1914 ponendis
1188 1843 1222 1897 in
1244 1842 1320 1908 sede,
1342 1842 1535 1905 sivencresotc

348 1921 367 1946 “
388 1919 606 1978 introducendis
623 1921 799 1994 presbyteris
811 1924 843 1979 in
862 1925 1026 1991 ecclesiam,
1038 1941 1152 1981 necnon
1169 1943 1223 1998 pro
1246 1925 1404 1998 sepulturis
1414 1910 1561 2007 m*

349 2005 367 2030 ‘⁶
387 2010 418 2059 et
445 2005 574 2077 exequiis
599 2012 791 2073 mortuorum,
822 2011 853 2063 et
875 2007 1127 2064 benedictionibus
1155 2009 1328 2065 nubentium
1352 2025 1405 2065 seu

349 2087 368 2113 “
387 2086 452 2143 aliis
476 2088 668 2145 sacrementis
690 2089 803 2161 aliquid
825 2090 999 2162 requiratur.
1035 2090 1148 2147 Putant
1170 2096 1270 2147 sutem
1293 2109 1329 2147 ex
1344 2091 1404 2148 hiis

348 2173 368 2199 “
386 2172 485 2243 plures
508 2172 565 2228 sibi
587 2172 685 2240 licere,
711 2173 781 2245 quia
809 2173 906 2245 legem
934 2175 1040 2231 mortis
1063 2175 1100 2231 de
1127 2175 1218 2247 longa
1246 2175 1405 2232 invaluisse

348 2256 367 2282 “
387 2256 597 2313 consuetudine
620 2255 820 2313 arbitrentur:
838 2273 900 2313 ncn
922 2257 1002 2322 satis,
1028 2257 1098 2330 quis
1117 2258 1278 2330 cupiditate
1301 2258 1405 2315 caeosti

347 2339 366 2365 “
385 2343 462 2403 sunt,
483 2338 676 2405 attendentes,
695 2339 774 2411 quod
796 2345 879 2396 tento
902 2341 1038 2412 graviora
1061 2345 1131 2397 aunt
1151 2340 1277 2397 erimina
1294 2347 1404 2414 quanto

349 2425 368 2450 “
387 2423 498 2479 diutius
509 2425 655 2481 infelicem
668 2425 798 2481 snimsm
814 2430 974 2482 tenuerunt
984 2425 1146 2498 alligatam.
1182 2426 1229 2482 Ne
1245 2427 1301 2482 hoc
1313 2427 1405 2498 igitur

349 2508 368 2534 “
387 2506 423 2562 de
443 2513 548 2563 eutero
568 2507 629 2574 flet,
652 2509 700 2564 vel
718 2526 772 2580 pro
791 2509 923 2582 personis
941 2508 1147 2566 ecclesiasticis
1168 2509 1347 2566 deducendis
1365 2510 1404 2566 sd

348 2592 368 2616 “
387 2590 495 2656 sedem,
508 2590 555 2646 vel
575 2590 771 2648 sacerdotibus
790 2591 990 2659 instituendis,
1010 2597 1063 2648 eut
1080 2590 1252 2665 sepeliendis
1268 2592 1403 2659 mortuis,

348 2676 367 2700 ‘⁶
386 2692 438 2730 seu
466 2675 557 2730 etism
586 2673 793 2732 benedicendis
822 2675 1011 2741 nubentibus,
1042 2693 1095 2732 seu
1124 2674 1191 2731 aliis
1215 2677 1404 2733 summentis

346 2759 366 2783 “
385 2757 498 2828 aliquid
514 2757 659 2830 exigatur,
677 2758 840 2815 districtius
855 2758 1032 2815 inhibemus.
1069 2758 1181 2829 Siquis
1193 2763 1291 2814 autern
1302 2763 1404 2814 contra

348 2841 367 2866 “
386 2841 441 2896 hoe
465 2840 566 2896 venire
593 2842 822 2913 presumpserit,
847 2843 1012 2914 portionem
1035 2860 1103 2900 cnm
1127 2841 1210 2900 Gieui
1234 2859 1266 2899 se
1289 2843 1404 2898 noverit

347 2925 367 2950 “
385 2923 565 2990 habiturum,
584 2924 669 2997 cujus
694 2925 805 2981 fuctum
827 2926 977 2983 exactione
995 2928 1076 3001 turpi
1103 2926 1233 2984 muneris
1256 2926 1400 2983 imitetur.

344 3008 364 3034 “
382 3007 575 3064 Prohibemus
593 3008 713 3080 insuper
732 3026 771 3065 ne
788 3009 859 3065 novi
877 3025 983 3066 census
1001 3011 1039 3067 sb
1058 3010 1201 3083 episeopis
1221 3009 1269 3065 vel
1289 3008 1399 3065 sbbati·
1411 3014 1544 3075 itermo-

346 3091 365 3117 “
384 3089 440 3146 bus
470 3090 572 3147 aliisve
615 3091 746 3163 prnlstis
781 3090 986 3165 imponantur¹
1022 3093 1160 3159 ecclesiis,
1197 3109 1251 3149 nec
1275 3096 1399 3148 ¹veteres
1411 3067 1526 3163 fflffi*

346 3174 365 3198 “
384 3178 558 3244 augeantur,
593 3191 649 3230 nec
683 3179 781 3247 portes
815 3173 984 3231 reddituum
1014 3177 1075 3231 suis
1105 3175 1205 3232 usibus
1241 3175 1400 3247 approbare

346 3258 365 3282 “
384 3263 573 3329 presumant,
600 3258 654 3314 sed
677 3259 858 3325 libertatem,
880 3276 969 3330 quum
997 3260 1122 3332 majores
1152 3259 1209 3315 sibi
1237 3258 1401 3315 conservari

345 3343 365 3367 “
385 3340 559 3408 desiderant,
572 3341 735 3398 minoribus
757 3359 872 3415 quoque
889 3342 950 3399 suis
967 3341 1045 3399 bone
1055 3343 1205 3399 voluntate
1221 3347 1399 3399 conservent.

345 3424 365 3451 ‘⁸
385 3423 486 3494 Siquis
506 3430 605 3481 autem
625 3424 711 3481 uliter
728 3425 832 3496 egerit,
850 3425 969 3481 irritum
988 3426 1066 3497 quod
1085 3426 1187 3482 lecerit
1205 3425 1355 3482 habeatur.

381 3507 474 3562 “XL
493 3506 570 3563 (lum
594 3507 674 3564 dieat
696 3509 853 3580 spostolus,
874 3508 1115 3565 abundantiorem
1141 3508 1281 3564 bonorem
1308 3526 1398 3565 mem·
1411 3518 1544 3613 lamnas

346 3590 366 3615 ‘⁴
386 3589 448 3646 bris
466 3589 677 3647 infirmioribus
695 3590 893 3657 deserendum,
907 3595 1037 3647 econtra
1055 3590 1173 3662 quidem
1185 3607 1250 3662 quse
1267 3609 1320 3646 sua
1330 3597 1400 3648 sunt
1411 3573 1525 3666 3,,πῇ

346 3673 366 3698 “
385 3690 444 3729 non
467 3690 533 3744 quse
556 3673 629 3730 ‚lesu
649 3671 759 3729 Christi
776 3679 951 3745 qnoerentes,
972 3672 1094 3744 leprosis
1114 3673 1165 3743 qni
1183 3672 1263 3728 sanis
1282 3673 1398 3729 cohsbi·
1410 3669 1541 3716 ”dm

345 3754 365 3780 “
384 3759 447 3811 tare
476 3771 536 3811 non
565 3759 698 3828 possunt,
729 3755 777 3811 vel
802 3754 841 3811 ud
869 3753 1023 3811 ecclesium
1046 3769 1115 3809 cum
1138 3753 1205 3809 eliis
1234 3721 1519 3822 convenirem

344 3840 364 3866 “
383 3839 519 3896 ecclesias
542 3838 590 3895 vel
613 3838 760 3895 cimiterio
782 3857 842 3897 non
865 3838 1041 3913 permittunt
1063 3837 1180 3905 habere,
1204 3854 1258 3894 uec
1286 3839 1399 3911 proprii

343 3921 364 3947 ‘⁴
379 3920 479 3993 juvari
498 3919 662 3977 ministerio
682 3920 849 3979 sucmdctis.
886 3919 972 3991 Quod
986 3921 1056 3993 quia
1075 3919 1178 3992 procul
1196 3936 1215 3975 a
1233 3918 1401 3976 christinus

343 4002 491 4074 “pietate
513 4018 577 4060 esse
600 4001 772 4070 dinoscitur,
798 4003 836 4060 de
858 4002 1043 4074 benignitate
1067 4001 1225 4074 apostolice
1247 4002 1400 4057 constitni-

341 4088 362 4114 “
381 4104 458 4153 mus,
482 4092 517 4143 ut
546 4084 713 4158 ubieunque
741 4092 788 4143 tot
817 4086 906 4144 simul
935 4086 990 4142 sub
1019 4084 1168 4141 communi
1196 4085 1260 4141 vite
1289 4085 1400 4143 luerint

341 4172 361 4198 “
381 4171 561 4244 congregati,
581 4171 633 4243 qui
658 4171 812 4229 ecclesiam
838 4188 906 4228 cum
930 4168 1075 4227 cimiterio
1099 4168 1155 4225 sibi
1179 4172 1346 4225 construere
1368 4175 1399 4226 et

342 4256 361 4282 “
380 4255 497 4328 proprio
536 4254 653 4311 valeant
689 4254 817 4328 gaudere
853 4253 1033 4326 presbytero,
1064 4251 1127 4309 sine
1167 4251 1397 4308 contradictione

342 4338 361 4365 ‘⁸
381 4338 479 4411 eliqua
506 4336 716 4410 permittantur
743 4337 860 4393 bebere.
915 4336 1045 4394 (lateant
1071 4340 1171 4391 temen
1200 4340 1235 4391 ut
1263 4332 1397 4406 injuriosi

341 4421 526 4479 “veteribus
549 4419 680 4478 ecelesiis
708 4419 745 4476 de
769 4419 838 4493 jure
866 4419 1028 4492 psroohiali
1056 4434 1238 4491 nequaquam
1261 4417 1396 4486 existant,

341 4505 361 4532 ‘⁶
380 4503 459 4576 quod
481 4502 561 4559 enim
583 4501 626 4559 eis
648 4519 702 4575 pro
721 4500 829 4574 pietate
848 4500 1028 4567 conceditur,
1052 4501 1091 4557 sd
1110 4499 1235 4556 aliorum
1258 4499 1397 4573 injuriam

341 4587 361 4614 ‘⁸
380 4586 519 4642 nolumus
552 4583 738 4653 redundare;
776 4583 936 4641 statuimus
968 4582 1061 4640 etiam
1094 4589 1131 4639 ut
1162 4580 1200 4638 de
1232 4582 1336 4648 hortis,
1366 4588 1398 4640 et

641 4801 833 4871 mmm]
846 4799 1088 4867 muamus.
