3662 5728
763 869 876 919 ornes
898 869 1089 921 1111111111.
1382 863 1446 927 209

220 1066 308 1131 Alsa„
391 1051 493 1107 statim
512 1051 664 1110 incanduit
681 1055 713 1112 in
731 1060 990 1134 archiepiscopum,
1009 1054 1113 1114 multis
1135 1069 1211 1113 eum
1234 1046 1362 1105 afficiens
1379 1067 1447 1106 con·
1477 1060 1600 1107 1111111.

220 1149 243 1185 c.
255 1140 295 1187 31.
390 1129 532 1197 tumeliis,
559 1131 654 1188 1111111
680 1135 892 1211 improperans,
919 1140 1047 1213 plurima
1064 1137 1250 1207 exprobrans,
1274 1145 1399 1199 arguens
1417 1134 1447 1184 et
1460 1113 1578 1221 mg&

221 1201 301 1277 ‚Hert
314 1203 376 1254 130⁸·
389 1213 543 1286 increpans
561 1232 628 1271 eum
646 1222 787 1291 tanquam
806 1225 963 1296 superbum
981 1230 1012 1281 et
1033 1222 1155 1286 elatum,
1173 1225 1203 1276 et
1221 1218 1311 1291 regite
1328 1213 1580 1288 1111111-111111111

220 1282 256 1318 ”⁹
268 1273 308 1320 ²⁶·
390 1300 512 1358 centiae¹
540 1297 604 1361 sibi
618 1306 769 1381 'impensa
787 1312 980 1370 inmemorem
1005 1320 1035 1370 et
1058 1313 1218 1385 ingratum.
1265 1299 1446 1366 Raetiam
1458 1279 1560 1330 ‘mm'

391 1418 466 1483 quae
494 1419 555 1485 pro
578 1399 649 1486 ipso
673 1424 757 1490 rege,
784 1414 854 1470 dum
873 1420 949 1471 esset
961 1414 1162 1479 cancellarius,
1186 1408 1333 1493 gesserat
1354 1423 1446 1489 meg-

389 1497 488 1566 nifica
510 1502 673 1570 malitiose
689 1506 965 1592 exprobrantes
980 1508 1009 1573 si
1031 1509 1185 1594 nequiter
1199 1507 1288 1574 facta
1304 1505 1446 1570 fuissent

391 1601 565 1683 universa3
597 1605 709 1673 dicens
740 1630 816 1674 eum
846 1613 928 1676 tunc
949 1617 1090 1691 temporis
1119 1609 1194 1675 ideo
1231 1607 1333 1672 fuisse
1362 1605 1445 1671 adeo

388 1711 587 1784 magnificum,
607 1712 651 1809 pt
676 1731 752 1775 eum
776 1711 877 1776 etiam
908 1733 929 1778 a
959 1733 1060 1798 regno
1091 1711 1295 1799 propelleret.
1342 1716 1445 1772 Archi·

387 1812 540 1887 episcopus
557 1834 626 1873 vero
644 1819 676 1873 in
694 1821 775 1879 omni
793 1821 937 1893 patientie
955 1822 1018 1877 hac
1035 1821 1165 1879 audiens,
1192 1815 1239 1881 sic
1267 1814 1311 1879 ad
1334 1810 1446 1877 omnia

388 1917 484 1961 suum
500 1901 683 1981 temperavit
696 1916 886 1984 responsum,
910 1916 945 1967 ut
969 1929 1063 1984 neque
1087 1912 1200 1984 rigidus
1222 1928 1316 1983 neque
1342 1908 1444 1964 remis·

388 2023 437 2061 sus
468 2016 638 2080 appareret;
666 2004 755 2070 inter
780 2014 839 2070 alia
860 2006 930 2092 regi
952 2004 1024 2071 haee
1046 2004 1174 2071 dicens:
1198 2013 1215 2039 “
1228 2002 1302 2081 Ea,'’
1325 2001 1445 2087 inquil,

388 2110 408 2134 “
420 2108 547 2175 domine,
564 2124 638 2188 quae
659 2126 720 2193 pro
742 2121 839 2172 vestro
855 2107 987 2195 negotio
1011 2114 1042 2169 in
1061 2114 1235 2171 cancellaria
1257 2118 1341 2187 gesta
1356 2109 1444 2180 sunt,

388 2188 517 2254 “unde
541 2206 668 2259 vestram
699 2212 839 2279 perpetuo
876 2205 1039 2262 debuissem
1075 2202 1268 2275 promeruisse
1304 2203 1442 2275 gretiam,

388 2285 408 2312 ‘⁸
428 2303 507 2342 nunc
537 2305 572 2343 ex
598 2288 643 2344 ira
667 2292 758 2348 michi
783 2291 998 2366 exprobramini
1021 2288 1056 2348 et
1078 2295 1193 2355 vertere
1211 2289 1304 2345 vultis
1322 2290 1354 2344 in
1381 2288 1442 2344 cnl-

388 2375 408 2401 “
428 2377 526 2447 pam.”
572 2369 697 2436 Videns
720 2387 818 2437 autem
841 2399 892 2437 rex
914 2372 1003 2458 quod
1032 2370 1269 2456 archiepiscopi
1298 2369 1441 2434 multum
1455 2392 1595 2446 nomena
1646 2356 1649 2360 ’

387 2469 600 2536 audientibus
639 2471 807 2560 placeret²
838 2474 1014 2561 responsio,
1055 2473 1159 2560 ipsius
1200 2471 1303 2537 verba
1338 2443 1569 2538 inter-imon

218 2568 307 2686 Aige
387 2593 552 2658 rumpenti,
574 2581 638 2654 regi
667 2583 799 2640 Francia
823 2575 921 2653 dixit,
944 2587 963 2613 ‘⁶
979 2584 1104 2640 Domine
1127 2586 1170 2640 mi
1193 2603 1253 2651 rex,
1277 2584 1397 2640 attende
1415 2585 1442 2641 si
1453 2543 1567 2648 {imi

217 2650 241 2685 θ’
288 2672 294 2685 ’
377 2675 406 2757 7“
426 2674 530 2745 placet,
550 2674 694 2748 quidquid
711 2675 762 2732 isti
785 2675 969 2749 displicuerit
990 2676 1069 2732 dicet
1092 2677 1196 2732 honori
1213 2677 1271 2733 Dei
1288 2695 1352 2733 esse
1375 2695 1442 2733 con·

388 2759 407 2787 “
427 2759 562 2824 narium,
592 2765 623 2815 et
652 2760 694 2816 sic
724 2765 829 2816 suaet
853 2778 920 2816 mea
955 2760 1054 2816 omnia
1082 2760 1140 2815 sibi
1162 2761 1336 2817 vendicabit.
1383 2760 1443 2817 Sed

388 2851 408 2877 “
428 2869 464 2907 ne
488 2851 589 2907 videar
621 2849 653 2905 in
684 2850 782 2923 aliquo
812 2850 916 2907 honori
941 2849 996 2905 Dei
1031 2849 1106 2906 velle
1140 2850 1284 2917 resistere,
1315 2852 1378 2910 haec
1411 2845 1443 2909 ei

387 2942 406 2969 ‘⁴
425 2942 524 2999 offero.
571 2941 662 2998 Multi
686 2943 805 2998 fuerunt
831 2942 863 2998 in
889 2932 1001 3015 Anglia
1031 2942 1133 3015 reges⁸
1158 2949 1227 3000 ante
1251 2962 1299 3001 me
1323 2944 1443 3017 majoris

386 3025 406 3051 ‘¹
425 3026 472 3081 vel
489 3026 613 3084 minoris
629 3025 811 3082 auctoritatis
835 3043 923 3099 qnam
948 3044 1016 3082 sum
1040 3044 1113 3100 ego;
1132 3027 1222 3083 multi
1238 3027 1357 3084 fuerunt
1373 3034 1442 3085 ante

387 3109 406 3136 “
425 3126 493 3164 eum
519 3108 729 3183 archiepiscopi
756 3107 923 3165 cantuariae
953 3110 1054 3182 magni
1080 3114 1112 3166 et
1137 3111 1232 3167 sancti
1258 3111 1333 3178 viri,
1365 3111 1442 3183 quod

387 3195 407 3220 “
427 3193 537 3266 igitur⁴
555 3200 773 3259 antecessorum
797 3212 915 3251 suornm
941 3195 1035 3268 major
1059 3200 1090 3251 et
1117 3196 1246 3252 sanctior
1266 3197 1337 3253 fecit
1361 3203 1442 3252 ante·

388 3278 406 3304 “
426 3295 574 3335 sessorum
607 3295 738 3336 meorum
769 3279 902 3354 minimo,
933 3280 989 3336 hoc
1018 3279 1093 3336 mihi
1123 3280 1221 3347 faciat,
1252 3287 1283 3337 et
1312 3280 1439 3352 quiesco.

427 3371 492 3442 ligo
523 3371 641 3443 quidem
665 3390 724 3428 non
749 3372 847 3445 expuli
869 3385 945 3429 eum
969 3389 986 3427 1
1010 3390 1110 3445 regno,
1142 3373 1193 3429 sed
1222 3373 1295 3445 ipse,
1325 3373 1554 3438 neminensnry’s

387 3458 403 3486 ‘¹
426 3459 637 3531 compellente,
657 3460 869 3517 clandestinam
886 3453 1029 3540 arripuit
1046 3462 1155 3535 fugam,
1175 3478 1252 3516 nuno
1275 3466 1373 3517 autem
1390 3479 1440 3517 vo·
1453 3438 1588 3532 fflffissf

388 3549 407 3575 ‘¹
426 3549 473 3605 bis
496 3545 531 3607 et
557 3541 685 3630 magnis
715 3540 797 3606 viris
827 3542 976 3609 insinuat
999 3551 1076 3624 quod
1093 3566 1210 3605 cansam
1228 3548 1359 3606 ecclesia
1376 3541 1440 3607 Dei
1452 3537 1528 3591 night.

386 3637 407 3663 “
425 3642 504 3710 agat.
553 3639 617 3711 Ego
654 3632 788 3718 quidem
825 3658 940 3712 semper
968 3638 1049 3697 volni
1078 3643 1109 3693 et
1145 3636 1284 3704 concessi,
1316 3643 1346 3693 11
1375 3638 1441 3693 volo

389 3727 408 3755 ‘¹
427 3734 458 3784 et
488 3729 613 3786 concedo
643 3729 738 3785 adhuc
767 3733 802 3785 11
838 3729 991 3785 ecclesiam
1024 3738 1119 3783 suam
1154 3729 1252 3808 teneat
1291 3730 1322 3780 et
1355 3731 1442 3797 regat

387 3822 459 3879 “in
484 3824 565 3881 omni
593 3842 627 3880 ea
654 3823 794 3881 libertate
823 3823 856 3879 in
886 3841 944 3895 qna
971 3823 1078 3894 aliquis
1107 3820 1292 3878 decessorum
1321 3840 1442 3878 suorum

388 3918 493 3973 “eam
515 3916 621 3974 melius
645 3917 723 3974 rexit
747 3921 778 3972 et
800 3915 953 3973 liberius.'’
999 3906 1150 3993 Cumque
1171 3911 1341 3972 clamarent
1357 3916 1557 3986 andi-ternis

386 4023 452 4079 qne,
480 4005 589 4064 “Satis
617 4023 649 4063 se
677 4005 816 4062 humiliat
840 4005 927 4072 rex;”
957 4023 1009 4061 rex
1035 4004 1167 4060 Francia
1196 3994 1440 4081 aliquantulum
1453 3976 1589 4070 &ididiam

216 4116 303 4181 Arm,
385 4093 497 4153 motus
519 4087 556 4152 in
588 4085 876 4172 archiepiscopum,
908 4085 1004 4163 dixit,
1033 4092 1187 4149 “Domine
1213 4094 1439 4168 archiepiscope,
1454 4074 1542 4128 Hm·

216 4188 291 4234 (132·
387 4190 406 4217 ‘⁴
424 4189 470 4245 vis
488 4188 582 4262 major
599 4206 662 4245 esse
681 4188 789 4245 sanctis
807 4185 853 4243 vel
871 4187 977 4243 melior
988 4184 1097 4242 Petro-P
1114 4184 1185 4258 qnid
1202 4184 1341 4241 dubitas?
1366 4186 1441 4242 Ecce

388 4283 408 4308 «ι
427 4298 483 4353 p„
502 4274 538 4338 in
561 4277 717 4360 promptu
739 4279 813 4335 est.”
832 4310 836 4317 ι
858 4271 957 4336 Dixit
986 4276 1099 4336 autem
1122 4268 1392 4357 archiepiscopus,
1411 4297 1442 4335 ΒΘ

103 4428 110 4437 .
217 4406 367 4457 Herbffl
386 4372 463 4428 velle
488 4371 616 4427 libenter
643 4369 796 4427 ecclesiam
821 4381 915 4426 suam
937 4371 1067 4442 recipere
1097 4370 1136 4424 in»
1159 4380 1196 4424 ea
1217 4369 1356 4426 libertate
1381 4382 1442 4441 qua

216 4471 250 4523 iv.
263 4478 304 4525 11.
387 4457 595 4518 antecessores
613 4459 660 4516 sui
680 4475 745 4514 eam
763 4458 941 4523 habuerunt,
959 4457 1183 4514 consuetudines
1200 4453 1312 4514 autem
1331 4465 1440 4514 sancto·

385 4568 453 4606 rum
477 4554 596 4623 patrum
621 4548 766 4605 institutis
789 4546 978 4604 adversantes
995 4560 1030 4605 se
1047 4559 1110 4604 non
1127 4543 1331 4624 recepturum
1354 4539 1439 4605 dioe-

420 4735 429 4769 ¹
441 4735 628 4801 munuficentia]
643 4732 848 4802 magnificentiae,
859 4732 889 4786 0.
969 4733 1075 4801 ³repes]
1090 4750 1141 4785 om.
1153 4733 1183 4785 Ο,

417 4815 429 4849 ²
435 4816 562 4883 placeret}
577 4817 671 4883 placet,
681 4814 712 4866 G.
969 4813 979 4845 ⁴
992 4812 1083 4880 icitur]
1098 4822 1191 4877 autem,
1203 4815 1232 4867 C.

476 4918 556 4969 Act.
1097 4928 1100 4937 ⁴
1285 4915 1308 4963 0
