3646 5720
745 817 857 867 ornus
880 818 1072 868 marcidos.
1373 807 1438 873 289

387 1005 407 1032 “
425 1021 557 1076 quemur,
577 1021 665 1077 quam
689 1004 714 1059 si
739 1005 850 1060 nutrire
868 1024 933 1077 quae
957 1010 1038 1061 reeta
1061 1011 1137 1072 sunt,
1158 1010 1188 1061 et
1205 1004 1350 1077 corrigere
1371 1023 1437 1076 quse
1466 1030 1588 1077 mm,

424 1088 586 1159 profectum
613 1086 744 1143 veritatis
770 1086 944 1159 impediunt,
973 1105 1135 1159 pensemus.
1176 1089 1312 1144 Fratrum
1338 1094 1436 1144 autom
1483 1080 1571 1124 Μ’·

386 1172 405 1198 “
426 1176 456 1226 ct
483 1171 718 1242 coepiscoporum
745 1176 911 1226 nostrorum
938 1172 1105 1227 vehementi
1130 1172 1336 1242 conquestione
1361 1146 1597 1250 com-{fflffib'

386 1256 406 1281 ‘⁸
425 1254 564 1326 perimus,
582 1253 658 1324 quod
676 1253 780 1309 batres
798 1254 912 1326 Templi
930 1259 961 1309 et
978 1254 1151 1327 Hospitalis,
1169 1255 1220 1310 alii
1239 1272 1352 1327 qnoque
1370 1255 1437 1310 reli·
1448 1247 1605 1349 2m⁰

386 1339 405 1364 “
423 1338 515 1408 mosae
532 1336 728 1409 professionis,
747 1336 863 1392 indulta
880 1337 937 1392 sibi
958 1338 995 1393 ab
1013 1337 1171 1408 apostolica
1189 1336 1257 1392 sede
1281 1338 1437 1409 privilegia
1448 1348 1591 1392 mathan

385 1423 405 1449 ‘⁸
423 1420 603 1487 excedentes,
632 1426 734 1475 cenna
757 1420 945 1491 apostolicam
970 1420 1297 1491 auctoritatem,multa
1327 1438 1434 1492 praesu·
1447 1398 1578 1450 mm·

386 1505 403 1530 “
423 1510 516 1569 munt,
537 1521 603 1574 quae
620 1502 668 1558 et¹
687 1500 854 1557 scandalum
872 1503 983 1558 faciunt
1005 1502 1037 1557 in
1062 1503 1170 1576 populo
1194 1502 1260 1568 Dei,
1286 1508 1316 1557 et
1341 1520 1431 1573 grave

386 1587 404 1611 “
424 1586 542 1657 pariunt
559 1585 723 1658 periculum
741 1586 913 1640 animarum.
950 1586 1167 1657 Proposuernut
1187 1586 1266 1640 enim
1290 1586 1368 1658 qnod
1389 1603 1434 1641 oc·

386 1671 405 1696 “
424 1671 528 1725 elesius
552 1670 699 1741 recipiunt
724 1668 760 1724 de
785 1667 920 1724 manibus
945 1669 1096 1734 laieorum,
1116 1669 1379 1725 excommunicatos
1405 1676 1436 1725 et

386 1753 405 1780 ‘⁶
425 1752 595 1808 interdictos
613 1752 650 1808 ed
668 1752 864 1808 ecclesiastice
881 1758 1062 1807 sacramenta
1080 1758 1111 1807 et
1128 1752 1309 1823 sepulturam
1329 1752 1435 1809 admit·

385 1837 403 1861 “
422 1841 488 1891 tant
508 1835 540 1890 in
566 1835 697 1891 eeclesiis
716 1835 778 1890 suis
801 1840 910 1907 praeter
929 1852 1030 1889 eornm
1054 1835 1272 1901 conscienciam,
1296 1842 1327 1891 et
1350 1836 1433 1891 iusti·

382 1920 403 1945 “
421 1924 508 1975 tuant
525 1925 555 1974 et
572 1928 726 1974 amoveant
744 1917 906 1974 secerdotes
915 1938 925 1981 ;
944 1926 974 1974 et
992 1918 1132 1973 fratribus
1151 1934 1251 1975 corum
1274 1917 1313 1973 ad
1329 1919 1434 1974 elemo-

385 2003 404 2028 “
423 2019 511 2074 cynas
540 2001 711 2072 quaerendas
740 2001 888 2067 euntibus,
919 2018 986 2056 oum
1017 2001 1165 2056 indultum
1196 2001 1238 2056 eis
1268 2002 1308 2058 sit
1338 2008 1373 2058 ut
1403 2003 1435 2057 in

364 2086 403 2115 ‘⁴‘
422 2102 522 2140 eorum
541 2084 667 2140 adventu
685 2085 775 2140 semel
797 2085 828 2139 in
846 2101 921 2139 anno
942 2086 1112 2156 aperientur
1134 2084 1273 2150 ecclesie,
1293 2091 1382 2156 atque
1403 2086 1434 2140 iu
1446 2095 1542 2159 eanum
1579 2099 1604 2141 ot

384 2170 402 2196 “
421 2169 464 2224 eis
481 2168 581 2224 diviua
598 2166 784 2223 celebrentur
801 2166 904 2231 officia,
923 2166 1022 2237 plures
1042 2183 1077 2221 cx
1102 2166 1145 2221 eis
1167 2166 1204 2222 de
1228 2184 1288 2222 una
1312 2168 1375 2223 sive
1399 2147 1532 2223 (19ιῃῖθηίι

384 2251 546 2307 “diversis
570 2251 704 2307 domibus
725 2249 764 2305 ad
787 2248 975 2305 interdictum
999 2249 1095 2304 locum
1123 2250 1229 2321 saepius
1252 2249 1432 2317 accedentes,

383 2337 402 2362 “
422 2334 606 2406 indulgentia
630 2333 852 2406 privilegiorum
877 2337 1044 2386 nostrornm
1072 2332 1103 2387 iu
1127 2332 1309 2388 celebrandis
1334 2332 1435 2389 officiis

383 2421 402 2446 ⁴⁴
423 2418 594 2483 abutuntur,
614 2423 644 2473 et
662 2424 732 2473 tunc
751 2421 882 2471 mortuos
900 2414 978 2485 apud
996 2413 1169 2470 interdictas
1193 2415 1331 2470 ecclesias
1354 2432 1434 2486 sepe·

383 2505 402 2530 “
422 2502 478 2556 lire
503 2509 692 2573 prresumnnt.
729 2497 887 2555 Occasione
914 2513 1030 2567 quoque
1058 2495 1278 2551 fraternitatum
1305 2513 1377 2568 quas
1403 2498 1604 2559 manamaur

383 2586 555 2659 “pluribus
580 2585 653 2640 locis
680 2582 801 2647 faciunt,
825 2580 916 2636 robur
942 2579 1117 2650 episcopalis
1144 2579 1327 2634 auctoritatis
1351 2597 1432 2635 enor-
1445 2555 1571 2660 ffiffi,

383 2672 402 2697 ‘⁶
421 2673 501 2733 rant,
520 2668 591 2723 dum
616 2671 717 2722 contra
741 2681 841 2719 eorum
862 2662 1039 2719 sententiam
1061 2661 1115 2717 sub
1133 2660 1299 2731 aliquorum
1316 2662 1432 2733 privile·

383 2752 538 2823 “giorum
564 2750 686 2806 obtentu
710 2748 826 2803 munire
854 2751 974 2802 cunctos
997 2744 1162 2809 intendunt,
1190 2744 1242 2815 qni
1267 2744 1306 2800 ad
1332 2763 1433 2801 corum

383 2838 402 2864 “
421 2835 639 2890 fraternitatem
656 2831 805 2887 voluerint
822 2847 853 2884 se
871 2829 1011 2885 conferre.
1049 2828 1085 2882 In
1103 2827 1151 2882 his
1175 2833 1273 2883 autem
1291 2828 1360 2899 quia
1375 2845 1434 2883 uon

382 2921 401 2946 “
421 2922 483 2973 tam
507 2917 544 2972 de
569 2916 714 2987 majorum
745 2913 923 2969 conscientia
948 2928 1035 2983 quam
1064 2910 1101 2965 de
1126 2910 1275 2965 minorum
1300 2910 1435 2967 masaa

382 3003 402 3029 “
421 2999 523 3056 tione²
550 2998 731 3070 quorundam
757 2994 920 3059 exceditur,
948 3000 979 3049 et
1005 2993 1181 3048 removenda
1207 3010 1242 3048 ea
1272 2994 1302 3047 iu
1329 2993 1435 3064 quibus

382 3088 402 3114 “
422 3084 582 3148 exceditur,
602 3088 633 3137 et
657 3098 722 3152 quae
748 3079 961 3134 dubitationem
987 3076 1109 3141 faciunt,
1133 3077 1316 3132 decrevimus
1341 3077 1435 3133 decla·

353 3208 361 3223 .
383 3168 402 3195 “
421 3166 522 3222 raudo.
560 3164 705 3219 Ecclesiae
732 3178 801 3217 sane
826 3166 856 3216 et
880 3160 1564 3232 decima‚sinec0nsensuepiscopo·1,.„,„

383 3252 402 3278 ‘⁴
420 3268 496 3317 rum,
516 3249 553 3304 de
577 3263 666 3302 maun
690 3243 833 3299 laicorum
858 3249 919 3298 tam
944 3242 1011 3296 illos
1038 3259 1126 3312 quam
1152 3258 1338 3314 quoscunque
1361 3243 1435 3298 alios
1446 3234 1590 3328 ffiffldolss

383 3333 576 3404 “religiosos
601 3329 730 3400 recipere
758 3326 956 3399 probibemus,
976 3324 1103 3379 dimissis
1128 3326 1217 3379 etium
1240 3342 1311 3395 quas
1333 3331 1435 3381 contra
1446 3296 1603 3380 maculasse.

382 3419 402 3445 “
422 3424 551 3472 tenorem
578 3414 667 3468 istum
693 3411 832 3466 moderno
857 3414 986 3478 tempore
1011 3411 1193 3477 receperunt.
1229 3407 1433 3463 Excommuni·

383 3501 402 3526 “
422 3504 501 3554 catos
519 3504 549 3552 et
565 3494 739 3551 nominatim
758 3490 938 3553 interdictos,
957 3496 1018 3543 tam
1036 3488 1073 3542 ab
1092 3488 1162 3551 illis,
1181 3506 1268 3558 quam
1286 3489 1324 3544 ab
1342 3491 1434 3544 omni.

383 3584 403 3610 “
422 3583 476 3637 bus
500 3581 566 3636 aliis
585 3580 671 3651 juxta
688 3577 891 3648 episcoporum
909 3572 1083 3627 sententiam
1100 3572 1255 3626 statuimus
1273 3573 1433 3630 ennacos.

382 3670 402 3695 ‘¹
421 3667 459 3721 ln
476 3664 607 3721 ecclesiis
625 3662 686 3716 suis
705 3677 771 3731 quae
788 3657 826 3713 ad
843 3674 892 3712 eos
910 3656 997 3728 pleno
1011 3655 1079 3726 jure
1097 3671 1156 3710 non
1174 3654 1331 3725 pertinent,
1352 3657 1433 3711 insti·

382 3752 401 3778 ‘⁸
422 3748 545 3805 tuendos
563 3746 749 3819 presbyteros
773 3740 918 3813 episcopis
942 3745 1171 3809 repraesentent:
1192 3752 1226 3792 ut
1250 3738 1293 3794 cis
1314 3739 1434 3810 quidem

384 3836 403 3862 “
423 3833 460 3888 de
478 3831 572 3903 plebis
589 3845 659 3884 cura
676 3824 877 3898 respondeant,
896 3823 970 3893 ipsis
987 3838 1057 3875 vero
1079 3838 1133 3891 pro
1157 3820 1244 3875 rebus
1269 3823 1435 3893 temporali·

383 3918 401 3944 “
421 3915 477 3969 bus
506 3912 649 3968 rationem
683 3907 838 3963 exhibeant
874 3908 1093 3976 competentem.
1143 3902 1300 3958 Institntos
1336 3911 1434 3958 autem

383 3994 596 4053 “inconsultis
617 3987 982 4064 episcopisnonaudeant
1005 4002 1162 4040 removere.
1200 3985 1233 4040 Si
1257 4002 1325 4041 vero
1349 3986 1433 4041 'Pem-

383 4084 401 4109 “
421 4080 507 4153 plarii
535 4077 597 4134 sive
621 4073 813 4145 Hospitalarii
838 4072 876 4126 ad
899 4070 1051 4126 ecclesiam
1077 4068 1261 4124 interdictam
1288 4069 1432 4133 venerint,

383 4167 402 4192 “
422 4181 480 4218 non
497 4161 555 4216 nisi
574 4159 664 4215 semol
682 4159 713 4212 iu
731 4173 806 4211 anno
830 4155 868 4209 ad
887 4152 1117 4209 ecclesiasticum
1135 4151 1261 4229 officium
1279 4151 1434 4207 admittan-

383 4249 402 4276 “
422 4252 482 4309 tur,
501 4261 556 4300 uec
580 4248 651 4297 tnnc
672 4240 713 4295 ibi
731 4254 853 4310 corpora
876 4236 1019 4308 sepeliant
1043 4240 1233 4290 mortuorum.
1270 4234 1314 4289 De
1332 4235 1433 4290 frater-

384 4327 566 4385 “nitatibus
593 4330 693 4380 autem
717 4322 773 4378 boc
800 4320 1013 4383 constituimus,
1033 4324 1067 4373 ut
1093 4318 1119 4373 si
1146 4335 1204 4372 non
1220 4312 1260 4373 ‘so
1286 4318 1434 4389 predictis

384 4414 404 4442 “
423 4411 563 4468 fratribus
593 4408 712 4464 omnino
741 4404 932 4468 reddiderint,
964 4402 1016 4457 sed
1046 4403 1077 4457 in
1108 4402 1336 4473 proprietatibus
1373 4401 1433 4455 suis

462 4619 470 4652 ¹
482 4633 537 4682 «μω
548 4616 584 4682 et]
599 4623 626 4665 et
636 4628 701 4678 quse,
712 4613 746 4661 A.
758 4612 788 4660 B.

460 4692 667 4758 ’daramium
689 4687 876 4747 discertaticne,
888 4688 922 4736 A.
933 4687 964 4736 B.
981 4686 1029 4744 C.;
1046 4684 1207 4746 discretione,
1219 4686 1350 4736 Benedict.

471 4775 533 4818 not.
1279 4781 1301 4827 'l'
