3572 5744
437 786 479 854 56
637 802 798 855 oanvssn
821 804 981 856 mousom
1005 804 1278 858 camusnmusrs

227 1010 231 1017 ’
271 969 416 1066 ΒὛὛΗ
439 992 604 1058 “tuenda
624 994 747 1058 mortui
769 999 857 1071 sunt,
880 994 946 1059 et
931 1015 1003 1079 Jam
1024 993 1095 1059 filia
1117 1002 1227 1059 vestra
1242 950 1492 1059 Cantnarisnsis

270 1022 421 1176 oiilidiill.
440 1102 456 1128 “
479 1095 615 1161 eoolosia
636 1101 688 1161 tot
709 1097 875 1212 angustiis
897 1119 1010 1213 pressa
1031 1097 1091 1161 vix
1113 1096 1242 1184 spirans
1275 1096 1404 1174 elamat,
1427 1094 1491 1159 lli-
1505 1108 1558 1160 τοι
1565 1109 1617 1160 ιιι
1627 1111 1662 1153 ιι.

270 1192 390 1284 mmo}
440 1204 457 1230 “
478 1197 632 1263 seremini
655 1199 729 1277 mei,
751 1199 951 1265 miseremini
973 1200 1039 1265 mei
1069 1199 1185 1266 saltem
1207 1220 1267 1265 vos
1298 1198 1396 1265 amisi
1417 1197 1491 1276 mei,

270 1278 339 1319 ‘¹⁰⁰⁸'
439 1307 455 1333 “
479 1299 557 1385 quia
589 1320 707 1365 manus
739 1299 876 1366 Domini
899 1301 1012 1388 tetigit
1037 1323 1098 1368 me
1143 1301 1307 1368 Laboravi
1338 1300 1491 1377 olamans,

438 1409 454 1436 “
478 1423 585 1467 rauoae
606 1402 703 1468 faotae
734 1408 814 1468 sunt
835 1402 944 1470 fauoes
977 1424 1068 1481 mess,
1091 1402 1280 1470 defsosrunt
1309 1403 1396 1470 oouli
1427 1402 1638 1472 meimrxine

438 1512 455 1538 ‘¹
478 1504 557 1568 dum
580 1526 674 1590 spero
697 1505 733 1569 in
759 1504 867 1571 Deum
890 1527 1008 1571 meum
1054 1504 1184 1572 Defecit
1204 1505 1364 1593 gaudium
1386 1476 1523 1571 sordis
1504 1524 1648 1572 mmmm..

438 1614 455 1640 “
477 1607 590 1685 nostri,
613 1629 727 1673 versus
757 1609 838 1674 est
829 1630 865 1673 m
888 1608 1015 1673 lurtum
1037 1607 1155 1674 chorus
1177 1613 1310 1688 noster;
1330 1607 1412 1674 faeti
1438 1629 1493 1672 su·
1503 1580 1611 1674 iarun.
1620 1628 1654 1670 ra

439 1714 456 1741 “
478 1730 552 1773 mus
575 1709 786 1827 obprobrium
808 1711 927 1777 vicinis
949 1711 1078 1788 nostris,
1101 1710 1316 1776 subsannatro
1327 1714 1362 1775 et
1383 1709 1494 1775 illusio

439 1818 456 1844 ‘¹
478 1811 531 1875 his
554 1813 611 1897 qui
634 1813 670 1877 in
691 1812 832 1880 oirouitu
854 1819 967 1879 nostro
989 1818 1077 1879 sunt.
1123 1813 1224 1879 Nuno
1245 1835 1331 1899 ergo,
1354 1811 1493 1889 domine,

440 1920 456 1946 “
479 1913 602 1979 totiens
624 1915 784 2001 repetitus
806 1915 928 1983 elamor
950 1914 1154 1981 omittendus
1176 1920 1235 1993 est,
1257 1916 1367 1981 laetus
1382 1920 1417 1980 et
1436 1915 1494 1980 do·

440 2022 456 2047 “
479 2013 529 2078 lor
551 2016 765 2081 assumendus
799 2023 834 2082 et
864 2017 1029 2104 tragoedia
1059 2017 1265 2104 personando.
1298 2022 1357 2094 est,
1380 2022 1420 2081 ut
1441 2016 1495 2082 vel

441 2124 458 2150 “
480 2117 528 2182 sio
550 2139 733 2184 mereamur
766 2120 810 2184 ab
842 2120 993 2186 hostibus
1025 2119 1165 2186 liberari.
1212 2118 1390 2186 Suoourrat
1410 2140 1496 2204 ergo,

442 2226 459 2252 “
481 2227 656 2299 succurrat
679 2222 909 2289 serenissimel
942 2223 1147 2309 potentillae
1169 2227 1289 2289 vestrm
1321 2221 1497 2290 (lautumi-

442 2322 552 2387 “ensi
582 2323 725 2390 ecelesiae
755 2325 826 2410 jam
849 2325 885 2389 in
907 2326 1065 2392 extremis
1090 2325 1256 2392 laboranti
1287 2325 1394 2412 pietas
1424 2345 1498 2390 ves·

442 2432 459 2458 “
482 2430 542 2503 tra,
565 2447 607 2492 ns
629 2431 712 2492 tune
733 2426 840 2515 primo
863 2427 1073 2494 eorrectionis
1096 2449 1233 2495 manum
1256 2428 1368 2494 velitis
1397 2448 1497 2514 appo

441 2534 458 2560 “
481 2549 558 2593 nere
589 2550 665 2595 oum
687 2550 755 2595 non
789 2529 893 2615 possit
924 2530 1134 2616 aliquatenus
1165 2530 1301 2597 eeclesia
1321 2530 1499 2615 respirare3

398 2701 403 2711 ,
442 2636 460 2662 “
481 2628 537 2693 vel
559 2629 588 2694 si
609 2650 684 2695 eam
707 2635 746 2695 ut
767 2631 902 2717 penitus
924 2639 1046 2717 pereat,
1069 2632 1159 2718 quod
1179 2632 1277 2711 absit,
1299 2631 1403 2697 vultis
1426 2652 1498 2718 por·

296 2713 344 2795 niu
397 2714 416 2796 ¹3
441 2738 458 2764 “
480 2732 621 2809 mittere,
638 2733 732 2798 vobis
747 2732 865 2798 saltem
881 2738 934 2799 tot
948 2739 983 2800 et
1003 2739 1072 2800 tam
1087 2756 1206 2821 graves
1227 2734 1338 2800 illatas
1361 2733 1499 2820 injurias

298 2815 320 2913 33
357 2825 387 2913 xij
441 2841 458 2867 “
479 2834 583 2899 nolite
620 2834 835 2902 dissimulare.
881 2835 1014 2902 Monuit
1047 2838 1136 2902 enim
1167 2835 1392 2902 malefactores
1424 2857 1499 2899 nos·

273 2915 352 2997 dics
374 2916 419 2999 ”vo
441 2943 457 2969 “
480 2941 548 3000 tros
571 2936 677 3022 pietas
692 2943 803 3002 vestra
825 2941 865 3001 ut
885 2937 929 3003 ab
951 2939 1091 3024 inceptis
1124 2938 1326 3016 desisterent
1350 2938 1499 3025 districte

314 3016 330 3046 η
441 3037 653 3104 “mandavit
687 3044 726 3103 ut
757 3039 986 3126 resipiscerent
1007 3046 1044 3106 et
1080 3046 1188 3106 errata
1221 3041 1446 3127 oorrigment,⁵
1462 3044 1498 3105 st

441 3148 458 3174 “
479 3139 659 3206 noluerunt
679 3141 896 3226 adquiesoere.
943 3142 1141 3229 Replioastis
1162 3144 1356 3209 mandatum
1382 3149 1418 3208 et
1439 3164 1497 3208 no-

440 3251 457 3276 “
480 3242 614 3308 luerunt
634 3242 769 3323 audire;
789 3244 988 3310 sententiam
1020 3245 1242 3312 anathematis
1272 3245 1440 3323 intulistis,
1463 3248 1499 3310 et

441 3353 457 3379 “
479 3345 565 3411 hane
587 3346 687 3411 etiam
710 3345 865 3412 obdurati
886 3354 1162 3435 aontompsenmt
1210 3349 1384 3414 Sententia
1409 3348 1497 3413 enim

440 3454 458 3481 “
480 3452 601 3527 vestra,
624 3454 693 3513 tam
716 3448 908 3515 sollenniter
929 3457 965 3516 et
982 3452 1074 3536 juste
1097 3452 1133 3514 in
1164 3451 1332 3517 invasores
1353 3450 1432 3528 lata,
1461 3450 1498 3515 in

441 3558 457 3583 ‘⁴
480 3549 624 3615 derisum
647 3557 682 3617 et
703 3557 930 3638 oontemptum
953 3552 1069 3619 habita
1091 3559 1150 3632 est,
1173 3560 1214 3620 ut
1239 3559 1273 3619 et
1302 3553 1394 3619 bruti
1426 3574 1496 3617 ms-

441 3659 459 3685 “
482 3652 541 3719 tioi
578 3658 613 3719 et
649 3651 771 3742 vulgus
807 3653 953 3741 ignobile
990 3654 1247 3741 presbiterorum
1284 3676 1418 3721 suorum
1463 3659 1498 3719 et

440 3762 458 3788 “
481 3762 650 3841 postorum
683 3755 861 3823 anathema
891 3777 959 3823 non
989 3757 1140 3835 timeant,
1162 3779 1237 3824 oum
1270 3778 1331 3823 neo
1353 3762 1497 3823 vostram

341 3888 366 3949 g
439 3859 679 3927 “sententiam
708 3858 916 3944 oonspioiunt
947 3880 1015 3926 non
1049 3859 1163 3925 teneri.
1209 3859 1348 3924 Gladius
1385 3857 1498 3925 enim²

284 3950 384 4032 oswii
440 3967 457 3993 “
479 3960 578 4039 Petri,
601 3960 778 4027 reverendo
801 3966 903 4046 pater,
927 3960 1107 4027 secundum
1130 3961 1243 4026 datam
1266 3960 1361 4027 vobis
1381 3983 1404 4027 a
1426 3961 1497 4027 Deo

271 4050 335 4133 ⁰¹²r⁰
374 4052 401 4135 ‚⁰
439 4063 676 4149 “sapientiam
712 4063 919 4151 arripiendus
956 4070 1015 4140 est
1053 4063 1096 4128 in·
1126 4062 1271 4129 Maleum
1311 4063 1496 4130 maleficum

440 4172 456 4198 “
478 4166 683 4233 manuforti
705 4173 740 4232 st
769 4166 903 4233 braohio
937 4168 1074 4232 extento
1097 4165 1286 4245 vibrandus,
1309 4172 1350 4231 ut
1380 4188 1495 4254 ampu-

439 4276 456 4301 “
478 4272 550 4334 tata
576 4290 655 4334 aure
685 4267 814 4334 asinina
844 4266 1001 4333 mandata
1023 4272 1135 4333 vestra
1163 4267 1284 4334 elarius
1313 4268 1438 4345 audiat
1461 4272 1496 4334 et

439 4378 456 4404 “
479 4371 650 4457 praeoeptis
672 4369 792 4436 vestris
822 4376 862 4435 ut
890 4370 1029 4457 dignum
1063 4375 1114 4435 est
1146 4369 1325 4457 aliquando
1358 4369 1497 4457 incipiat

438 4481 456 4507 “
479 4472 620 4550 obedire,
646 4494 688 4538 ne
710 4469 867 4538 videlieet
888 4493 947 4557 per
969 4472 1081 4539 orbem
1104 4476 1201 4539 terrae
1224 4480 1336 4539 vestra
1357 4472 1500 4538 vilesoat.

477 4724 666 4791 ¹sereru'rriuo]
681 4723 847 4786 severissime,
857 4724 888 4775 B.
967 4725 973 4794 Ι
1021 4723 1118 4792 ἀίω]
1133 4739 1203 4792 ergo,
1215 4727 1244 4779 C.
