3572 5744
727 838 839 890 orsus
861 840 1050 893 ursromcs.
1366 828 1407 895 59

356 1024 375 1047 ‘⁸
394 1024 502 1080 stelicae
532 1026 608 1082 sedis
638 1026 760 1097 legatus,
791 1025 828 1082 de
857 1044 932 1082 novo
962 1035 1044 1081 extra
1073 1027 1259 1082 Cantauriam
1288 1029 1407 1098 incepit,
1433 1019 1557 1124 Afflss}

356 1108 375 1131 “
394 1108 494 1178 gravis
511 1126 542 1165 se
559 1117 717 1182 querantur
734 1108 888 1182 dispendia
904 1109 1059 1175 subituras,
1079 1129 1132 1165 nos
1149 1128 1250 1166 eornm
1273 1110 1335 1183 juri
1359 1128 1408 1166 vo·
1420 1119 1517 1216 ξω
1526 1172 1567 1217 m

357 1190 376 1214 ‘⁴
395 1190 487 1248 lentes
505 1198 592 1265 prout
617 1198 751 1248 tenemur
777 1210 812 1247 ex
839 1192 931 1249 officio
958 1192 1119 1266 providere,
1140 1211 1174 1248 cx
1199 1193 1409 1250 deliberatione
1421 1222 1561 1273 amnoanoo

356 1274 374 1298 “
393 1275 515 1332 fratrum
534 1284 698 1333 nostrorum
724 1275 780 1348 ipsi
806 1276 1020 1350 archiepiscopo
1048 1277 1179 1333 districte
1207 1279 1407 1350 precepimus,
1422 1273 1572 1367 mizi&

356 1358 374 1382 “
393 1364 428 1413 ut
444 1359 476 1413 in
493 1360 708 1415 constructione
726 1360 902 1433 praecripta
924 1378 1009 1416 novae
1028 1360 1159 1417 ecclesiis
1177 1361 1224 1423 vel
1244 1362 1275 1415 iu
1292 1362 1409 1417 institu-
1422 1355 1524 1418 binatis

356 1442 374 1465 “
394 1440 472 1497 tione
490 1443 702 1509 canonicorum,
722 1441 813 1498 donec
830 1442 948 1515 cognita
974 1461 1062 1499 cansa
1088 1450 1250 1499 statuamus
1277 1443 1348 1515 quid
1375 1462 1410 1499 ex
1422 1424 1548 1518 {hmtffig

357 1526 374 1549 “
393 1523 447 1581 hoc
465 1525 530 1581 lieri
546 1525 659 1592 debeat,
679 1544 737 1582 non
757 1525 903 1599 procedat.
939 1526 1114 1583 Mandamns
1140 1526 1239 1598 itaque
1267 1524 1578 1619 ιιιιίνθιεί-ῗξῇξξξῡὲῐέῗ

357 1610 375 1633 “
394 1608 448 1664 tati
474 1615 578 1665 rosnae
607 1615 692 1682 atque
722 1608 917 1682 praecipimus,
944 1609 1081 1682 quatinus
1108 1610 1331 1676 fraternitatem,
1359 1616 1581 1679 autmoneylorit.

356 1693 375 1716 “
394 1692 636 1764 pradicationem,
656 1711 742 1766 quam
767 1694 914 1750 occasione
939 1693 1019 1750 illius
1042 1693 1174 1750 ecclesia
1192 1695 1349 1767 praedictus
1366 1712 1410 1749 nr·

358 1778 375 1801 ‘⁶
394 1775 591 1849 chiepiscopus
608 1777 645 1832 de
664 1794 741 1833 noro
759 1777 921 1843 constituit,
940 1795 1033 1848 usque
1058 1776 1095 1832 ad
1122 1777 1300 1834 decisionem
1318 1795 1412 1834 canses

358 1862 376 1884 “
395 1861 425 1915 in
443 1861 587 1932 parochiis
605 1861 709 1919 vestris
729 1860 896 1917 nullatenus
922 1860 1095 1929 admittatis,
1114 1880 1170 1917 nec
1197 1862 1410 1935 predicatores,

358 1945 376 1967 “
395 1942 420 1998 si
437 1943 487 2015 qui
504 1943 542 1999 ad
559 1944 615 1999 hoc
633 1943 771 2000 destinati
790 1944 908 2008 fuerint,
930 1943 961 1997 in
979 1943 1051 2015 ipsis
1082 1943 1227 2016 parochiis
1258 1943 1413 2016 patiamini

358 2028 377 2052 “
396 2026 563 2098 predicere,
583 2027 629 2083 vel
655 2045 673 2082 a
692 2027 825 2083 fidelibus
850 2026 988 2082 beneficia
1015 2045 1153 2099 quaerere,
1173 2027 1223 2084 sed
1242 2046 1291 2083 eos
1315 2028 1413 2100 potius

359 2112 377 2135 “
396 2110 433 2166 ab
458 2110 505 2166 his
531 2111 678 2175 desistere,
697 2111 811 2166 sublato
836 2110 1038 2183 appellationis
1063 2112 1221 2179 obstaculc,
1240 2112 1413 2168 auctoritate

359 2195 377 2218 “
396 2199 503 2259 nostra,
536 2193 730 2250 ecclesiastiea
759 2193 939 2250 districtione
969 2193 1087 2265 cogatis.
1137 2194 1247 2251 Datum
1277 2194 1411 2260 Veronae,

360 2280 378 2303 ‘⁴
397 2277 450 2333 vir
467 2277 534 2334 idus
551 2278 652 2334 Meiiss’

511 2535 707 2608 ¹Iadelqeetic
723 2554 757 2592 ce
774 2540 895 2592 memes·
911 2535 1044 2609 audemia
1059 2535 1189 2608 pendente
1209 2536 1262 2591 lite.
1446 2539 1563 2587 turni

1458 2592 1538 2637 Oct&

396 2671 560 2729 “Urbanus
589 2671 749 2743 episcopus,
780 2688 880 2727 servus
910 2690 1059 2728 servornm
1095 2671 1159 2737 Dei,
1191 2671 1308 2727 dilectis
1343 2671 1412 2727 filiis
1425 2666 1569 2762 ffolffiffiffi

361 2760 379 2782 “
398 2756 488 2828 priori
504 2762 534 2811 et
551 2756 707 2812 conventui
726 2754 899 2821 (lautumiae,
922 2755 1047 2810 salutem
1065 2761 1095 2810 et
1121 2754 1311 2826 apostolicam
1328 2755 1412 2810 bene-
1425 2767 1564 2820 hanutyto

360 2844 379 2867 “
398 2840 563 2896 dictionem.
600 2839 675 2895 Cum
693 2838 867 2894 venerabilis
885 2839 976 2893 frater
993 2842 1093 2893 noster
1111 2835 1295 2893 Baldewinns
1319 2837 1413 2893 archi·
1426 2819 1566 2914 &wtfm

360 2926 379 2950 ‘⁴
398 2924 548 2996 episeopus
566 2927 670 2988 vester,
689 2921 766 2977 sicut
777 2939 813 2976 ex
831 2920 988 2993 multiplici
1005 2932 1104 2977 vestra
1116 2920 1321 2994 conquestione
1340 2920 1413 2976 didi·

360 3011 378 3033 “
398 3010 499 3073 cimus,
512 3005 757 3077 tranquillitatem
775 3010 901 3060 vestem
919 3004 1020 3060 crebra
1037 3004 1242 3060 molestatione
1255 3005 1412 3076 perturbet,

360 3094 379 3117 “
399 3096 430 3147 et
440 3095 551 3146 statum
567 3087 736 3144 monasterii
754 3088 845 3143 vestm
863 3087 1046 3144 multimodis
1060 3087 1212 3160 inquietet,
1227 3087 1351 3160 dignum
1369 3096 1414 3145 est

360 3178 378 3202 ‘⁸
400 3179 430 3230 et
446 3190 605 3231 consonum
622 3172 740 3237 rationi,
760 3179 793 3227 nt
810 3170 861 3243 qui
878 3189 914 3227 ex
925 3171 1057 3242 injuncto
1073 3171 1157 3226 nobis
1169 3170 1262 3227 officio
1280 3177 1415 3228 tenemur

359 3262 379 3285 ¹‘
399 3258 435 3313 ab
452 3255 595 3331 oppressis
614 3254 751 3328 injuriam
769 3255 947 3327 propulsare,
966 3255 1050 3311 vobis
1076 3259 1178 3310 contra
1195 3253 1327 3311 indebita
1349 3273 1413 3327 gre·

361 3344 379 3368 ‘⁴
399 3341 516 3397 vamina
539 3339 631 3412 ipsius
661 3340 790 3394 favorem
807 3337 996 3411 protectionis
1014 3337 1181 3411 apostolica
1203 3338 1413 3410 impendamus.

361 3428 379 3450 ‘⁸
399 3425 559 3497 lisprcpter
576 3423 747 3479 anctoritate
763 3421 846 3477 robis
863 3421 1052 3493 praesentium
1071 3421 1268 3494 indulgemus,
1287 3429 1330 3489 nt,
1344 3439 1413 3494 pen·
1429 3437 1562 3483 natanias

361 3511 379 3534 ‘¹
398 3509 484 3565 dente
502 3508 555 3564 lite
581 3524 646 3579 quaa
664 3506 811 3561 intervos
835 3512 865 3562 et
889 3505 1014 3562 eundem
1037 3505 1285 3579 archiepiscopum
1309 3505 1415 3561 habere
1428 3489 1547 3591 {lffilg

361 3595 379 3618 ‘⁸
399 3591 567 3659 dinoscitur,
587 3590 821 3664 archiepiscopus
847 3590 910 3662 ipse
934 3591 1048 3646 unllam
1066 3591 1098 3646 in
1116 3590 1268 3646 ecclesiam
1285 3590 1333 3645 vel
1351 3590 1580 3662 per-0¹0⁰111m1111i⁴

361 3680 380 3702 ‘⁸
399 3694 484 3733 sonas
502 3682 612 3734 vescas
636 3673 951 3741 excommunicationis,
971 3673 1168 3747 suspensionis
1192 3675 1240 3728 vel
1267 3674 1415 3730 interdicti
1428 3643 1542 3735 ‹atqqqs

362 3759 576 3816 “sententiam
600 3757 707 3815 audeat
731 3757 926 3830 promulgare,
945 3756 993 3812 rel
1018 3756 1147 3813 ecclesia
1173 3755 1338 3813 hominibus
1363 3765 1415 3813 aut
1428 3740 1563 3836 ,3³⁶¹th

363 3842 626 3917 “possessionibus
661 3841 767 3897 vestris
795 3840 914 3914 aliquod
943 3858 1101 3912 gravamen
1131 3841 1255 3905 inferre;
1285 3839 1363 3911 quod
1389 3839 1415 3896 si
1429 3841 1505 3885 malo
1523 3843 1564 3887 the

364 3930 578 3984 “memoratus
607 3925 838 3997 archiepiscopus
875 3925 906 3979 in
935 3941 986 3979 vos
1015 3928 1067 3980 aut
1102 3924 1255 3980 ecclesiam
1290 3926 1415 3979 vestiam
1428 3904 1504 3938 ω’

364 4011 527 4083 “aliquam
563 4008 770 4083 praedictarum
800 4007 1012 4064 sententiarum
1041 4007 1228 4079 promulgare
1258 4024 1415 4080 praesump-

364 4097 382 4120 “
401 4095 480 4161 serit,
500 4091 677 4149 senteutiam
695 4090 797 4162 ipsam,
816 4090 893 4146 sicut
917 4096 1018 4146 contra
1042 4089 1255 4162 indulgentiam
1280 4089 1417 4161 apostoli·

363 4180 382 4203 “
400 4196 464 4233 eam
482 4177 707 4251 promulgatam,
726 4175 803 4230 vires
820 4172 1002 4230 decernimus
1022 4191 1083 4230 non
1100 4173 1217 4240 habere,
1237 4178 1267 4228 ct
1285 4172 1316 4227 in
1334 4172 1417 4227 nullo

364 4264 382 4287 ‘⁶
401 4261 516 4334 penitus
533 4258 686 4317 observari.
725 4258 810 4315 Nulli
827 4275 897 4330 ergo
915 4257 1033 4313 omnino
1050 4257 1203 4313 hominum
1228 4256 1316 4312 liceat
1341 4255 1417 4311 hanc

364 4347 382 4370 ‘⁴
400 4345 539 4417 paginam
555 4342 663 4400 nostrae
681 4343 873 4400 concessionis
890 4349 921 4399 et
938 4342 1155 4399 constitutionis
1182 4340 1350 4411 infringere,
1370 4335 1417 4395 vel

363 4430 382 4454 ‘¹
401 4429 429 4485 ei
445 4446 517 4487 cusu
534 4427 689 4485 temerario
712 4427 875 4493 contraire;
901 4427 926 4482 si
951 4425 1016 4498 quis
1040 4432 1139 4482 autem
1162 4426 1218 4481 hoc
1245 4430 1417 4496 attemptare

305 4678 313 4695 '
396 4687 589 4763 lIadalqeutlc]
613 4686 678 4746 unis
698 4695 773 4747 letter
791 4692 813 4745 is
830 4708 923 4760 among
942 4692 984 4743 the
1004 4690 1125 4756 Epistola
1146 4688 1348 4751 cantuarienses,
1368 4688 1418 4741 Nc·

364 4776 459 4840 cxxxi,
469 4793 494 4851 p.
510 4781 566 4829 loo.
