3646 5720
761 912 874 966 ornas
896 912 1087 965 rnsromcn
1380 898 1446 965 269

395 1100 417 1126 ·’
435 1102 566 1155 sanctam
584 1096 736 1154 ecclesiam
754 1095 814 1153 Sua
830 1095 1018 1152 miseratione
1035 1094 1172 1169 respexit,
1191 1099 1222 1150 et
1239 1094 1277 1163 ei,
1288 1099 1356 1168 post
1372 1088 1449 1150 mul·
1477 1096 1534 1142 ao.
1541 1095 1600 1143 117⁷.

396 1184 414 1211 ‘⁴
434 1189 479 1239 tas
497 1182 711 1254 persecutiones
729 1181 835 1254 quibus
859 1178 989 1251 gras-itm
1014 1197 1116 1252 pressa
1141 1183 1187 1234 est
1211 1183 1242 1234 et
1265 1179 1377 1243 attrita,
1396 1196 1449 1250 per
1461 1161 1560 1266 ᾗῇ

396 1264 525 1320 “Suam
555 1264 681 1336 gratiam
708 1265 825 1334 plenem
849 1280 951 1335 pacem
974 1263 1104 1318 reddidit
1128 1269 1159 1318 et
1188 1263 1326 1334 quietem.
1372 1262 1450 1317 Data

395 1353 414 1378 “
433 1349 567 1404 Venetia
585 1348 617 1403 in
635 1348 711 1403 Rivo
729 1347 788 1403 alto
805 1347 881 1402 viii'⁰
898 1346 1037 1403 kalendas
1054 1346 1213 1416 Augusti.”

441 1432 581 1519 Scripsit
613 1430 736 1498 etiam¹
761 1430 915 1497 domiuus
946 1452 1033 1517 papa
1063 1431 1255 1497 Alexander
1287 1429 1449 1517 archiepi-

395 1555 491 1620 scopo
517 1532 723 1611 Eboracensi,
747 1538 782 1598 et
811 1532 957 1620 capitulo
988 1529 1221 1599 cisterciensi.z
1266 1531 1450 1619 Imperator

396 1656 526 1721 quoque
549 1634 681 1721 scripsit
703 1633 849 1720 capitulo
873 1631 1084 1700 Cisterciensi
1114 1634 1155 1700 de
1181 1634 1341 1722 praedicta
1370 1654 1450 1721 pace

395 1737 432 1801 in
454 1735 544 1803 hunc
566 1734 721 1817 modum;

434 1841 453 1865 ‘⁴
467 1837 639 1893 Fredericns
665 1836 723 1892 Dei
749 1837 846 1909 gratia
869 1836 1068 1893 Romanorum
1095 1837 1255 1910 imperator
1280 1842 1311 1893 et
1335 1845 1579 1907 sempersetteror

369 1914 373 1921 ’
398 1923 418 1950 “
435 1922 602 1994 Augustus,
615 1919 762 1978 universis
780 1920 935 1978 abbatibus
961 1926 991 1977 et
1016 1922 1158 1978 fratribus
1179 1921 1382 1979 Oisterciensis
1405 1939 1450 1977 or·
1462 1895 1549 1991 {2212}
1580 1907 1620 1939 '⁰'

398 2007 417 2034 ⁴‘
437 2005 515 2061 dinis
532 2006 659 2061 salutem
677 2010 708 2060 et
725 2003 891 2060 dilectionis
909 2005 1123 2076 integritatem.
1159 2004 1302 2075 Quoniam
1326 2005 1363 2060 de
1385 2004 1450 2060 uni·
1463 1997 1579 2089 mimi

399 2089 418 2116 ‘¹
436 2093 498 2144 tate
529 2092 559 2144 et
589 2086 744 2143 concordia
774 2087 907 2143 ecclesiae
936 2092 968 2144 et
996 2087 1074 2144 bono
1104 2092 1185 2144 statu
1211 2087 1329 2162 imperii
1356 2057 1611 2144 nostriiliiiioiiii

398 2172 655 2228 “fraternitatem
685 2176 814 2227 vestram
843 2169 971 2241 gaudere
1002 2176 1033 2227 et
1062 2172 1158 2227 laetari
1186 2190 1244 2245 non
1273 2171 1450 2238 dubitamus,
1463 2147 1607 2193 mmm·

399 2258 418 2283 ‘⁶
436 2255 547 2312 idcirco
564 2253 755 2310 universitati
772 2258 881 2309 vestra
898 2253 1056 2324 religionis
1073 2254 1244 2326 imperiales
1268 2254 1364 2326 apices
1384 2256 1451 2310 mit·

398 2341 417 2365 “
436 2346 499 2395 tere
525 2338 650 2411 dignum
675 2338 823 2404 duximus,
846 2337 1032 2394 insinuantes
1059 2344 1167 2394 vestrm
1194 2338 1345 2395 dilectioni
1381 2355 1451 2409 quo·

398 2424 417 2450 “
436 2423 516 2478 niam
534 2422 589 2477 Dei
607 2421 816 2493 omnipotentis
835 2419 911 2476 dono
929 2426 1073 2492 nutuque,
1094 2420 1185 2493 Cujus
1206 2421 1321 2481 occulto
1338 2421 1452 2494 judicio

398 2507 418 2537 ⁴⁴
436 2505 608 2578 quandoque
626 2503 780 2561 discordiae
803 2503 882 2559 mala
899 2508 1047 2570 creantur,
1067 2508 1098 2559 et
1118 2505 1188 2576 Ipso
1206 2505 1376 2561 moderante
1394 2504 1451 2560 dis-

399 2593 417 2620 “
437 2591 537 2647 cordes
554 2590 593 2645 ad
613 2588 797 2645 concordiam
820 2593 1005 2654 revocantur,
1025 2588 1177 2645 dominum
1195 2588 1395 2646 Alexandrum
1419 2590 1452 2645 in

398 2675 417 2702 “
435 2679 549 2746 patrem
567 2672 751 2744 spiritualem
769 2678 799 2729 et
824 2689 971 2728 summum
992 2673 1161 2743 pontificem
1181 2673 1353 2746 recepimus.
1390 2672 1451 2729 No-

398 2760 418 2785 “
437 2763 503 2813 tum
528 2760 628 2812 antem
652 2760 759 2811 vestrae
784 2755 923 2826 religioni
948 2754 1072 2811 facimus
1097 2755 1245 2827 quoniam,
1265 2755 1452 2828 operantibus

399 2840 554 2897 “dilectis
580 2839 689 2895 nostris
714 2839 787 2894 viris
817 2855 933 2910 magnae
960 2838 1126 2894 sanctitatis
1152 2844 1240 2911 atque
1269 2838 1452 2895 discretionis

400 2923 419 2948 ‘¹
437 2922 482 2978 P.³
499 2923 633 2994 episcopo
652 2920 887 2987 Olaromontano,
906 2924 938 2976 et
958 2920 1064 2977 abbate
1082 2920 1173 2976 Bcnae
1196 2921 1291 2989 vallis,
1311 2927 1342 2978 et
1360 2923 1451 2978 fratre

399 3008 419 3035 “
439 3007 619 3063 Theoderico
643 3022 782 3061 converso
801 3004 944 3070 Oartusae,
964 3005 1017 3076 qni
1034 3005 1164 3061 studiose
1182 3010 1211 3060 et
1228 3005 1382 3063 efficaciter
1398 3022 1452 3079 pro

400 3091 418 3118 “
437 3107 509 3163 pace
526 3094 557 3146 et
575 3087 730 3145 concordia
746 3088 826 3144 inter
843 3105 897 3144 nos
920 3094 951 3143 et
970 3087 1034 3159 jam
1053 3089 1236 3145 nominatum
1253 3088 1452 3145 Alexandrum

399 3174 418 3200 ‘⁴
439 3173 578 3228 Romanae
604 3169 735 3226 ecclesiae
760 3170 928 3243 pontificem
952 3170 1167 3239 laboraverunt,
1191 3171 1335 3228 discordia
1358 3178 1389 3227 et
1414 3172 1453 3229 lis

400 3259 419 3284 “
439 3274 504 3329 quas
531 3256 583 3312 diu
608 3254 745 3326 viguerat
771 3254 888 3326 penitus
914 3259 961 3310 est
987 3255 1147 3327 consopita,
1173 3260 1204 3311 et
1229 3256 1357 3323 dilectio,
1386 3273 1452 3327 quse

400 3340 419 3368 ‘⁶
438 3340 517 3396 inter
540 3355 594 3395 nos
618 3337 754 3411 perierat,
781 3336 854 3410 ipsis
877 3337 1075 3394 mediantibus
1102 3344 1149 3395 est
1175 3339 1340 3395 reformata.
1377 3338 1452 3409 Qua·

401 3426 419 3453 ‘⁴
438 3430 557 3497 propter
573 3428 679 3480 vestra
697 3421 847 3478 sanctitati
865 3426 1024 3494 presentes
1041 3422 1157 3479 litteras
1174 3421 1341 3495 dirigimus,
1357 3424 1453 3481 modis

401 3510 420 3535 “
439 3508 573 3564 omnibus
589 3511 735 3578 rogantes,
755 3505 902 3578 quatinus,
915 3505 1045 3577 ipsorum
1063 3505 1189 3562 bonitati
1205 3508 1342 3579 perlectae
1366 3526 1454 3580 snper

401 3595 420 3621 ‘⁸
439 3591 573 3648 omnibns
597 3590 708 3663 gratias
732 3591 898 3655 relerentes,
916 3594 978 3645 tarn
1001 3589 1088 3646 nobis
1108 3606 1197 3661 quam
1217 3590 1290 3661 ipsis
1313 3591 1350 3647 de
1373 3593 1453 3664 pacis

401 3678 420 3705 ‘⁸
438 3673 644 3731 reformatione
669 3672 899 3744 congaudeatis,⁴
924 3676 1013 3744 atque
1042 3677 1077 3728 ut
1105 3671 1144 3728 ad
1173 3672 1314 3729 honorem
1341 3674 1397 3731 Dei
1422 3681 1454 3731 et

400 3761 420 3786 ‘¹
438 3758 568 3815 ecclesia
593 3757 625 3811 in
648 3756 724 3811 bono
749 3759 830 3811 statu
853 3761 885 3811 et
901 3754 958 3810 Dei
975 3754 1081 3810 timore
1097 3755 1242 3827 possimus
1258 3773 1452 3828 perseverare,

401 3843 420 3868 ‘⁴
439 3840 502 3913 Ipsi
521 3839 652 3895 omnium
676 3836 827 3898 conditer·
846 3842 935 3910 atque
960 3835 1158 3892 Gubernatori
1182 3836 1329 3909 piissimas
1353 3856 1453 3910 preces

401 3924 420 3951 “
439 3920 599 3979 fundatis.’'

443 4007 672 4073 Pullulaverat
693 4005 746 4070 his
768 4004 886 4070 diebus
908 4004 945 4068 in
959 4002 1113 4069 Tolosaui
1135 4003 1265 4069 comitis
1287 4006 1454 4073 territorio
1466 4005 1602 4110 {gwy

398 4110 532 4177 haeresis
558 4108 706 4195 maligna
732 4129 815 4192 quae,
838 4106 938 4172 fidem
969 4111 1004 4171 et
1033 4105 1290 4171 orthodoxorum
1320 4112 1454 4193 patrum
1466 4106 1617 4154 01'200101120·

399 4214 620 4282 ecclesiastica
640 4211 799 4276 instituta
821 4229 994 4286 evacuans,
1012 4228 1081 4274 uon
1103 4207 1211 4274 solum
1233 4207 1355 4295 vulgus
1377 4210 1456 4276 sim.

399 4321 478 4406 plex
503 4319 561 4385 sed
591 4322 626 4383 et
651 4315 796 4383 ecclesiae
822 4314 886 4380 Dei
916 4312 1100 4379 sacerdotes
1123 4318 1158 4378 et
1181 4313 1349 4402 episcopos
1379 4337 1455 4382 cum

398 4420 606 4511 principibus
623 4418 717 4486 laicis
734 4416 812 4483 tabe
832 4415 974 4483 confecit
992 4413 1145 4480 nefanda.
1191 4415 1303 4503 Hujus
1321 4416 1455 4485 haeresis

433 4656 540 4728 urina]
554 4661 631 4723 enim,
643 4659 675 4713 O.
962 4698 965 4701 .
982 4651 993 4686 ⁸
1007 4650 1053 4718 P]
1067 4651 1195 4719 Philippo.
1207 4654 1239 4708 0.
1272 4656 1300 4707 It
1316 4672 1369 4709 vas
1385 4657 1456 4712 Pon-

433 4732 633 4807 ²Cistercierufl
660 4733 845 4795 &cisterciensi
868 4732 903 4785 A.
949 4731 1011 4794 tius,
1021 4730 1114 4797 bishop
1124 4733 1155 4783 oi
1164 4733 1303 4788 clermont.

401 4825 434 4876 Β.
983 4810 1197 4880 wycam]
1210 4813 1441 4882 pudendam
