3662 5728
414 910 479 973 182
614 922 777 972 caavasu
800 922 962 973 uouaoai
986 922 1261 975 carruaararssm

223 1090 228 1099 ⁴
261 1124 383 1173 annac
412 1106 570 1188 ascendit,
593 1112 629 1175 et
649 1108 874 1178 nescientibus
905 1110 974 1178 suis
996 1131 1064 1178 non
1088 1110 1251 1180 modicam
1274 1111 1375 1180 maris
1396 1121 1613 1201 per-yncmc

243 1193 312 1290 iiii'
336 1205 711 1287 Υ1111111111111111
741 1218 799 1281 est
847 1221 1000 1280 Timentes
1030 1218 1145 1281 autem
1175 1219 1280 1282 nautae
1309 1236 1352 1281 ne
1384 1215 1471 1304 regis
1482 1206 1499 1241 ¹·
1511 1194 1553 1242 ²⁰·

243 1294 383 1443 &vind
412 1313 497 1381 irem
519 1312 726 1381 incurrerent
748 1323 774 1381 si
796 1314 1078 1405 archiepiscopum
1108 1316 1180 1382 sine
1201 1317 1288 1406 regis
1310 1338 1471 1385 consensu

295 1395 398 1449 ml·
412 1415 683 1497 trisnsportarent,1
716 1415 871 1484 dicebant
901 1439 936 1484 se
970 1419 1118 1486 adversis
1152 1417 1243 1486 amis
1275 1440 1344 1486 non
1376 1442 1471 1508 posse

411 1516 593 1604 procedere,
615 1524 650 1586 et
679 1517 727 1586 sic
756 1518 1037 1607 archiepiscopum
1068 1521 1196 1588 diutius
1225 1521 1405 1610 fatigatum
1434 1523 1470 1588 in

412 1622 534 1687 terram
552 1628 631 1686 unde
648 1624 801 1691 venerant
824 1627 1037 1690 censuerunt.

457 1720 542 1788 Inde
571 1720 834 1811 archiepiscopus
864 1728 1065 1792 nocturnum
1094 1725 1160 1792 iter
1188 1726 1358 1815 arripiens,
1383 1725 1469 1793 Oen·
1481 1739 1568 1806 elm,
1579 1757 1602 1794 c.
1613 1745 1639 1792 4.

412 1823 557 1890 tuariam
571 1825 733 1912 pervenit,
751 1833 982 1915 convocatisque
1000 1834 1176 1908 quibusdam
1194 1828 1341 1916 ejusdem
1356 1850 1470 1896 mone·

414 1910 493 1991 chin,
506 1922 580 1995 quid
595 1923 652 1981 sibi
663 1922 802 1982 acciderit
819 1917 995 1984 enarravit.
1040 1915 1171 1982 Deinde
1188 1943 1271 1983 coene
1288 1920 1471 1986 brevissima

414 2002 560 2081 refecturi,
580 2015 691 2085 quievit
707 2004 751 2070 ed
768 2003 942 2073 modicum.
987 2015 1075 2072 Mene
1098 2022 1197 2071 autam
1221 2017 1309 2082 sacto,
1327 2027 1472 2074 venerunt

414 2098 592 2158 ministrales
610 2103 688 2175 regis
713 2093 937 2175 Cantilenam,
962 2095 1112 2163 volentes
1134 2100 1174 2162 ut
1196 2095 1350 2163 dicebant
1372 2105 1472 2163 omnia

245 2206 395 2304 ffipffi
416 2179 768 2286 'fugitivi-archiepispopi
782 2182 942 2290 victuelie
959 2194 1125 2293 confiseare.
1163 2193 1222 2293 Sed
1239 2192 1340 2250 audite
1351 2194 1471 2265 visaque

245 2308 354 2355 mm·
413 2290 519 2356 apelus
540 2290 577 2334 ln
600 2269 768 2337 eeclemnm
791 2277 901 2340 euntls
925 2285 1090 2357 praesentia,
1109 2281 1222 2337 confusa
1239 2284 1403 2337 tacuerunt.

458 2369 667 2437 Roxanen
698 2373 814 2440 audito
844 2374 948 2463 ipsius
970 2372 1130 2460 fiigientis
1151 2371 1270 2451 reditu,
1292 2372 1471 2439 admodum
1481 2385 1524 2464 n.
1538 2385 1613 2438 cene

412 2471 547 2559 gavisus
579 2478 637 2539 est.
683 2473 836 2541 Timebat
871 2483 950 2542 enim
979 2499 1017 2537 ne
1052 2472 1082 2537 si
1111 2472 1196 2539 forte
1226 2472 1471 2539 transfretasset
1480 2468 1497 2504 ¹·
1510 2457 1551 2504 ²⁰·

413 2573 478 2641 sibi
499 2574 671 2656 1111111111,
693 2578 758 2644 toti
780 2597 859 2645 vero
881 2573 1061 2665 provinciae
1085 2574 1255 2643 induceret
1282 2574 1470 2641 divinorum

412 2677 667 2765 suspensionem.
1183 2670 1197 2678 ’

458 2787 637 2847 Octavianus
654 2790 840 2847 scismaticus
854 2778 1002 2868 graviter
1024 2782 1198 2866 aegrotens
1216 2784 1318 2843 diebus
1335 2804 1382 2843 xv.
1400 2791 1470 2844 ante
1539 2825 1546 2839 .
1579 2824 1586 2837 ·

1480 2788 1503 2839 Ε
1558 2787 1577 2841 S

245 2858 365 2907 mm·
413 2868 544 2935 obitum
566 2892 664 2936 snum
682 2878 841 2936 freneticus
858 2877 978 2935 effectus
996 2868 1081 2934 obiit
1104 2880 1207 2949 quarta
1232 2876 1306 2933 seria
1331 2882 1398 2949 post
1423 2803 1572 2935 wTflgm·

414 2972 495 3023 taras
512 2966 634 3024 Paschae
658 2967 692 3024 in
717 2969 792 3026 urbe
816 2967 953 3035 Lunensi,
972 2962 1007 3023 et
1031 2963 1164 3037 sepultus
1194 2960 1246 3022 est
1275 2957 1312 3021 in
1334 2957 1470 3024 ecclesia
1480 2920 1592 3039 iiiii?

414 3044 531 3114 Sancti
553 3047 700 3128 Martini,
722 3049 782 3115 ubi
804 3048 897 3116 sedes
920 3052 971 3113 est
993 3044 1186 3132 episcopalis
1208 3050 1243 3113 et
1264 3045 1391 3112 famosa
1411 3047 1471 3114 illa

244 3176 348 3222 vncos
413 3169 534 3236 ymago
563 3150 676 3218 crucis.
722 3151 788 3220 Oui
817 3149 973 3218 successit
1002 3148 1040 3214 in
1062 3146 1215 3214 haeresim
1245 3152 1281 3215 11
1309 3155 1470 3237 papatum

243 3228 395 3331 fflmfl'
413 3249 513 3317 Wido
535 3251 577 3317 de
601 3250 726 3331 Creme,
750 3258 785 3318 et
807 3251 974 3319 Paschelis
995 3248 1182 3336 appellatus
1205 3254 1263 3316 est.

245 3391 367 3439 com
458 3351 538 3418 Post
567 3352 715 3420 Ρ1111112
744 3352 887 3420 Thomas
925 3351 1174 3419 Oantuariensis
1206 3351 1469 3438 archiepiscopus

243 3443 328 3588 ἴῳ
413 3456 617 3523 consecravit
647 3457 684 3522 in
717 3457 852 3524 ecclesia
874 3454 1002 3524 Christi
1032 3454 1212 3541 Rogerium
1246 3454 1290 3521 ad
1323 3455 1470 3542 regimen

243 3544 381 3644 iffi&
412 3556 651 3646 wigorniensis
674 3559 826 3639 eeclesiae,
848 3563 983 3645 accepte
1004 3556 1098 3645 prius
1119 3555 1321 3643 professione
1344 3557 1386 3623 de
1416 3578 1469 3625 ce-

411 3661 531 3729 nonica
553 3661 748 3729 obedientie

457 3762 591 3830 Timens
620 3771 733 3832 autem
763 3786 823 3831 rex
852 3762 985 3851 anglie
1014 3783 1057 3828 ne
1087 3761 1225 3849 impune
1253 3782 1372 3853 manus
1395 3762 1467 3850 ejus
1480 3779 1627 3858 neppam.

412 3864 660 3933 Oentueriensis
704 3866 968 3955 archiepiscopus
1012 3864 1178 3944 evaderet,
1219 3865 1292 3951 jem
1330 3865 1466 3934 edoctus
1478 3846 1637 3899 hb·¹¹¹·⁰·³²·

411 3968 590 4056 multiplici
623 3971 823 4059 cogitatione
853 3975 889 4037 et
917 3988 1097 4058 pravorum
1124 3967 1312 4035 eruditione
1343 3969 1466 4056 quibus

411 4094 488 4139 eum
517 4072 723 4160 pravitatum
754 4071 881 4160 laqueis
912 4071 1096 4149 innodaret,
1119 4070 1278 4158 praecepit
1307 4072 1466 4159 praesules

411 4179 447 4242 et
468 4196 617 4263 proceres
647 4178 741 4265 regni
772 4175 862 4262 apud
884 4173 1177 4241 Northamtoniam
1207 4194 1276 4240 une
1298 4174 1467 4261 cumipse

242 4286 373 4382 pomer-c
412 4276 655 4367 archiepiscopo
692 4275 874 4346 convenire.
937 4274 1004 4356 Qui
1045 4294 1122 4340 cum
1159 4274 1213 4340 die
1251 4274 1351 4341 tertie
1388 4279 1467 4342 ente

243 4340 346 4488 5-3ῒὲ
412 4378 535 4446 festum
570 4379 707 4449 Sencti8
740 4379 872 4447 Kalixti
905 4398 1000 4465 papae
1032 4375 1271 4457 convenissent,
1305 4375 1466 4465 archiepi-

343 4473 351 4488 '
413 4503 530 4570 scopus
565 4491 597 4547 in
632 4491 734 4549 multis
769 4486 942 4552 accusatus
980 4484 1050 4546 est:
1097 4486 1196 4545 Primo
1232 4486 1311 4560 qnod
1347 4487 1466 4545 cuidem

445 4746 688 4814 ¹trcceportcrent]
703 4752 906 4815 nenspouereut,
963 4702 1213 4836 Τέθξζὲξωὼ]
1230 4703 1302 4772 Aug·
1320 4709 1362 4757 28·
1395 4704 1467 4757 Am.

412 4825 441 4879 c·
960 4882 965 4891 ·
997 4862 1124 4929 ⁸Scncti]
1139 4877 1190 4914 om.
1203 4862 1232 4915 0.
