<?xml version="1.0" encoding="UTF-8"?>
<!DOCTYPE html PUBLIC "-//W3C//DTD XHTML 1.0 Transitional//EN"
    "http://www.w3.org/TR/xhtml1/DTD/xhtml1-transitional.dtd">
<html xmlns="http://www.w3.org/1999/xhtml" xml:lang="en" lang="en">
 <head>
  <title>
</title>
<meta http-equiv="Content-Type" content="text/html;charset=utf-8" />
  <meta name='ocr-system' content='tesseract 3.04.00' />
  <meta name='ocr-capabilities' content='ocr_page ocr_carea ocr_par ocr_line ocrx_word'/>
</head>
<body>
  <div class='ocr_page' id='page_1' title='image "./historicalworks00offigoog_0205.png"; bbox 0 0 3662 5728; ppageno 0'>
   <div class='ocr_carea' id='block_1_1' title="bbox 795 833 1485 895">
    <p class='ocr_par' dir='ltr' id='par_1_1' title="bbox 795 833 1485 895">
     <span class='ocr_line' id='line_1_1' title="bbox 795 833 1485 895; baseline 0.007 -5"><span class='ocrx_word' id='word_1_1' title='bbox 795 840 907 891; x_wconf 79' lang='lat' dir='ltr'>orsas</span> <span class='ocrx_word' id='word_1_2' title='bbox 931 842 1121 895; x_wconf 81' lang='lat' dir='ltr'>nrsrosrcs.</span> <span class='ocrx_word' id='word_1_3' title='bbox 1424 833 1485 895; x_wconf 77' lang='lat'>141</span> 
     </span>
    </p>
   </div>
   <div class='ocr_carea' id='block_1_2' title="bbox 437 1013 1640 1113">
    <p class='ocr_par' dir='ltr' id='par_1_2' title="bbox 437 1013 1640 1113">
     <span class='ocr_line' id='line_1_2' title="bbox 437 1013 1640 1113; baseline 0.007 -21"><span class='ocrx_word' id='word_1_4' title='bbox 437 1031 489 1092; x_wconf 86' lang='lat' dir='ltr'>ter</span> <span class='ocrx_word' id='word_1_5' title='bbox 512 1027 586 1094; x_wconf 90' lang='lat' dir='ltr'>illos</span> <span class='ocrx_word' id='word_1_6' title='bbox 609 1049 691 1113; x_wconf 89' lang='lat' dir='ltr'>quos</span> <span class='ocrx_word' id='word_1_7' title='bbox 720 1049 831 1094; x_wconf 87' lang='lat' dir='ltr'>secum</span> <span class='ocrx_word' id='word_1_8' title='bbox 861 1029 1004 1095; x_wconf 84' lang='lat' dir='ltr'>duxerat</span> <span class='ocrx_word' id='word_1_9' title='bbox 1026 1030 1067 1096; x_wconf 90' lang='lat' dir='ltr'>de</span> <span class='ocrx_word' id='word_1_10' title='bbox 1090 1013 1297 1097; x_wconf 89' lang='lat' dir='ltr'>Normannia</span> <span class='ocrx_word' id='word_1_11' title='bbox 1325 1029 1487 1096; x_wconf 78' lang='lat' dir='ltr'>militibus</span> <span class='ocrx_word' id='word_1_12' title='bbox 1518 1054 1640 1100; x_wconf 65' lang='lat' dir='ltr'>nullae.</span> 
     </span>
    </p>
   </div>
   <div class='ocr_carea' id='block_1_3' title="bbox 436 1117 1653 1225">
    <p class='ocr_par' dir='ltr' id='par_1_3' title="bbox 436 1117 1653 1225">
     <span class='ocr_line' id='line_1_3' title="bbox 436 1117 1653 1225; baseline 0.004 -30"><span class='ocrx_word' id='word_1_13' title='bbox 436 1131 580 1212; x_wconf 86' lang='lat' dir='ltr'>famosis,</span> <span class='ocrx_word' id='word_1_14' title='bbox 594 1130 679 1197; x_wconf 86' lang='lat' dir='ltr'>adiit</span> <span class='ocrx_word' id='word_1_15' title='bbox 692 1153 802 1218; x_wconf 81' lang='lat' dir='ltr'>regem</span> <span class='ocrx_word' id='word_1_16' title='bbox 818 1130 937 1198; x_wconf 89' lang='lat' dir='ltr'>Scotiae</span> <span class='ocrx_word' id='word_1_17' title='bbox 961 1131 1072 1198; x_wconf 87' lang='lat' dir='ltr'>David</span> <span class='ocrx_word' id='word_1_18' title='bbox 1087 1132 1365 1225; x_wconf 78' lang='lat' dir='ltr'>consanguineum</span> <span class='ocrx_word' id='word_1_19' title='bbox 1380 1153 1485 1198; x_wconf 88' lang='lat' dir='ltr'>suum.</span> <span class='ocrx_word' id='word_1_20' title='bbox 1499 1117 1653 1223; x_wconf 51' lang='lat' dir='ltr'>mm,</span> 
     </span>
    </p>
   </div>
   <div class='ocr_carea' id='block_1_4' title="bbox 436 1219 1636 1628">
    <p class='ocr_par' dir='ltr' id='par_1_4' title="bbox 436 1219 1636 1525">
     <span class='ocr_line' id='line_1_4' title="bbox 436 1219 1636 1322; baseline 0.002 -23"><span class='ocrx_word' id='word_1_21' title='bbox 436 1237 469 1299; x_wconf 92' lang='lat' dir='ltr'>A</span> <span class='ocrx_word' id='word_1_22' title='bbox 484 1255 549 1321; x_wconf 90' lang='lat' dir='ltr'>quo</span> <span class='ocrx_word' id='word_1_23' title='bbox 571 1222 646 1301; x_wconf 83' lang='lat' dir='ltr'>cum</span> <span class='ocrx_word' id='word_1_24' title='bbox 669 1256 798 1300; x_wconf 88' lang='lat' dir='ltr'>summa</span> <span class='ocrx_word' id='word_1_25' title='bbox 819 1234 939 1301; x_wconf 78' lang='lat' dir='ltr'>lustitia</span> <span class='ocrx_word' id='word_1_26' title='bbox 952 1240 988 1301; x_wconf 91' lang='lat' dir='ltr'>et</span> <span class='ocrx_word' id='word_1_27' title='bbox 1002 1240 1124 1302; x_wconf 82' lang='lat' dir='ltr'>honore</span> <span class='ocrx_word' id='word_1_28' title='bbox 1147 1241 1325 1322; x_wconf 89' lang='lat' dir='ltr'>susceptus,</span> <span class='ocrx_word' id='word_1_29' title='bbox 1348 1235 1487 1301; x_wconf 87' lang='lat' dir='ltr'>militari</span> <span class='ocrx_word' id='word_1_30' title='bbox 1499 1219 1636 1320; x_wconf 47' lang='grc' dir='ltr'>ΜΝ</span> 
     </span>
     <span class='ocr_line' id='line_1_5' title="bbox 437 1320 1595 1422; baseline 0.002 -21"><span class='ocrx_word' id='word_1_31' title='bbox 437 1357 567 1422; x_wconf 90' lang='lat' dir='ltr'>quoque</span> <span class='ocrx_word' id='word_1_32' title='bbox 598 1335 806 1402; x_wconf 78' lang='lat' dir='ltr'>balteorum</span> <span class='ocrx_word' id='word_1_33' title='bbox 836 1336 1005 1402; x_wconf 88' lang='lat' dir='ltr'>nonnullis</span> <span class='ocrx_word' id='word_1_34' title='bbox 1037 1338 1210 1403; x_wconf 84' lang='lat' dir='ltr'>coaetaneis</span> <span class='ocrx_word' id='word_1_35' title='bbox 1232 1337 1301 1402; x_wconf 88' lang='lat' dir='ltr'>suis</span> <span class='ocrx_word' id='word_1_36' title='bbox 1330 1337 1366 1401; x_wconf 93' lang='lat' dir='ltr'>in</span> <span class='ocrx_word' id='word_1_37' title='bbox 1396 1320 1595 1403; x_wconf 58' lang='lat' dir='ltr'>sacram·</span> 
     </span>
     <span class='ocr_line' id='line_1_6' title="bbox 437 1437 1487 1525; baseline 0.002 -23"><span class='ocrx_word' id='word_1_38' title='bbox 437 1437 669 1524; x_wconf 76' lang='lat' dir='ltr'>solempnitate</span> <span class='ocrx_word' id='word_1_39' title='bbox 691 1437 899 1503; x_wconf 89' lang='lat' dir='ltr'>Pentecostee</span> <span class='ocrx_word' id='word_1_40' title='bbox 913 1438 1079 1504; x_wconf 70' lang='lat' dir='ltr'>attinctus</span> <span class='ocrx_word' id='word_1_41' title='bbox 1094 1445 1151 1504; x_wconf 87' lang='lat' dir='ltr'>est.</span> <span class='ocrx_word' id='word_1_42' title='bbox 1199 1437 1253 1502; x_wconf 86' lang='lat' dir='ltr'>Ab</span> <span class='ocrx_word' id='word_1_43' title='bbox 1268 1437 1326 1503; x_wconf 92' lang='lat' dir='ltr'>illo</span> <span class='ocrx_word' id='word_1_44' title='bbox 1341 1459 1418 1525; x_wconf 84' lang='lat' dir='ltr'>ergo</span> <span class='ocrx_word' id='word_1_45' title='bbox 1434 1438 1487 1504; x_wconf 87' lang='lat' dir='ltr'>die</span> 
     </span>
    </p>

    <p class='ocr_par' dir='ltr' id='par_1_5' title="bbox 438 1539 1488 1628">
     <span class='ocr_line' id='line_1_7' title="bbox 438 1539 1488 1628; baseline -0.001 -22"><span class='ocrx_word' id='word_1_46' title='bbox 438 1539 541 1626; x_wconf 88' lang='lat' dir='ltr'>coepit</span> <span class='ocrx_word' id='word_1_47' title='bbox 574 1539 738 1607; x_wconf 88' lang='lat' dir='ltr'>Henricue</span> <span class='ocrx_word' id='word_1_48' title='bbox 771 1546 917 1606; x_wconf 86' lang='lat' dir='ltr'>mentem</span> <span class='ocrx_word' id='word_1_49' title='bbox 949 1540 1035 1627; x_wconf 84' lang='lat' dir='ltr'>regis</span> <span class='ocrx_word' id='word_1_50' title='bbox 1073 1540 1235 1628; x_wconf 79' lang='lat' dir='ltr'>Stephani</span> <span class='ocrx_word' id='word_1_51' title='bbox 1273 1540 1399 1627; x_wconf 90' lang='lat' dir='ltr'>filiique</span> <span class='ocrx_word' id='word_1_52' title='bbox 1436 1541 1488 1606; x_wconf 89' lang='lat' dir='ltr'>eui</span> 
     </span>
    </p>
   </div>
   <div class='ocr_carea' id='block_1_5' title="bbox 439 1641 1593 1997">
    <p class='ocr_par' dir='ltr' id='par_1_6' title="bbox 439 1641 1363 1709">
     <span class='ocr_line' id='line_1_8' title="bbox 439 1641 1363 1709; baseline 0 -2"><span class='ocrx_word' id='word_1_53' title='bbox 439 1641 610 1709; x_wconf 70' lang='lat' dir='ltr'>Eustachii</span> <span class='ocrx_word' id='word_1_54' title='bbox 633 1644 747 1709; x_wconf 90' lang='lat' dir='ltr'>multis</span> <span class='ocrx_word' id='word_1_55' title='bbox 765 1665 808 1708; x_wconf 85' lang='lat' dir='ltr'>ex</span> <span class='ocrx_word' id='word_1_56' title='bbox 830 1643 935 1709; x_wconf 87' lang='lat' dir='ltr'>causis</span> <span class='ocrx_word' id='word_1_57' title='bbox 958 1643 1133 1709; x_wconf 83' lang='lat' dir='ltr'>adversum</span> <span class='ocrx_word' id='word_1_58' title='bbox 1155 1665 1190 1708; x_wconf 92' lang='lat' dir='ltr'>se</span> <span class='ocrx_word' id='word_1_59' title='bbox 1213 1642 1363 1709; x_wconf 83' lang='lat' dir='ltr'>excitare.</span> 
     </span>
    </p>

    <p class='ocr_par' dir='ltr' id='par_1_7' title="bbox 439 1732 1593 1997">
     <span class='ocr_line' id='line_1_9' title="bbox 464 1732 1593 1819; baseline 0.001 -22"><span class='ocrx_word' id='word_1_60' title='bbox 464 1742 551 1807; x_wconf 67' lang='lat' dir='ltr'>,Cum</span> <span class='ocrx_word' id='word_1_61' title='bbox 563 1748 660 1800; x_wconf 83' lang='lat' dir='ltr'>autem</span> <span class='ocrx_word' id='word_1_62' title='bbox 675 1742 847 1814; x_wconf 75' lang='lat' dir='ltr'>congregati</span> <span class='ocrx_word' id='word_1_63' title='bbox 858 1747 954 1798; x_wconf 82' lang='lat' dir='ltr'>essent</span> <span class='ocrx_word' id='word_1_64' title='bbox 971 1742 1002 1796; x_wconf 90' lang='lat' dir='ltr'>in</span> <span class='ocrx_word' id='word_1_65' title='bbox 1018 1733 1177 1819; x_wconf 79' lang='lat' dir='ltr'>praedicta</span> <span class='ocrx_word' id='word_1_66' title='bbox 1189 1743 1393 1816; x_wconf 71' lang='lat' dir='ltr'>solempnitate</span> <span class='ocrx_word' id='word_1_67' title='bbox 1406 1732 1489 1798; x_wconf 87' lang='lat' dir='ltr'>Pen·</span> <span class='ocrx_word' id='word_1_68' title='bbox 1582 1749 1593 1757; x_wconf 89' lang='grc'><em>“</em></span> 
     </span>
     <span class='ocr_line' id='line_1_10' title="bbox 439 1826 1489 1907; baseline 0 -17"><span class='ocrx_word' id='word_1_69' title='bbox 439 1830 585 1903; x_wconf 74' lang='lat' dir='ltr'>tecosteS,</span> <span class='ocrx_word' id='word_1_70' title='bbox 609 1852 660 1890; x_wconf 87' lang='lat' dir='ltr'>rex</span> <span class='ocrx_word' id='word_1_71' title='bbox 685 1826 809 1893; x_wconf 79' lang='lat' dir='ltr'>scilicet</span> <span class='ocrx_word' id='word_1_72' title='bbox 835 1833 988 1889; x_wconf 81' lang='lat' dir='ltr'>Scotorum</span> <span class='ocrx_word' id='word_1_73' title='bbox 1015 1851 1083 1890; x_wconf 89' lang='lat' dir='ltr'>cnm</span> <span class='ocrx_word' id='word_1_74' title='bbox 1109 1834 1222 1891; x_wconf 80' lang='lat' dir='ltr'>viribus</span> <span class='ocrx_word' id='word_1_75' title='bbox 1247 1835 1318 1900; x_wconf 88' lang='lat' dir='ltr'>suis,</span> <span class='ocrx_word' id='word_1_76' title='bbox 1345 1840 1376 1891; x_wconf 90' lang='lat' dir='ltr'>et</span> <span class='ocrx_word' id='word_1_77' title='bbox 1399 1852 1489 1907; x_wconf 85' lang='lat' dir='ltr'>nepos</span> 
     </span>
     <span class='ocr_line' id='line_1_11' title="bbox 439 1914 1487 1997; baseline 0.005 -21"><span class='ocrx_word' id='word_1_78' title='bbox 439 1939 509 1977; x_wconf 89' lang='lat' dir='ltr'>suus</span> <span class='ocrx_word' id='word_1_79' title='bbox 523 1914 687 1981; x_wconf 80' lang='lat' dir='ltr'>Henn&#39;cus</span> <span class='ocrx_word' id='word_1_80' title='bbox 713 1942 780 1980; x_wconf 88' lang='lat' dir='ltr'>cum</span> <span class='ocrx_word' id='word_1_81' title='bbox 807 1923 1031 1980; x_wconf 82' lang='lat' dir='ltr'>occidentalibus</span> <span class='ocrx_word' id='word_1_82' title='bbox 1048 1922 1167 1995; x_wconf 80' lang='lat' dir='ltr'>Angliae</span> <span class='ocrx_word' id='word_1_83' title='bbox 1184 1923 1362 1997; x_wconf 86' lang='lat' dir='ltr'>proceribus,</span> <span class='ocrx_word' id='word_1_84' title='bbox 1381 1925 1487 1981; x_wconf 63' lang='grc' dir='ltr'>ιὶωοιιε</span> 
     </span>
    </p>
   </div>
   <div class='ocr_carea' id='block_1_6' title="bbox 438 2015 1486 2089">
    <p class='ocr_par' dir='ltr' id='par_1_8' title="bbox 438 2015 1486 2089">
     <span class='ocr_line' id='line_1_12' title="bbox 438 2015 1486 2089; baseline 0.003 -19"><span class='ocrx_word' id='word_1_85' title='bbox 438 2033 490 2070; x_wconf 87' lang='lat' dir='ltr'>rex</span> <span class='ocrx_word' id='word_1_86' title='bbox 512 2015 677 2089; x_wconf 78' lang='lat' dir='ltr'>Stephanus</span> <span class='ocrx_word' id='word_1_87' title='bbox 700 2035 737 2074; x_wconf 90' lang='lat' dir='ltr'>ne</span> <span class='ocrx_word' id='word_1_88' title='bbox 761 2018 926 2073; x_wconf 76' lang='lat' dir='ltr'>Eboracum</span> <span class='ocrx_word' id='word_1_89' title='bbox 950 2015 1130 2082; x_wconf 72' lang='lat' dir='ltr'>invaderent,</span> <span class='ocrx_word' id='word_1_90' title='bbox 1150 2017 1280 2073; x_wconf 86' lang='lat' dir='ltr'>venitin</span> <span class='ocrx_word' id='word_1_91' title='bbox 1297 2018 1400 2073; x_wconf 89' lang='lat' dir='ltr'>urbem</span> <span class='ocrx_word' id='word_1_92' title='bbox 1419 2036 1486 2074; x_wconf 90' lang='lat' dir='ltr'>oum</span> 
     </span>
    </p>
   </div>
   <div class='ocr_carea' id='block_1_7' title="bbox 437 2099 1636 2265">
    <p class='ocr_par' dir='ltr' id='par_1_9' title="bbox 437 2099 1636 2265">
     <span class='ocr_line' id='line_1_13' title="bbox 438 2099 1589 2174; baseline 0.004 -21"><span class='ocrx_word' id='word_1_93' title='bbox 438 2116 545 2171; x_wconf 79' lang='lat' dir='ltr'>magno</span> <span class='ocrx_word' id='word_1_94' title='bbox 575 2102 715 2166; x_wconf 88' lang='lat' dir='ltr'>exercitu,</span> <span class='ocrx_word' id='word_1_95' title='bbox 744 2102 843 2174; x_wconf 83' lang='lat' dir='ltr'>ibique</span> <span class='ocrx_word' id='word_1_96' title='bbox 872 2106 1001 2157; x_wconf 87' lang='lat' dir='ltr'>moratus</span> <span class='ocrx_word' id='word_1_97' title='bbox 1031 2105 1078 2156; x_wconf 88' lang='lat' dir='ltr'>est</span> <span class='ocrx_word' id='word_1_98' title='bbox 1105 2117 1205 2156; x_wconf 86' lang='lat' dir='ltr'>mense</span> <span class='ocrx_word' id='word_1_99' title='bbox 1234 2099 1380 2173; x_wconf 81' lang='lat' dir='ltr'>Augusto.</span> <span class='ocrx_word' id='word_1_100' title='bbox 1424 2101 1589 2167; x_wconf 71' lang='lat' dir='ltr'>Rexnostus</span> 
     </span>
     <span class='ocr_line' id='line_1_14' title="bbox 437 2159 1636 2265; baseline 0.003 -17"><span class='ocrx_word' id='word_1_101' title='bbox 437 2187 550 2248; x_wconf 76' lang='lat' dir='ltr'>autem</span> <span class='ocrx_word' id='word_1_102' title='bbox 567 2190 731 2263; x_wconf 81' lang='lat' dir='ltr'>Anglornm</span> <span class='ocrx_word' id='word_1_103' title='bbox 751 2191 926 2263; x_wconf 82' lang='lat' dir='ltr'>Stephanus,</span> <span class='ocrx_word' id='word_1_104' title='bbox 944 2197 975 2246; x_wconf 91' lang='lat' dir='ltr'>et</span> <span class='ocrx_word' id='word_1_105' title='bbox 998 2207 1049 2245; x_wconf 87' lang='lat' dir='ltr'>rex</span> <span class='ocrx_word' id='word_1_106' title='bbox 1068 2189 1221 2247; x_wconf 84' lang='lat' dir='ltr'>Scotorum</span> <span class='ocrx_word' id='word_1_107' title='bbox 1239 2192 1344 2258; x_wconf 82' lang='lat' dir='ltr'>David,</span> <span class='ocrx_word' id='word_1_108' title='bbox 1362 2209 1486 2265; x_wconf 89' lang='lat' dir='ltr'>quorum</span> <span class='ocrx_word' id='word_1_109' title='bbox 1498 2162 1600 2252; x_wconf 51' lang='lat' dir='ltr'>m?</span> <span class='ocrx_word' id='word_1_110' title='bbox 1609 2159 1636 2202; x_wconf 83' lang='lat' dir='ltr'>ot</span> 
     </span>
    </p>
   </div>
   <div class='ocr_carea' id='block_1_8' title="bbox 438 2258 1574 2526">
    <p class='ocr_par' dir='ltr' id='par_1_10' title="bbox 438 2258 1574 2526">
     <span class='ocr_line' id='line_1_15' title="bbox 438 2258 1574 2352; baseline -0.002 -16"><span class='ocrx_word' id='word_1_111' title='bbox 438 2282 512 2336; x_wconf 82' lang='lat' dir='ltr'>alter</span> <span class='ocrx_word' id='word_1_112' title='bbox 529 2286 591 2336; x_wconf 81' lang='lat' dir='ltr'>erat</span> <span class='ocrx_word' id='word_1_113' title='bbox 608 2280 686 2352; x_wconf 88' lang='lat' dir='ltr'>apud</span> <span class='ocrx_word' id='word_1_114' title='bbox 703 2280 875 2345; x_wconf 81' lang='lat' dir='ltr'>Eboracum,</span> <span class='ocrx_word' id='word_1_115' title='bbox 894 2279 968 2333; x_wconf 84' lang='lat' dir='ltr'>alter</span> <span class='ocrx_word' id='word_1_116' title='bbox 985 2289 1063 2334; x_wconf 80' lang='lat' dir='ltr'>vem</span> <span class='ocrx_word' id='word_1_117' title='bbox 1080 2278 1158 2350; x_wconf 90' lang='lat' dir='ltr'>apud</span> <span class='ocrx_word' id='word_1_118' title='bbox 1170 2278 1299 2344; x_wconf 82' lang='lat' dir='ltr'>carduil,</span> <span class='ocrx_word' id='word_1_119' title='bbox 1312 2278 1367 2334; x_wconf 89' lang='lat' dir='ltr'>sibi</span> <span class='ocrx_word' id='word_1_120' title='bbox 1384 2286 1487 2334; x_wconf 88' lang='lat' dir='ltr'>mutuo</span> <span class='ocrx_word' id='word_1_121' title='bbox 1499 2258 1574 2312; x_wconf 53' lang='grc' dir='ltr'>ΗΜ*</span> 
     </span>
     <span class='ocr_line' id='line_1_16' title="bbox 439 2357 1487 2445; baseline 0.003 -23"><span class='ocrx_word' id='word_1_122' title='bbox 439 2372 572 2423; x_wconf 75' lang='lat' dir='ltr'>caventes</span> <span class='ocrx_word' id='word_1_123' title='bbox 590 2371 621 2422; x_wconf 91' lang='lat' dir='ltr'>et</span> <span class='ocrx_word' id='word_1_124' title='bbox 638 2364 783 2421; x_wconf 85' lang='lat' dir='ltr'>offendere</span> <span class='ocrx_word' id='word_1_125' title='bbox 799 2363 945 2430; x_wconf 83' lang='lat' dir='ltr'>timentes,</span> <span class='ocrx_word' id='word_1_126' title='bbox 958 2364 1073 2445; x_wconf 77' lang='lat' dir='ltr'>sponte</span> <span class='ocrx_word' id='word_1_127' title='bbox 1095 2379 1156 2423; x_wconf 80' lang='lat' dir='ltr'>sua</span> <span class='ocrx_word' id='word_1_128' title='bbox 1177 2357 1363 2423; x_wconf 77' lang='lat' dir='ltr'>abinvicem</span> <span class='ocrx_word' id='word_1_129' title='bbox 1385 2381 1487 2425; x_wconf 72' lang='lat' dir='ltr'>leces-</span> 
     </span>
     <span class='ocr_line' id='line_1_17' title="bbox 439 2447 1489 2526; baseline 0.004 -15"><span class='ocrx_word' id='word_1_130' title='bbox 439 2451 560 2511; x_wconf 79' lang='lat' dir='ltr'>serunt.</span> <span class='ocrx_word' id='word_1_131' title='bbox 605 2452 779 2509; x_wconf 81' lang='lat' dir='ltr'>Eustachius</span> <span class='ocrx_word' id='word_1_132' title='bbox 806 2449 918 2508; x_wconf 82' lang='lat' dir='ltr'>autem</span> <span class='ocrx_word' id='word_1_133' title='bbox 941 2454 1018 2510; x_wconf 88' lang='lat' dir='ltr'>fliius</span> <span class='ocrx_word' id='word_1_134' title='bbox 1038 2455 1116 2526; x_wconf 82' lang='lat' dir='ltr'>regis</span> <span class='ocrx_word' id='word_1_135' title='bbox 1140 2454 1280 2526; x_wconf 87' lang='lat' dir='ltr'>Stephani</span> <span class='ocrx_word' id='word_1_136' title='bbox 1304 2447 1398 2513; x_wconf 80' lang='lat' dir='ltr'>miles</span> <span class='ocrx_word' id='word_1_137' title='bbox 1420 2448 1489 2516; x_wconf 76' lang='lat' dir='ltr'>fac·</span> 
     </span>
    </p>
   </div>
   <div class='ocr_carea' id='block_1_9' title="bbox 332 2532 1488 2619">
    <p class='ocr_par' dir='ltr' id='par_1_11' title="bbox 332 2532 1488 2619">
     <span class='ocr_line' id='line_1_18' title="bbox 332 2532 1488 2619; baseline 0.003 -20"><span class='ocrx_word' id='word_1_138' title='bbox 332 2578 336 2587; x_wconf 81' lang='lat'><em>-</em></span> <span class='ocrx_word' id='word_1_139' title='bbox 439 2541 501 2614; x_wconf 89' lang='lat' dir='ltr'>tus,</span> <span class='ocrx_word' id='word_1_140' title='bbox 525 2533 632 2600; x_wconf 86' lang='lat' dir='ltr'>multa</span> <span class='ocrx_word' id='word_1_141' title='bbox 653 2532 741 2598; x_wconf 87' lang='lat' dir='ltr'>mala</span> <span class='ocrx_word' id='word_1_142' title='bbox 762 2532 911 2609; x_wconf 78' lang='lat' dir='ltr'>exercuit</span> <span class='ocrx_word' id='word_1_143' title='bbox 934 2543 965 2599; x_wconf 85' lang='lat' dir='ltr'>in</span> <span class='ocrx_word' id='word_1_144' title='bbox 987 2544 1074 2599; x_wconf 86' lang='lat' dir='ltr'>terris</span> <span class='ocrx_word' id='word_1_145' title='bbox 1098 2534 1255 2600; x_wconf 89' lang='lat' dir='ltr'>comitum</span> <span class='ocrx_word' id='word_1_146' title='bbox 1278 2542 1313 2602; x_wconf 91' lang='lat' dir='ltr'>et</span> <span class='ocrx_word' id='word_1_147' title='bbox 1336 2564 1488 2619; x_wconf 81' lang='lat' dir='ltr'>procerum</span> 
     </span>
    </p>
   </div>
   <div class='ocr_carea' id='block_1_10' title="bbox 349 2634 1656 3639">
    <p class='ocr_par' dir='ltr' id='par_1_12' title="bbox 439 2634 989 2722">
     <span class='ocr_line' id='line_1_19' title="bbox 439 2634 989 2722; baseline -0.005 -19"><span class='ocrx_word' id='word_1_148' title='bbox 439 2647 489 2720; x_wconf 88' lang='lat' dir='ltr'>qui</span> <span class='ocrx_word' id='word_1_149' title='bbox 507 2636 630 2702; x_wconf 87' lang='lat' dir='ltr'>Henrici</span> <span class='ocrx_word' id='word_1_150' title='bbox 652 2634 803 2722; x_wconf 73' lang='lat' dir='ltr'>partibus</span> <span class='ocrx_word' id='word_1_151' title='bbox 824 2635 989 2701; x_wconf 78' lang='lat' dir='ltr'>favebant.</span> 
     </span>
    </p>

    <p class='ocr_par' dir='ltr' id='par_1_13' title="bbox 349 2735 1656 3130">
     <span class='ocr_line' id='line_1_20' title="bbox 458 2735 1588 2826; baseline 0.003 -23"><span class='ocrx_word' id='word_1_152' title='bbox 458 2737 704 2825; x_wconf 43' lang='lat' dir='ltr'>·Gwalterius¹</span> <span class='ocrx_word' id='word_1_153' title='bbox 735 2735 849 2801; x_wconf 92' lang='lat' dir='ltr'>Durus</span> <span class='ocrx_word' id='word_1_154' title='bbox 882 2735 971 2814; x_wconf 89' lang='lat' dir='ltr'>dens,</span> <span class='ocrx_word' id='word_1_155' title='bbox 1005 2736 1059 2800; x_wconf 87' lang='lat' dir='ltr'>vir</span> <span class='ocrx_word' id='word_1_156' title='bbox 1089 2737 1221 2804; x_wconf 85' lang='lat' dir='ltr'>eximiae</span> <span class='ocrx_word' id='word_1_157' title='bbox 1252 2739 1421 2826; x_wconf 85' lang='lat' dir='ltr'>religionis</span> <span class='ocrx_word' id='word_1_158' title='bbox 1453 2746 1588 2807; x_wconf 70' lang='lat' dir='ltr'>etv-lter</span> 
     </span>
     <span class='ocr_line' id='line_1_21' title="bbox 439 2805 1616 2951; baseline 0.002 -45"><span class='ocrx_word' id='word_1_159' title='bbox 439 2841 538 2906; x_wconf 86' lang='lat' dir='ltr'>sacris</span> <span class='ocrx_word' id='word_1_160' title='bbox 570 2839 692 2906; x_wconf 87' lang='lat' dir='ltr'>litteris</span> <span class='ocrx_word' id='word_1_161' title='bbox 728 2838 876 2925; x_wconf 90' lang='lat' dir='ltr'>apprime</span> <span class='ocrx_word' id='word_1_162' title='bbox 914 2838 1071 2917; x_wconf 89' lang='lat' dir='ltr'>eruditus,</span> <span class='ocrx_word' id='word_1_163' title='bbox 1110 2841 1244 2927; x_wconf 83' lang='lat' dir='ltr'>regebat</span> <span class='ocrx_word' id='word_1_164' title='bbox 1280 2840 1333 2906; x_wconf 91' lang='lat' dir='ltr'>his</span> <span class='ocrx_word' id='word_1_165' title='bbox 1370 2841 1487 2909; x_wconf 89' lang='lat' dir='ltr'>diebus</span> <span class='ocrx_word' id='word_1_166' title='bbox 1498 2805 1616 2951; x_wconf 51' lang='grc' dir='ltr'>ἒξξῖἶί</span> 
     </span>
     <span class='ocr_line' id='line_1_22' title="bbox 349 2910 1656 3053; baseline -0.002 -47"><span class='ocrx_word' id='word_1_167' title='bbox 349 2924 370 2951; x_wconf 56' lang='lat'>¹⁸</span> <span class='ocrx_word' id='word_1_168' title='bbox 437 2941 620 3028; x_wconf 84' lang='lat' dir='ltr'>prioratum</span> <span class='ocrx_word' id='word_1_169' title='bbox 643 2940 890 3007; x_wconf 72' lang='lat' dir='ltr'>centuariensis</span> <span class='ocrx_word' id='word_1_170' title='bbox 913 2940 1063 3008; x_wconf 81' lang='lat' dir='ltr'>ecelesiae.</span> <span class='ocrx_word' id='word_1_171' title='bbox 1110 2941 1185 3023; x_wconf 81' lang='lat' dir='ltr'>Qui,</span> <span class='ocrx_word' id='word_1_172' title='bbox 1200 2964 1222 3009; x_wconf 88' lang='lat' dir='ltr'>a</span> <span class='ocrx_word' id='word_1_173' title='bbox 1242 2948 1407 3009; x_wconf 89' lang='lat' dir='ltr'>conventu</span> <span class='ocrx_word' id='word_1_174' title='bbox 1423 2944 1487 3012; x_wconf 86' lang='lat' dir='ltr'>Oo-</span> <span class='ocrx_word' id='word_1_175' title='bbox 1499 2910 1656 3053; x_wconf 45' lang='lat' dir='ltr'>pntffntl&#39;r</span> 
     </span>
     <span class='ocr_line' id='line_1_23' title="bbox 437 3020 1643 3130; baseline 0.002 -22"><span class='ocrx_word' id='word_1_176' title='bbox 437 3042 606 3108; x_wconf 89' lang='lat' dir='ltr'>ventrensi</span> <span class='ocrx_word' id='word_1_177' title='bbox 636 3041 789 3129; x_wconf 84' lang='lat' dir='ltr'>canonice</span> <span class='ocrx_word' id='word_1_178' title='bbox 812 3040 935 3125; x_wconf 80' lang='lat' dir='ltr'>electus</span> <span class='ocrx_word' id='word_1_179' title='bbox 964 3041 1001 3106; x_wconf 93' lang='lat' dir='ltr'>in</span> <span class='ocrx_word' id='word_1_180' title='bbox 1033 3040 1223 3130; x_wconf 62' lang='lat' dir='ltr'>‘episcopum</span> <span class='ocrx_word' id='word_1_181' title='bbox 1255 3020 1643 3112; x_wconf 55' lang='lat' dir='ltr'>(loventrensisctestei-eoo</span> 
     </span>
    </p>

    <p class='ocr_par' dir='ltr' id='par_1_14' title="bbox 435 3142 1635 3639">
     <span class='ocr_line' id='line_1_24' title="bbox 437 3142 1487 3230; baseline 0.004 -20"><span class='ocrx_word' id='word_1_182' title='bbox 437 3144 590 3223; x_wconf 83' lang='lat' dir='ltr'>eeclesiae,</span> <span class='ocrx_word' id='word_1_183' title='bbox 607 3144 671 3209; x_wconf 72' lang='lat' dir='ltr'>vito</span> <span class='ocrx_word' id='word_1_184' title='bbox 692 3163 797 3209; x_wconf 88' lang='lat' dir='ltr'>nonas</span> <span class='ocrx_word' id='word_1_185' title='bbox 821 3142 973 3209; x_wconf 86' lang='lat' dir='ltr'>Octobris</span> <span class='ocrx_word' id='word_1_186' title='bbox 1000 3144 1079 3209; x_wconf 83' lang='lat' dir='ltr'>data</span> <span class='ocrx_word' id='word_1_187' title='bbox 1100 3145 1299 3230; x_wconf 86' lang='lat' dir='ltr'>professione</span> <span class='ocrx_word' id='word_1_188' title='bbox 1321 3168 1487 3214; x_wconf 88' lang='lat' dir='ltr'>consecra·</span> 
     </span>
     <span class='ocr_line' id='line_1_25' title="bbox 436 3244 1487 3326; baseline 0.004 -15"><span class='ocrx_word' id='word_1_189' title='bbox 436 3252 492 3312; x_wconf 90' lang='lat' dir='ltr'>tus</span> <span class='ocrx_word' id='word_1_190' title='bbox 523 3252 575 3313; x_wconf 90' lang='lat' dir='ltr'>est</span> <span class='ocrx_word' id='word_1_191' title='bbox 607 3246 644 3310; x_wconf 88' lang='lat' dir='ltr'>in</span> <span class='ocrx_word' id='word_1_192' title='bbox 678 3244 814 3311; x_wconf 87' lang='lat' dir='ltr'>ecclesia</span> <span class='ocrx_word' id='word_1_193' title='bbox 844 3244 970 3311; x_wconf 81' lang='lat' dir='ltr'>Christi</span> <span class='ocrx_word' id='word_1_194' title='bbox 1003 3245 1203 3326; x_wconf 81' lang='lat' dir='ltr'>Cantuariae,</span> <span class='ocrx_word' id='word_1_195' title='bbox 1232 3249 1419 3315; x_wconf 86' lang='lat' dir='ltr'>astantibus</span> <span class='ocrx_word' id='word_1_196' title='bbox 1452 3256 1487 3316; x_wconf 91' lang='lat' dir='ltr'>et</span> 
     </span>
     <span class='ocr_line' id='line_1_26' title="bbox 436 3346 1486 3435; baseline 0 -20"><span class='ocrx_word' id='word_1_197' title='bbox 436 3348 687 3435; x_wconf 89' lang='lat' dir='ltr'>cooperantibus</span> <span class='ocrx_word' id='word_1_198' title='bbox 719 3347 864 3412; x_wconf 88' lang='lat' dir='ltr'>Roberto</span> <span class='ocrx_word' id='word_1_199' title='bbox 902 3346 1133 3425; x_wconf 86' lang='lat' dir='ltr'>Londoniensi,</span> <span class='ocrx_word' id='word_1_200' title='bbox 1164 3349 1311 3417; x_wconf 82' lang='lat' dir='ltr'>Walters</span> <span class='ocrx_word' id='word_1_201' title='bbox 1342 3351 1486 3431; x_wconf 85' lang='lat' dir='ltr'>Rofensi,</span> 
     </span>
     <span class='ocr_line' id='line_1_27' title="bbox 435 3447 1486 3534; baseline 0.003 -19"><span class='ocrx_word' id='word_1_202' title='bbox 435 3455 471 3515; x_wconf 91' lang='lat' dir='ltr'>et</span> <span class='ocrx_word' id='word_1_203' title='bbox 492 3449 654 3516; x_wconf 88' lang='lat' dir='ltr'>Nieholao</span> <span class='ocrx_word' id='word_1_204' title='bbox 678 3447 948 3534; x_wconf 84' lang='lat' dir='ltr'>Clamorgacensi.</span> <span class='ocrx_word' id='word_1_205' title='bbox 993 3447 1058 3513; x_wconf 86' lang='lat' dir='ltr'>Cui</span> <span class='ocrx_word' id='word_1_206' title='bbox 1081 3471 1124 3513; x_wconf 83' lang='lat' dir='ltr'>ex</span> <span class='ocrx_word' id='word_1_207' title='bbox 1146 3450 1281 3517; x_wconf 88' lang='lat' dir='ltr'>consilio</span> <span class='ocrx_word' id='word_1_208' title='bbox 1303 3458 1486 3519; x_wconf 80' lang='lat' dir='ltr'>conventus</span> 
     </span>
     <span class='ocr_line' id='line_1_28' title="bbox 436 3549 1635 3639; baseline 0.003 -21"><span class='ocrx_word' id='word_1_209' title='bbox 436 3558 471 3618; x_wconf 91' lang='lat' dir='ltr'>et</span> <span class='ocrx_word' id='word_1_210' title='bbox 500 3551 712 3617; x_wconf 87' lang='lat' dir='ltr'>institutione</span> <span class='ocrx_word' id='word_1_211' title='bbox 749 3549 952 3639; x_wconf 70' lang='lat' dir='ltr'>Theodbaldi</span> <span class='ocrx_word' id='word_1_212' title='bbox 983 3550 1219 3639; x_wconf 89' lang='lat' dir='ltr'>archiepiscopi</span> <span class='ocrx_word' id='word_1_213' title='bbox 1256 3554 1412 3620; x_wconf 88' lang='lat' dir='ltr'>successit</span> <span class='ocrx_word' id='word_1_214' title='bbox 1448 3555 1484 3620; x_wconf 94' lang='lat' dir='ltr'>in</span> <span class='ocrx_word' id='word_1_215' title='bbox 1497 3574 1635 3623; x_wconf 64' lang='lat' dir='ltr'>uaesano</span> 
     </span>
    </p>
   </div>
   <div class='ocr_carea' id='block_1_11' title="bbox 435 3625 1616 3742">
    <p class='ocr_par' dir='ltr' id='par_1_15' title="bbox 435 3625 1616 3742">
     <span class='ocr_line' id='line_1_29' title="bbox 435 3625 1616 3742; baseline 0.004 -24"><span class='ocrx_word' id='word_1_216' title='bbox 435 3654 619 3741; x_wconf 87' lang='lat' dir='ltr'>prioratum</span> <span class='ocrx_word' id='word_1_217' title='bbox 641 3652 820 3718; x_wconf 84' lang='lat' dir='ltr'>Walterius</span> <span class='ocrx_word' id='word_1_218' title='bbox 843 3652 971 3718; x_wconf 84' lang='lat' dir='ltr'>Parvus</span> <span class='ocrx_word' id='word_1_219' title='bbox 993 3652 1140 3738; x_wconf 89' lang='lat' dir='ltr'>ejusdem</span> <span class='ocrx_word' id='word_1_220' title='bbox 1172 3625 1616 3742; x_wconf 51' lang='lat' dir='ltr'>archiepiscopicum*</span> 
     </span>
    </p>
   </div>
   <div class='ocr_carea' id='block_1_12' title="bbox 434 3727 1565 3845">
    <p class='ocr_par' dir='ltr' id='par_1_16' title="bbox 434 3727 1565 3845">
     <span class='ocr_line' id='line_1_30' title="bbox 434 3727 1565 3845; baseline 0 -21"><span class='ocrx_word' id='word_1_221' title='bbox 434 3757 592 3845; x_wconf 80' lang='lat' dir='ltr'>pellnnus.</span> <span class='ocrx_word' id='word_1_222' title='bbox 637 3755 711 3822; x_wconf 87' lang='lat' dir='ltr'>Hoc</span> <span class='ocrx_word' id='word_1_223' title='bbox 734 3754 848 3821; x_wconf 90' lang='lat' dir='ltr'>eodem</span> <span class='ocrx_word' id='word_1_224' title='bbox 874 3759 1021 3840; x_wconf 83' lang='lat' dir='ltr'>tempore</span> <span class='ocrx_word' id='word_1_225' title='bbox 1048 3753 1233 3820; x_wconf 89' lang='lat' dir='ltr'>Willelmus</span> <span class='ocrx_word' id='word_1_226' title='bbox 1255 3757 1345 3843; x_wconf 89' lang='lat' dir='ltr'>prior</span> <span class='ocrx_word' id='word_1_227' title='bbox 1373 3727 1565 3825; x_wconf 54' lang='lat' dir='ltr'>Bova-”⁶⁰³¹</span> 
     </span>
    </p>
   </div>
   <div class='ocr_carea' id='block_1_13' title="bbox 435 3855 1629 4051">
    <p class='ocr_par' dir='ltr' id='par_1_17' title="bbox 435 3855 1629 4051">
     <span class='ocr_line' id='line_1_31' title="bbox 435 3855 1605 3935; baseline -0.003 -10"><span class='ocrx_word' id='word_1_228' title='bbox 435 3862 493 3927; x_wconf 82' lang='lat' dir='ltr'>rius</span> <span class='ocrx_word' id='word_1_229' title='bbox 527 3860 634 3926; x_wconf 90' lang='lat' dir='ltr'>factus</span> <span class='ocrx_word' id='word_1_230' title='bbox 668 3864 719 3924; x_wconf 91' lang='lat' dir='ltr'>est</span> <span class='ocrx_word' id='word_1_231' title='bbox 752 3857 854 3924; x_wconf 87' lang='lat' dir='ltr'>abbas</span> <span class='ocrx_word' id='word_1_232' title='bbox 887 3858 929 3923; x_wconf 90' lang='lat' dir='ltr'>de</span> <span class='ocrx_word' id='word_1_233' title='bbox 959 3855 1132 3935; x_wconf 86' lang='lat' dir='ltr'>Evesham,</span> <span class='ocrx_word' id='word_1_234' title='bbox 1165 3858 1219 3924; x_wconf 92' lang='lat' dir='ltr'>cui</span> <span class='ocrx_word' id='word_1_235' title='bbox 1256 3861 1413 3927; x_wconf 89' lang='lat' dir='ltr'>successit</span> <span class='ocrx_word' id='word_1_236' title='bbox 1449 3861 1485 3926; x_wconf 91' lang='lat' dir='ltr'>in</span> <span class='ocrx_word' id='word_1_237' title='bbox 1498 3877 1605 3932; x_wconf 54' lang='lat' dir='ltr'>aanor</span> 
     </span>
     <span class='ocr_line' id='line_1_32' title="bbox 435 3930 1629 4051; baseline 0 -23"><span class='ocrx_word' id='word_1_238' title='bbox 435 3964 618 4051; x_wconf 87' lang='lat' dir='ltr'>prioratum</span> <span class='ocrx_word' id='word_1_239' title='bbox 647 3959 840 4028; x_wconf 80' lang='lat' dir='ltr'>secretarius</span> <span class='ocrx_word' id='word_1_240' title='bbox 871 3957 1118 4025; x_wconf 75' lang='lat' dir='ltr'>cantuariensis</span> <span class='ocrx_word' id='word_1_241' title='bbox 1144 3958 1286 4026; x_wconf 85' lang='lat' dir='ltr'>ecclesiae</span> <span class='ocrx_word' id='word_1_242' title='bbox 1317 3961 1417 4050; x_wconf 80' lang='lat' dir='ltr'>Hugo</span> <span class='ocrx_word' id='word_1_243' title='bbox 1443 3930 1629 4030; x_wconf 46' lang='lat' dir='ltr'>solemnit?</span> 
     </span>
    </p>
   </div>
   <div class='ocr_carea' id='block_1_14' title="bbox 435 4066 604 4135">
    <p class='ocr_par' dir='ltr' id='par_1_18' title="bbox 435 4066 604 4135">
     <span class='ocr_line' id='line_1_33' title="bbox 435 4066 604 4135; baseline -0.018 0"><span class='ocrx_word' id='word_1_244' title='bbox 435 4066 604 4135; x_wconf 60' lang='lat' dir='ltr'>eudemo?</span> 
     </span>
    </p>
   </div>
   <div class='ocr_carea' id='block_1_15' title="bbox 435 4272 1484 4542">
    <p class='ocr_par' dir='ltr' id='par_1_19' title="bbox 435 4272 1484 4542">
     <span class='ocr_line' id='line_1_34' title="bbox 469 4272 1484 4386; baseline -0.014 -15"><span class='ocrx_word' id='word_1_245' title='bbox 469 4272 657 4386; x_wconf 61' lang='lat' dir='ltr'>¹Suoltuiw]</span> <span class='ocrx_word' id='word_1_246' title='bbox 683 4324 862 4385; x_wconf 75' lang='lat' dir='ltr'>cognomento.</span> <span class='ocrx_word' id='word_1_247' title='bbox 884 4316 932 4367; x_wconf 85' lang='lat' dir='ltr'>ins.</span> <span class='ocrx_word' id='word_1_248' title='bbox 982 4312 1009 4365; x_wconf 86' lang='lat' dir='ltr'>in</span> <span class='ocrx_word' id='word_1_249' title='bbox 1032 4312 1114 4364; x_wconf 72' lang='lat' dir='ltr'>which</span> <span class='ocrx_word' id='word_1_250' title='bbox 1137 4314 1248 4367; x_wconf 80' lang='lat' dir='ltr'>October</span> <span class='ocrx_word' id='word_1_251' title='bbox 1270 4320 1286 4365; x_wconf 77' lang='lat'><strong>2</strong></span> <span class='ocrx_word' id='word_1_252' title='bbox 1308 4333 1361 4369; x_wconf 72' lang='lat' dir='ltr'>nas</span> <span class='ocrx_word' id='word_1_253' title='bbox 1384 4334 1401 4369; x_wconf 83' lang='lat' dir='ltr'>a</span> <span class='ocrx_word' id='word_1_254' title='bbox 1417 4318 1484 4370; x_wconf 82' lang='lat' dir='ltr'>San.</span> 
     </span>
     <span class='ocr_line' id='line_1_35' title="bbox 436 4394 1041 4460; baseline -0.015 -7"><span class='ocrx_word' id='word_1_255' title='bbox 436 4399 466 4453; x_wconf 85' lang='lat' dir='ltr'>C.</span> <span class='ocrx_word' id='word_1_256' title='bbox 500 4398 556 4450; x_wconf 67' lang='lat' dir='ltr'>[l&#39;he</span> <span class='ocrx_word' id='word_1_257' title='bbox 582 4395 756 4449; x_wconf 67' lang='lat' dir='ltr'>connotation</span> <span class='ocrx_word' id='word_1_258' title='bbox 783 4395 812 4446; x_wconf 86' lang='lat' dir='ltr'>oi</span> <span class='ocrx_word' id='word_1_259' title='bbox 834 4394 933 4460; x_wconf 81' lang='lat' dir='ltr'>Walter</span> <span class='ocrx_word' id='word_1_260' title='bbox 982 4395 1041 4460; x_wconf 81' lang='lat' dir='ltr'>day.</span> 
     </span>
     <span class='ocr_line' id='line_1_36' title="bbox 435 4473 1345 4542; baseline -0.003 -13"><span class='ocrx_word' id='word_1_261' title='bbox 435 4478 552 4529; x_wconf 71' lang='lat' dir='ltr'>lturdent</span> <span class='ocrx_word' id='word_1_262' title='bbox 567 4477 672 4542; x_wconf 77' lang='lat' dir='ltr'>belongs</span> <span class='ocrx_word' id='word_1_263' title='bbox 689 4482 716 4526; x_wconf 80' lang='lat' dir='ltr'>to</span> <span class='ocrx_word' id='word_1_264' title='bbox 734 4475 848 4540; x_wconf 81' lang='lat' dir='ltr'>theyear</span> <span class='ocrx_word' id='word_1_265' title='bbox 861 4478 933 4537; x_wconf 77' lang='lat'>1149,</span> <span class='ocrx_word' id='word_1_266' title='bbox 1015 4473 1164 4542; x_wconf 71' lang='grc' dir='ltr'>Ὀαᾰωιο]</span> <span class='ocrx_word' id='word_1_267' title='bbox 1180 4475 1345 4539; x_wconf 82' lang='lat' dir='ltr'>Cademo,c.</span> 
     </span>
    </p>
   </div>
   <div class='ocr_carea' id='block_1_16' title="bbox 0 0 1836 5728">
    <p class='ocr_par' dir='ltr' id='par_1_20' title="bbox 0 0 1836 5728">
     <span class='ocr_line' id='line_1_37' title="bbox 0 0 1836 5728; baseline 0 0"><span class='ocrx_word' id='word_1_268' title='bbox 0 0 1836 5728; x_wconf 95' lang='lat' dir='ltr'> </span> 
     </span>
    </p>
   </div>
  </div>
 </body>
</html>
