3666 5724
743 896 855 946 ornm
877 896 1067 947 nrsrosrca,
1105 864 1111 873 ’
1360 883 1423 947 351

372 1083 598 1201 “juramento
616 1083 817 1149 constrinxit
838 1083 997 1160 indebito,
1016 1103 1057 1147 ne
1076 1081 1259 1167 quemlibet
1275 1085 1426 1146 nostrum
1439 1051 1578 1154 ni'ffll

373 1194 389 1220 “
413 1187 537 1277 absque
560 1186 632 1272 ejus
654 1186 856 1253 conscientie
878 1185 989 1272 egredi
1011 1185 1217 1271 permittant.
1262 1183 1346 1248 Haec
1368 1204 1426 1248 su·
1439 1175 1579 1271 Qum

374 1294 390 1323 ‘⁶
413 1292 480 1353 tem
504 1293 583 1353 sunt
604 1288 800 1375 gravamine
823 1309 897 1373 qum
920 1287 984 1352 sibi
1016 1307 1075 1373 per
1106 1307 1165 1351 vos
1192 1285 1292 1370 jubet
1322 1284 1426 1350 domi·
1439 1277 1595 1323 ‘mm‘-

372 1397 390 1423 “
412 1410 477 1453 nus
491 1411 551 1454 rex
567 1389 723 1467 intimari,
740 1390 861 1475 quibus
883 1388 1059 1455 atterimur
1080 1411 1102 1454 a
1123 1384 1252 1473 primo¹
1277 1386 1426 1472 ingressu

373 1498 389 1523 “
412 1489 658 1577 archiepiscopi,
680 1491 763 1555 adeo
786 1496 826 1555 ut
849 1495 924 1576 post
946 1489 1069 1576 primos
1092 1511 1150 1554 sex
1173 1509 1300 1553 menses
1324 1508 1427 1573 usque
1441 1517 1572 1562 samue

373 1596 391 1626 “
414 1613 512 1670 nunc,
535 1613 597 1658 nec
619 1613 724 1656 unum
748 1591 836 1657 diem
860 1591 1034 1678 permittet
1059 1590 1155 1656 nobis
1185 1590 1305 1655 habere
1335 1589 1427 1675 quie·
1440 1567 1579 1671 misinen

372 1701 390 1727 “
414 1698 495 1757 tum
542 1693 636 1758 Nam
654 1693 761 1778 primo
784 1692 942 1758 villarum
967 1697 1154 1757 nostrarum
1185 1690 1305 1756 exenia
1334 1691 1428 1775 qussi

373 1804 390 1829 “
414 1795 549 1881 pecifice
571 1796 747 1860 subtraxit.
795 1794 859 1861 Oui
883 1814 1039 1879 cumpro
1054 1793 1253 1859 verecundia
1268 1792 1429 1858 novitatis

373 1908 391 1933 ‘⁴
413 1918 483 1963 suae
499 1919 708 1983 nequaquam
724 1897 884 1962 vellemus
906 1896 1066 1974 resistere,
1081 1895 1204 1980 adjecit
1226 1896 1262 1958 in
1279 1895 1430 1980 proximo

374 2010 391 2035 “
414 2007 454 2065 ut
477 1999 628 2065 ecelesias
650 2004 780 2064 nostres
808 1998 1010 2064 victualibus
1036 2019 1220 2084 pauperum
1246 1997 1430 2083 assignatas

375 2108 450 2167 “et
481 2102 700 2179 confirmatas,
732 2101 828 2166 nobis
862 2102 996 2186 penitus
1028 2099 1267 2186 ignorantibus,
1299 2099 1428 2163 subtra-

376 2213 391 2237 “
415 2203 519 2283 heret,
551 2208 586 2268 et
617 2204 743 2288 majore
774 2203 960 2268 minaretur
989 2200 1134 2266 inferre.2
1178 2200 1430 2288 appellavimus
1442 2221 1492 2265 ιι
1501 2221 1552 2265 snt

376 2315 392 2340 “
416 2306 529 2391 igitur,
561 2305 619 2369 sed
652 2305 760 2381 inviti,
793 2305 837 2369 ab
868 2304 959 2368 omni
991 2303 1190 2390 gravamine
1244 2303 1320 2388 Ipse
1352 2324 1430 2368 vero
1442 2282 1472 2324 ⁸¹³

376 2416 393 2441 “
417 2407 648 2471 incunctanter
669 2406 768 2471 villas
791 2412 921 2471 nostras
944 2405 1069 2470 invasit
1092 2411 1126 2470 et
1151 2406 1308 2470 redditus
1355 2405 1429 2470 Ser·
1443 2420 1544 2466 sunno

377 2509 547 2573 “vientes
569 2509 674 2573 nostri
698 2515 734 2583 et
757 2508 914 2594 clavigeri
942 2513 1012 2572 tam
1043 2507 1113 2572 dire
1140 2506 1250 2593 fugati
1280 2512 1368 2584 sunt,
1391 2472 1594 2572 nt⁰⁹⁹¹⁰⁸⁸i⁰m

376 2620 394 2645 “
417 2631 478 2675 nec
501 2609 694 2695 panniculos
716 2630 792 2674 suos
816 2609 929 2674 liceret
952 2608 999 2673 eis
1021 2608 1219 2695 absportare.
1268 2607 1431 2673 Offioieles

377 2723 393 2747 ‘⁴
416 2718 546 2777 nostros
572 2717 687 2777 contro
709 2733 834 2787 morem
862 2711 1039 2796 pristinum
1066 2710 1285 2776 commutavit
1306 2710 1342 2773 in
1365 2710 1430 2774 dis-

378 2824 394 2850 “
418 2814 576 2901 pendium
600 2814 744 2880 ecclesiae
766 2818 802 2879 et
824 2812 1079 2899 incomparabile
1102 2812 1290 2897 dampnum
1332 2812 1432 2878 Unde

377 2925 394 2951 “
417 2916 568 2982 homines
607 2918 713 2981 nostri
753 2916 855 2981 etiam
895 2915 1054 2980 rusticani
1097 2913 1180 2981 odeo
1219 2914 1351 3000 gloriosi
1398 2921 1433 2980 et

377 3019 557 3084 “effrenes
592 3018 699 3084 effecti
738 3024 825 3095 sunt,
856 3022 896 3082 ut
933 3016 1055 3083 debitis
1086 3016 1141 3081 vel
1171 3016 1330 3083 indebitis
1367 3039 1432 3082 ser·

378 3131 395 3155 ‘⁴
419 3122 513 3186 vitiis
552 3120 612 3185 vix
650 3121 758 3187 velint
794 3120 1010 3205 adquiesoere.
1066 3119 1290 3185 Mediantibus
1320 3125 1433 3187 autem
1445 3148 1578 3194 mmm,

377 3230 395 3256 “
418 3222 532 3287 smiois
547 3221 700 3300 ecclesiae,
723 3221 786 3286 sub
812 3244 869 3308 spe
900 3221 1131 3308 recuperande
1154 3221 1299 3307 pietatis,
1321 3221 1433 3308 appel·
1446 3224 1590 3321 Qffi

378 3332 396 3358 “
419 3324 537 3389 lationi
563 3324 794 3390 renuntiatum
818 3325 877 3401 est,
900 3324 992 3389 salvo
1019 3330 1131 3390 tamen
1159 3330 1252 3389 statu
1281 3324 1432 3391 ecclesioe.

379 3436 396 3460 “
419 3425 696 3512 Archiepiscopus
737 3427 852 3512 itaque
893 3426 991 3493 villas
1029 3426 1162 3511 quidem
1203 3427 1299 3492 nobis
1340 3428 1434 3492 resti-

380 3533 398 3560 “
420 3527 497 3604 tuit,
527 3526 679 3591 ecclesias
712 3548 792 3591 vero
826 3547 901 3591 cum
936 3526 1088 3591 omnibus
1122 3527 1332 3612 pertinentiis
1366 3528 1435 3591 suis

379 3638 398 3663 “
420 3633 456 3694 et
485 3628 649 3694 fructibus
679 3628 806 3709 clericis
836 3628 905 3693 suis
936 3627 1037 3704 dedit,
1069 3632 1104 3692 et
1134 3629 1178 3693 sb
1211 3650 1273 3692 usu
1311 3650 1433 3716 paupe-

379 3738 397 3764 “
420 3751 495 3793 rum
517 3729 653 3815 penitus
677 3728 845 3794 alienavit
893 3727 945 3792 Ex
972 3728 1093 3814 quibus
1119 3728 1244 3795 clericis
1270 3732 1433 3817 perspica-
1446 3758 1562 3851 nepueu

380 3840 398 3866 “
420 3832 538 3898 cionem
577 3831 619 3897 sd
651 3830 838 3897 Romanum
875 3830 970 3896 misit
999 3831 1199 3917 pontificem,
1230 3837 1346 3917 petens
1376 3821 1475 3919 per⁰⁰
1446 3808 1590 3854 ''⁰'⁰¹¹¹¹'⁰¹¹

379 3943 398 3970 “
420 3955 496 4000 enm
533 3940 573 3998 ut
609 3934 822 4000 donationem
867 3933 1103 4019 archiepiscopi
1145 3932 1362 4013 conduceret,
1401 3942 1436 4001 et

380 4045 397 4070 “
419 4057 516 4102 novae
553 4035 782 4100 construendus
820 4034 965 4102 ecclesiae
995 4035 1158 4101 conferret
1194 4035 1433 4103 auctoritatem

380 4145 398 4173 “
421 4137 580 4203 Obtinuit
601 4136 657 4202 ille
680 4137 722 4202 de
745 4136 833 4201 facili
856 4136 945 4222 quod
968 4135 1083 4214 voluit,
1106 4142 1149 4213 et,
1165 4156 1240 4201 cum
1262 4156 1330 4201 non
1351 4143 1436 4203 esset

381 4247 399 4275 “
423 4239 481 4325 qui
504 4239 679 4316 resisteret
695 4238 860 4324 suggessit
882 4239 1015 4304 domino
1037 4259 1132 4324 papae
1154 4256 1214 4303 nos
1237 4259 1305 4324 pree
1331 4237 1589 4361 nimine-rumnelm

382 4350 531 4407 “rerum
569 4340 774 4407 abundantia
804 4340 1046 4426 incorrigibiles
1076 4361 1153 4405 esse.
1200 4339 1355 4406 Sufficere
1380 4316 1589 4412 de·it⁸1²iv¹liitibo

383 4444 499 4508 “buit
529 4443 631 4509 etiam
661 4442 799 4508 cuilibet
830 4447 973 4527 tyranno
1006 4441 1203 4528 temporalis
1235 4442 1437 4523 subtrahere,

384 4544 505 4609 “dum
538 4565 605 4609 non
642 4543 766 4608 fsmem
805 4544 960 4610 mendose
998 4544 1178 4609 macularet
1215 4544 1437 4612 innocentum.

420 4821 456 4872 'a
467 4821 564 4891 primo]
578 4837 628 4874 om.
641 4821 671 4875 B.
909 4820 915 4890 Ι
960 4820 972 4854 ²
982 4819 1090 4891 inserte]
1103 4821 1205 4886 referre,
1217 4823 1247 4878 0.
