3662 5728
390 802 454 866 216
600 811 762 863 sununsu
785 809 946 862 noussen
969 809 1243 861 cmruamnusm
1311 845 1314 848 .

238 1031 361 1076 auriae.
390 1026 485 1091 papea
512 1002 672 1068 Alexandri
694 1001 915 1069 obedientiam
938 1011 1083 1083 abjurare.
1133 1000 1287 1089 Episcopi
1310 1000 1445 1069 tandem
1456 1009 1499 1062 w.
1512 1009 1588 1063 cens

220 1093 373 1190 fflsstssw‘
390 1107 428 1172 in
450 1128 555 1172 unum
578 1106 691 1184 coacti,
714 1112 749 1172 et
778 1106 976 1172 auctoritate
1006 1127 1068 1171 sua
1089 1109 1330 1171 sacramentum
1350 1093 1474 1193 vulgi¹'
1485 1080 1527 1131 ⁴⁶·

222 1196 338 1298 {iffi
390 1196 598 1277 corroborare
618 1209 733 1296 rogati,
749 1215 820 1276 tam
837 1208 990 1295 turpiter,
1005 1214 1077 1274 tam
1091 1208 1319 1294 imprudenter
1333 1214 1447 1276 eontra

390 1313 500 1378 Deum
528 1311 688 1378 cervicem
711 1311 842 1398 erigere,
874 1311 992 1379 saltem
1014 1310 1213 1379 verecundia
1234 1311 1347 1390 coacti
1370 1333 1446 1379 con·

391 1412 514 1479 sentire
536 1412 723 1479 noluerunt.

737 1669 742 1677 ’
772 1673 1063 1743 Momm-XII.

239 1854 363 1901 aunan
436 1840 499 1896 Rex
521 1829 686 1895 Henricus
709 1838 741 1893 in
758 1835 900 1909 Angliam
918 1835 1160 1891 transfretaturus
1177 1834 1215 1890 ad
1232 1849 1313 1890 mare
1329 1832 1446 1889 descen·
1460 1846 1501 1898 w
1512 1845 1588 1899 cm,

223 1919 374 2015 &efficerer
390 1939 444 1996 dit.
481 1940 566 2011 Quod
592 1957 659 1995 curn
684 1955 720 1995 ex
743 1954 853 2009 magna
876 1941 960 2007 parte
981 1926 1238 1993 transmisisset1
1258 1924 1447 1991 vehementi
1458 1928 1475 1964 ¹·
1488 1918 1528 1965 ⁶⁹·
1581 1951 1583 1955 ¹

222 2019 365 2120 fflfffiff
391 2045 565 2113 tempestate
583 2037 819 2118 conquassatus
834 2036 869 2096 et
887 2030 958 2115 jem
979 2029 1048 2095 fere
1071 2029 1111 2094 de
1134 2029 1241 2093 salute
1264 2028 1447 2115 desperans,

224 2121 311 2166 ΗΜ·
394 2140 522 2213 quinque
539 2160 628 2199 naves
651 2134 803 2220 perdidit,
836 2137 870 2198 et
896 2132 957 2196 vix
983 2131 1118 2197 tandem
1148 2131 1256 2197 multa
1286 2131 1447 2217 fatigatus
1636 2191 1640 2200 .

391 2236 547 2322 angrmtia
560 2236 612 2301 νὺο
633 2257 736 2302 nonas
759 2236 873 2302 Martii
895 2235 932 2299 in
946 2234 1070 2322 Anglia
1091 2233 1260 2321 applicuit.
1298 2233 1448 2298 Audiens
1550 2271 1552 2274 >

392 2343 504 2403 autem
520 2361 607 2426 papa
626 2362 735 2427 regem
758 2339 795 2403 in
817 2338 974 2425 Angliam
996 2336 1234 2415 transfretasse,
1254 2358 1297 2402 ne
1319 2336 1446 2402 diutius
1517 2412 1520 2417 ¹

391 2441 526 2508 ecclesia
563 2443 773 2529 dispendium
805 2442 989 2519 sustineret,
1021 2448 1186 2505 renovavit
1209 2448 1381 2504 mandatnm
1403 2440 1485 2533 ads.
1498 2453 1568 2505 uc.

391 2551 637 2625 Rotomagensem
661 2559 692 2609 et
709 2554 932 2619 Nivernensem‚
956 2542 1149 2629 praecipiens
1179 2548 1226 2620 ut,
1258 2544 1287 2607 si
1317 2535 1492 2610 necessum
1505 2524 1545 2571 ω’

391 2650 485 2725 esset,
508 2645 545 2709 in
568 2644 723 2733 Angliam
749 2644 1003 2712 transfretarent
1025 2646 1178 2711 omnibus
1201 2645 1306 2711 modis
1336 2668 1446 2732 regem

247 2755 261 2787 ⁰
303 2806 343 2839 ue·
392 2745 433 2811 de
456 2767 535 2832 pace
561 2747 801 2812 commonituri.
847 2747 921 2812 Rex
951 2752 1072 2824 autem,
1095 2746 1284 2813 convocatis
1306 2748 1446 2834 optima·

231 2856 248 2886 ¹¹
281 2858 324 2939 ΜΘ
391 2847 482 2914 tibus
505 2849 580 2927 auis,
608 2850 758 2915 instituit
782 2850 918 2916 abbates
944 2856 979 2915 et
1003 2849 1143 2927 clericos,
1167 2849 1302 2916 comites
1328 2854 1362 2915 et
1384 2850 1446 2915 mi-

272 2957 284 2989 ³
351 2958 371 2991 ⁸·
391 2950 467 3017 lites
497 2952 556 3037 qui
586 2952 780 3018 circmerent
809 2957 941 3031 terram,
972 2952 1054 3019 dans
1084 2951 1223 3019 formam
1253 2952 1446 3039 inscriptam

390 3053 554 3138 quomodo
577 3054 624 3118 eis
646 3050 733 3119 esset
757 3056 930 3140 agendum.

242 3173 250 3203 1
281 3171 308 3254 ο,
437 3153 480 3218 In
514 3154 677 3232 Cantium,
710 3154 909 3233 suthreiam,
940 3160 975 3221 et
1006 3155 1218 3233 Middelsexe,
1254 3159 1289 3220 et
1321 3155 1446 3223 Barke·

242 3273 250 3303 ¹
284 3322 298 3354 θ
391 3254 479 3333 sire,2
500 3262 535 3322 et
567 3256 847 3335 Oxenefordscirc,
868 3263 904 3324 et
935 3257 1261 3345 Bukingehamscire‚
1284 3263 1320 3323 et
1341 3258 1446 3325 Bede-

295 3412 300 3422 .
390 3357 564 3425 sordescire
593 3358 787 3425 missisunt
819 3359 921 3426 abbas
945 3359 1059 3427 Sancti
1088 3359 1271 3446 Augustini
1301 3358 1447 3427 Cantus·

390 3460 459 3539 riae,
479 3461 582 3527 abbas
616 3462 657 3528 de
681 3460 877 3542 Oherteseie,
908 3484 1016 3530 eomes
1051 3463 1091 3528 de
1124 3461 1230 3540 Olera,
1260 3460 1448 3529 Willelmus

391 3564 432 3629 de
463 3564 634 3643 Abrancis,
668 3564 833 3631 Manesier
858 3566 899 3632 de
921 3564 1141 3643 Dammartin,
1165 3565 1326 3631 Geroldus
1357 3565 1447 3632 filius

391 3666 534 3743 Radulfi,
558 3666 747 3733 Gilebertus
774 3667 814 3732 de
837 3666 990 3745 Pinkeni,
1012 3665 1199 3733 Willelmus
1225 3667 1314 3733 filius
1329 3667 1447 3734 Helto·

390 3768 451 3845 nis,
484 3767 670 3834 Willelmus
687 3768 780 3841 ,filius
810 3768 943 3856 Nigelli
967 3768 1152 3834 Willelmus
1182 3768 1271 3833 filius
1300 3769 1461 3847 Martini,

390 3870 555 3935 Radulfus
589 3870 630 3935 de
653 3870 829 3957 Hospitali,
853 3856 1033 3937 Radulfus
1051 3871 1091 3935 de
1114 3871 1215 3936 Dene.
1262 3870 1310 3935 Hi
1333 3893 1446 3937 omnes

391 3973 490 4038 simul
512 3973 718 4059 supradictos
741 3974 918 4040 comitatus
941 3975 1148 4042 circuierunt.
1187 3974 1230 4038 In
1258 3973 1348 4040 huns
1376 3996 1446 4041 mo·

390 4075 471 4140 dum
488 4096 548 4161 per
567 4073 649 4140 alios
669 4075 845 4140 comitatus
860 4075 993 4162 Angliae
1012 4075 1225 4160 inquisitores
1245 4074 1444 4141 missisunt.

390 4176 436 4243 Et
457 4174 553 4243 haec⁸
575 4176 741 4262 inquirere
764 4176 951 4244 debuerunt
963 4202 1015 4243 :-

1088 4342 1240 4350 ...—.--.-
1251 4343 1266 4348 ..
1281 4344 1285 4348 Δ

424 4426 432 4460 ¹
444 4426 635 4492 nemeaea]
650 4425 818 4487 muvmset,
828 4425 869 4493 0ss
942 4426 997 4479 into
1008 4428 1051 4481 the
1063 4430 1214 4480 conductos
1226 4430 1270 4481 the
1281 4429 1391 4493 sheriffs,
1402 4446 1445 4482 are

421 4504 593 4570 ²Berteeire]
608 4503 814 4567 Barkeshire,0.
943 4507 1044 4573 printed
1062 4509 1130 4561 from
1148 4510 1192 4561 the
1211 4509 1270 4561 MS.
1297 4509 1445 4562 Raulinson

423 4583 531 4635 ³'l'hese
548 4583 713 4636 insuuctions
731 4583 774 4635 for
784 4584 828 4636 the
838 4599 899 4636 con-
942 4587 972 4639 C.
993 4591 1051 4649 641,
1070 4588 1097 4639 in
1114 4605 1158 4655 my
1169 4589 1256 4641 select
1275 4590 1405 4653 Charters,
1420 4605 1445 4654 p.

390 4666 452 4716 duct
479 4664 508 4716 cf
539 4664 583 4714 the
619 4663 834 4726 commissionem,
869 4680 899 4715 or
944 4669 1000 4717 148.

390 4745 489 4795 Barons
516 4740 619 4806 hant,
647 4741 673 4793 in
701 4742 770 4795 their
798 4743 898 4809 inquest
