3588 5740
406 870 469 935 586
605 883 766 933 suavssn
789 883 947 933 arealem
971 883 1244 933 CANTUARIENSIS

253 1081 374 1128 mins.
405 1070 515 1125 “tiam
537 1070 700 1142 judicandi,
718 1071 864 1127 universis
883 1078 914 1127 et
942 1070 1070 1142 singulis
1089 1070 1122 1125 in
1143 1072 1210 1142 jure
1228 1088 1281 1126 sno
1300 1070 1452 1126 existimus

233 1133 390 1242 Μῗξθξέἓέὴθ
404 1155 424 1178 “
444 1152 597 1219 debitores,
623 1155 712 1226 regies
733 1154 894 1226 prudentiae
921 1154 1115 1210 salutaribus¹
1143 1154 1393 1211 exhortationibus
1410 1155 1454 1210 in·

251 1248 374 1306 ¹petetue
403 1239 421 1261 “
441 1237 535 1303 vitati,
548 1244 578 1293 et
592 1239 722 1295 volentes
739 1240 821 1311 regia
838 1239 886 1294 vie
903 1238 1061 1310 prudenter
1083 1238 1225 1304 incedere,
1238 1256 1293 1293 neo
1310 1238 1456 1294 declinare
1468 1249 1631 1296 Nummus.

233 1309 350 1399 „offla
403 1322 421 1345 ‘⁴
441 1319 479 1374 ad
496 1320 644 1377 dexteram
656 1324 704 1378 vel
720 1323 878 1387 sinistram,
892 1340 987 1394 nuper
1004 1322 1036 1377 in
1053 1322 1209 1394 praesentia
1226 1328 1326 1377 nostra
1342 1322 1455 1378 nuntiis

231 1397 346 1493 2533&
402 1407 420 1430 “
439 1406 613 1461 venerabilis
626 1406 747 1462 fratris²
759 1407 853 1462 nostri
865 1406 1076 1478 archiepiscopi
1095 1412 1125 1461 et
1142 1405 1256 1461 dilectis
1270 1406 1338 1460 filiis
1356 1423 1454 1461 mona·

233 1499 372 1558 assuming
403 1489 422 1514 “
441 1488 504 1544 ehis
525 1489 780 1546 Gantnariensibus
799 1490 975 1557 constitutis,
998 1491 1029 1546 in
1046 1491 1123 1545 facte
1142 1490 1260 1561 capellae
1278 1490 1314 1545 de
1327 1489 1455 1546 Lemhee

234 1548 367 1642 ξίζῗᾱξξξζο
402 1573 420 1596 “
441 1571 477 1626 de
494 1574 641 1628 communi
672 1574 791 1629 consilio
817 1574 941 1630 fratrum
965 1581 1133 1630 nostrerum
1158 1573 1352 1645 processimus
1378 1573 1456 1629 sicut

231 1650 358 1695 execution.
402 1656 420 1681 “
440 1656 523 1710 nobis
541 1657 597 1711 luit
614 1656 754 1713 divinitus
778 1658 949 1724 revelatum,
968 1664 998 1714 et
1021 1658 1127 1712 littere
1158 1674 1230 1728 quas
1248 1655 1343 1711 eidem
1361 1656 1454 1711 arohi-

401 1740 420 1765 “
441 1739 575 1810 episcope
591 1747 621 1794 et
631 1739 843 1795 venerabilibus
861 1739 999 1796 fratribus
1011 1740 1119 1795 nostris
1136 1739 1353 1794 Gentnariensis
1364 1739 1454 1795 eccle·

403 1823 421 1848 ‘⁴
442 1822 493 1875 sies
511 1822 703 1894 suffraganeis
728 1822 906 1879 destinamus
930 1824 1081 1879 continent
1098 1821 1254 1878 evidenter.
1292 1823 1335 1878 Ut
1357 1828 1456 1878 eutem

403 1907 420 1929 ‘⁴
441 1904 611 1960 mandatum
628 1913 769 1972 nosuum,
784 1907 860 1977 qued
878 1907 915 1962 de
933 1924 1007 1978 pura
1024 1906 1201 1962 conscientie
1218 1907 1279 1961 Deo
1297 1912 1372 1962 teste
1389 1924 1456 1976 prc-

403 1990 421 2013 “
442 1988 536 2053 cessit,
555 1988 673 2044 liberius
697 1990 795 2045 valeat
822 1989 984 2062 adimpleri,
1013 1990 1200 2045 serenitatem
1230 1988 1342 2060 regiam
1369 2006 1455 2060 prece

403 2072 421 2096 “
441 2088 500 2142 qna
525 2089 676 2142 pessumus
701 2078 731 2127 et
761 2074 913 2128 affectione
939 2089 1087 2144 regemne,
1107 2073 1244 2143 quatinus
1270 2072 1328 2126 hiis
1353 2088 1420 2142 quse
1437 2090 1455 2127 a

403 2154 423 2179 ‘⁴
441 2153 525 2209 nobis
548 2155 625 2210 facta
650 2161 719 2211 sunt
742 2155 897 2227 benignius
920 2156 1085 2221 annuendo,
1106 2156 1221 2210 nonsit
1246 2155 1455 2226 impedimento

403 2238 422 2261 “
442 2254 499 2307 quo
529 2238 626 2293 minus
639 2260 642 2265 ·
656 2238 779 2295 debeant
804 2240 889 2311 juxte
917 2239 1053 2310 rescripti
1083 2239 1175 2294 nostri
1203 2238 1308 2293 seriem
1337 2237 1455 2294 effectui

403 2322 422 2347 “
441 2320 615 2396 mancipare,
628 2322 700 2393 quin
717 2323 822 2394 potius,
836 2323 862 2379 si
879 2324 944 2395 quis
961 2341 1000 2388 se,
1014 2322 1092 2394 quod
1109 2322 1158 2377 vix
1169 2321 1323 2386 credimus,
1337 2321 1457 2377 duceret

402 2405 422 2429 “
441 2404 654 2475 opponendum,
673 2405 737 2476 ejus
762 2405 883 2461 audacia
908 2423 1073 2477 quaesumus
1098 2410 1240 2477 potestate
1270 2404 1325 2460 tibi
1348 2404 1457 2461 tradite

403 2489 422 2513 “
442 2487 626 2557 reprimetur,
645 2494 677 2544 ut
699 2488 837 2544 mandata
854 2487 931 2544 sedis
959 2488 1123 2560 apostolica
1151 2487 1280 2543 debitam
1305 2488 1456 2559 optineant

403 2572 422 2596 “
441 2570 618 2626 firmitatem.
655 2572 795 2642 Alioquin
814 2577 1080 2643 quantumcumque
1105 2571 1356 2642 magnificentiam
1372 2576 1455 2626 tuam

401 2652 473 2708 “in
491 2655 615 2711 Domine
645 2654 812 2727 diligemus,
839 2661 868 2710 et
898 2654 953 2710 sibi
978 2654 1103 2710 velimus
1128 2662 1270 2726 quantum
1295 2672 1363 2710 cum
1393 2655 1456 2709 Deo

401 2739 420 2763 ‘⁸
440 2754 592 2808 possumus
617 2738 737 2794 honeste
762 2738 883 2805 deferre,
910 2742 1109 2808 contemptum
1135 2738 1300 2809 apostelicae
1324 2737 1400 2793 sedis
1426 2744 1457 2792 et

402 2823 421 2846 “
440 2826 572 2876 nostrum
591 2840 649 2877 non
674 2822 832 2894 poterimus
851 2822 1055 2895 equanimiter
1079 2821 1230 2888 sustinere,
1250 2821 1300 2876 sed
1327 2838 1376 2877 ces
1403 2820 1454 2892 qui

402 2906 421 2930 ⁴⁶
441 2922 472 2960 se
490 2922 635 2976 oppenere
663 2907 769 2961 nostris
786 2906 825 2977 ‚in
851 2906 906 2961 heo
929 2911 1013 2977 parte
1034 2904 1212 2977 jussionibus
1237 2905 1454 2976 attemptabant

402 2992 421 3017 ‘¹
442 3008 528 3061 poena
552 2991 693 3062 magistra
722 2990 825 3046 docere
855 2991 1020 3046 curabimus
1048 3007 1135 3060 quam
1161 2989 1268 3044 dmum
1285 2990 1325 3043 sit
1352 2995 1630 3054 conmamuvm

403 3075 420 3100 “
441 3073 592 3128 stimulum
611 3074 770 3129 calcitrare.
808 3073 963 3128 Providest
980 3072 1073 3144 igitur
1096 3072 1179 3143 regia
1203 3071 1354 3137 celsitudo,
1375 3071 1453 3143 quod

402 3160 421 3184 “
441 3158 485 3213 ite
502 3175 600 3228 preces
618 3158 789 3229 apostolicas
807 3157 838 3211 in
855 3158 910 3212 hae
927 3164 1010 3229 parte
1036 3157 1192 3228 diligenter
1210 3155 1355 3222 exaudiat,
1379 3157 1455 3213 ment

402 3242 596 3313 “petitiones
626 3261 692 3297 suas
727 3242 806 3314 apud
834 3243 934 3297 sedem
973 3242 1161 3314 apostolicam
1192 3241 1274 3312 cupit
1304 3242 1393 3296 etiam
1424 3242 1456 3296 in

403 3327 422 3351 ‘⁸
441 3323 600 3395 majeribus
614 3325 754 3389 exaudiri,
769 3344 927 3397 procurans
943 3325 1082 3381 attentius
1100 3331 1134 3380 nt
1149 3325 1285 3395 proefates
1299 3325 1455 3380 monaches

404 3409 422 3433 “
442 3424 514 3478 qnos
532 3408 585 3463 snb
597 3407 776 3479 protectione
793 3416 893 3464 nostra
910 3407 1097 3479 suscepimus,
1110 3425 1147 3461 ne
1165 3405 1292 3461 minores
1309 3424 1328 3461 a
1338 3407 1454 3478 majori·

404 3490 423 3514 “
443 3490 496 3545 bus
514 3489 726 3562 opprimantur,
745 3491 862 3546 dextera
880 3510 940 3547 suae
952 3489 1090 3562 potentiss
1108 3496 1243 3560 proteget
1261 3498 1291 3545 et
1308 3489 1454 3555 desendet,

405 3577 424 3601 “
443 3580 477 3630 ut
495 3575 572 3647 apud
591 3576 667 3630 Eum
686 3584 803 3630 aterna
820 3574 1020 3630 retributionis
1038 3574 1158 3645 praemia
1177 3580 1378 3646 consequatur,
1397 3572 1455 3643 Qui

405 3662 422 3684 ‘⁶
440 3659 524 3729 juxta
542 3659 743 3731 propheticum
761 3659 960 3715 testimonium
977 3658 1111 3713 liberavit
1128 3674 1284 3729 pauperem
1302 3674 1320 3711 s
1337 3663 1455 3728 potente
1467 3670 1616 3718 usmis

403 3744 422 3767 ‘¹
443 3748 473 3796 et
490 3741 607 3813 inopem
625 3744 672 3799 cni
690 3761 748 3797 non
768 3749 829 3798 erat
847 3741 969 3813 adjutor.
1008 3742 1117 3796 Datum
1146 3741 1292 3805 Laterani,
1305 3740 1453 3812 pontifica-

404 3828 422 3852 “
442 3832 489 3881 tus
508 3826 599 3881 nostri
617 3844 692 3881 suno
710 3826 833 3897 primo.”

248 4103 371 4145 annos
783 4076 1078 4143 MCXCIX.—III.

235 4232 358 4326 fflvfflf
449 4230 544 4296 M⁰C0
573 4230 682 4296 xc⁰ix0
707 4228 825 4316 gratiae
849 4228 913 4294 Dei
944 4249 1031 4293 anno
1056 4227 1166 4293 allatae
1197 4234 1276 4293 sunt
1300 4250 1358 4315 per
1383 4250 1457 4315 pro·

235 4293 344 4376 ¹0⁶&
403 4335 513 4421 prium
560 4332 685 4398 domini
727 4353 822 4419 papae
871 4331 1028 4396 nuntium
1074 4332 1274 4416 praescripeae
1320 4332 1460 4410 litterae3

404 4435 561 4519 lectaeque
585 4439 664 4498 sunt
695 4434 731 4497 in
762 4432 940 4519 praesentia
970 4433 1096 4497 domini
1119 4433 1205 4519 regis
1242 4454 1320 4511 suae,
1343 4439 1377 4498 et
1407 4455 1458 4500 ar·

407 4536 604 4623 rhiepiscopi
643 4557 718 4613 suae,
750 4540 789 4599 ut
827 4534 950 4622 singuli
988 4535 1110 4620 quique
1148 4534 1211 4598 sibi
1250 4535 1459 4601 commissum

436 4783 446 4816 ¹
458 4784 628 4851 salutaribus]
644 4785 779 4846 selutariis,
790 4784 822 4834 B.
928 4784 934 4853 Ι
983 4783 994 4818 ²
997 4783 1107 4850 fratris]
1122 4783 1210 4848 patris,
1221 4785 1251 4834 B.
