3646 5720
723 916 836 966 ornas
858 916 1050 966 maronae.
1345 894 1409 965 261

356 1102 501 1168 Ruffus¹
524 1112 698 1169 decanatum
720 1126 818 1169 suum
841 1112 872 1168 in
889 1126 996 1170 manus
1012 1103 1146 1170 Ricardi
1162 1101 1411 1170 Oantuariensis
1440 1115 1562 1162 annu.

353 1204 598 1292 archiepiscopi.
645 1204 808 1293 Praecepit
828 1206 942 1291 itaque
962 1227 1022 1271 rex
1043 1205 1167 1270 ibidem
1186 1226 1309 1271 novam
1329 1203 1408 1270 aedi-
1420 1179 1573 1275 ffffi'ss

231 1318 233 1322 “
353 1307 446 1373 ficari
460 1307 629 1374 ecclesiam
645 1328 720 1373 cum
744 1309 812 1373 suis
827 1307 974 1386 officinis,
989 1313 1023 1374 et
1039 1312 1115 1394 post
1136 1307 1264 1393 aliquot
1282 1328 1409 1372 menses

183 1580 282 1630 Bened
294 1578 311 1630 i.

186 1651 309 1709 rastas,

183 1716 242 1764 ras.

354 1408 391 1473 in
413 1413 561 1474 veterem
587 1409 756 1476 sedeciam
780 1411 947 1477 introduci
971 1410 1129 1496 proecspit
1151 1416 1305 1474 canonicos
1322 1403 1561 1498 regu-{pffilgss

354 1506 440 1572 lares,
463 1523 513 1562 sex
531 1506 567 1563 de
594 1505 780 1572 cirecestria,
806 1525 857 1564 sex
881 1507 916 1564 de
941 1506 1074 1572 Osensia,
1101 1509 1227 1578 quatuor
1253 1504 1289 1560 de
1316 1494 1406 1561 Chic
1420 1504 1522 1557 maula

354 1593 439 1649 Misit
460 1606 590 1672 quoque
618 1612 670 1651 rex
695 1596 934 1651 Bartholomeum
961 1595 1164 1661 beriensem,
1193 1598 1224 1649 et
1250 1593 1408 1664 chcrium
1420 1595 1570 1690 {gfflmd

354 1680 588 1754 wigorniensem
619 1683 657 1740 ad
686 1683 834 1739 abbatiam
863 1682 900 1738 ds
929 1682 1144 1748 Ambresberia,
1171 1677 1211 1738 ut
1233 1680 1408 1736 abbatissam
1421 1698 1507 1740 mutto

353 1760 500 1848 aliasque
537 1763 714 1830 monachas
751 1763 793 1828 dc
830 1761 1005 1828 manifesto
1042 1762 1205 1828 lenocinio
1241 1761 1409 1827 convictas
1421 1747 1557 1800 mm·

353 1862 504 1941 eicerent,
528 1868 562 1928 et
591 1864 628 1929 in
657 1864 795 1929 eandem
821 1862 990 1929 ecclesiam
1012 1871 1247 1928 sanctimoniales
1266 1870 1303 1926 dc
1315 1870 1408 1926 Fonte

353 1971 483 2028 Ebraudi
505 1964 547 2029 de
569 1972 745 2044 Andegavic
764 1964 1022 2030 introducerent.

396 2063 439 2128 In
461 2066 612 2150 proxima
631 2064 890 2153 Quadragesima
904 2070 1069 2132 venerunt
1090 2066 1134 2131 ad
1148 2086 1258 2151 regem
1274 2064 1406 2150 Angliae
1419 2058 1575 2155 {mr

352 2166 547 2252 cassus
568 2167 643 2245 viri,
661 2166 749 2253 Juss
772 2168 872 2254 periti
890 2172 925 2234 a
946 2167 1114 2235 massua
1132 2166 1298 2243 amaa,
1313 2166 1405 2231 masi
1417 2122 1568 2254 puppe

352 2288 375 2333 a
402 2268 545 2334 dominis
582 2269 651 2334 suia
681 2269 810 2335 duobus
847 2271 979 2356 regibus
1010 2270 1191 2356 Hispanico,
1225 2260 1556 2354 aldefonsoffissl

352 2370 477 2437 sedicet
498 2394 575 2459 rege
598 2371 761 2450 castellae,
784 2377 820 2437 et
842 2372 979 2438 Sanctio
1001 2394 1077 2459 rege
1100 2371 1269 2438 Navarrae.
1314 2372 1405 2439 Dum
1417 2361 1562 2463 ffissg,

351 2472 441 2537 enim
478 2473 543 2537 sibi
579 2472 767 2539 adinvicem
801 2474 1063 2551 adversarentur,
1094 2473 1173 2540 licet
1210 2473 1405 2560 cognatione
1417 2461 1567 2557 ΜΨ

351 2575 529 2661 conjuncti,
567 2575 688 2662 praedis
725 2581 839 2642 tamen
876 2582 911 2641 et
943 2576 1067 2662 praeliis
1105 2590 1249 2662 operam*
1271 2575 1404 2642 dabant
1418 2562 1508 2607 Μ’·

351 2676 438 2742 Cum
463 2683 576 2744 autem
601 2677 696 2743 nulla
719 2678 848 2744 ratione
874 2679 928 2744 vel
951 2678 1138 2765 sapientum
1160 2677 1326 2743 industria
1347 2698 1406 2743 ne·

351 2779 485 2864 quirent
521 2779 595 2865 paci
633 2779 826 2856 consentire,
858 2780 919 2844 vix
956 2779 1091 2845 tandem
1128 2779 1405 2844 intermeantibus

350 2880 465 2946 amicis
488 2882 702 2967 praebuerunt
731 2902 910 2959 assensum,
931 2888 972 2946 ut
1000 2882 1087 2968 regis
1110 2879 1241 2967 Anglias
1268 2880 1405 2948 Henrici

351 2982 392 3048 de
412 3004 493 3069 pace
513 2982 664 3049 facienda
685 2983 836 3049 subirent
858 2983 1043 3049 arbitrium.
1081 2982 1273 3048 Astitenmt
1292 2983 1406 3069 itaque

350 3086 437 3172 regis
471 3086 604 3172 Angliae
635 3086 718 3152 solio
749 3085 900 3172 praedicti
934 3086 1047 3151 nuntii
1076 3107 1191 3172 regum
1222 3083 1406 3171 Hispanias,

350 3208 464 3254 calmas
486 3209 563 3254 suas
589 3189 626 3252 in
647 3188 849 3255 contrarium
875 3192 1103 3276 proponentes,
1126 3192 1161 3252 et
1184 3187 1324 3253 diversis
1347 3209 1405 3253 au·

349 3289 509 3356 tractibus
534 3290 719 3356 rationibus
746 3289 917 3356 rethoricis
940 3289 1164 3355 verisimiliter
1186 3289 1404 3375 explicabant.

351 3390 497 3478 Accepto
520 3392 655 3456 tandem
682 3396 758 3477 post
781 3391 907 3457 Pascha
937 3392 977 3457 de
1001 3412 1100 3457 causa
1124 3413 1186 3457 sua
1209 3396 1306 3458 tanta
1332 3413 1405 3458 ver·

349 3493 438 3558 sutia
468 3492 626 3559 intricata
654 3492 741 3578 regis
767 3491 904 3578 judicio,
931 3492 1002 3558 laeti
1032 3492 1156 3557 reversi
1185 3497 1273 3570 sunt,
1300 3493 1405 3558 domi-

349 3617 474 3682 nosque
500 3617 576 3661 suos
598 3617 691 3681 reges
718 3616 898 3681 regumque
924 3594 1062 3683 populos
1087 3595 1159 3681 paci
1186 3595 1405 3661 restituerunt

349 3703 384 3762 et
405 3696 653 3782 tranquillitati.
1065 3759 1068 3763 .

394 3797 548 3864 Contulit
566 3797 628 3863 hoc
644 3819 733 3863 anno
753 3819 813 3862 rex
829 3797 994 3862 Henricus
1012 3819 1115 3863 novas
1131 3799 1288 3882 quasdam
1305 3799 1402 3864 liber·
1415 3799 1547 3895 Qatn-

348 3907 435 3966 tatoa
458 3899 602 3967 ecclesiae
626 3898 753 3966 Christi
776 3900 986 3980 Cantuariae;
1008 3900 1098 3965 unde
1120 3905 1255 3966 stante
1278 3901 1572 4002 Pascha‘gssffig

348 4002 385 4067 in
408 4002 514 4067 Ourna
536 4002 672 4067 Domini
696 4002 911 4068 Cantuariam
941 4022 1075 4088 peregre
1104 4001 1278 4088 profectus,
1305 4002 1522 4105 superfflgs·

348 4105 500 4170 tumbam
524 4103 640 4169 Sancti
661 4102 797 4169 Thomas
819 4125 894 4170 cum
917 4103 1086 4168 nonnullis
1108 4103 1216 4169 aureis
1238 4104 1324 4173 hanc
1347 4107 1402 4172 de-

349 4213 426 4275 vote
449 4207 574 4295 optulit
596 4211 739 4272 cartam:

385 4338 404 4363 “
418 4335 566 4392 Henricus
582 4334 639 4392 Dei
656 4333 754 4406 gratia
770 4350 821 4388 rex
835 4332 964 4405 englis,
977 4333 1037 4389 dux
1054 4320 1244 4391 Normannia
1263 4341 1294 4392 et
1309 4335 1403 4409 Aqui·

350 4421 371 4448 “
388 4420 486 4487 rania,
507 4425 537 4476 et
560 4435 658 4475 comes
675 4417 865 4487 Andegauiae,
890 4416 1123 4490 archiepiscopis,
1144 4419 1294 4491 episcopis,
1314 4421 1401 4477 abba·

350 4504 369 4531 ‘⁶
387 4504 477 4568 tibus,
498 4502 662 4566 comitibus,
681 4500 848 4566 baronibus,
868 4500 1014 4572 justitiis,²
1034 4500 1262 4567 vicecomitibus,
1286 4509 1317 4559 et
1340 4521 1401 4560 om·

348 4587 475 4643 “nibus
501 4585 646 4642 ministris
673 4590 703 4641 st
729 4583 863 4640 fidelibus
889 4584 950 4639 suis
976 4584 1096 4641 Fhancis
1123 4590 1154 4640 et
1177 4584 1284 4657 Anglis
1309 4588 1402 4644 totins

381 4826 483 4879 rm,
498 4824 573 4877 wido
584 4823 693 4891 Rqffw]
707 4838 757 4875 om.
770 4825 800 4878 c.
873 4821 879 4891 Ι
933 4824 1070 4893 'justitietJ
1084 4824 1232 4891 justitiariis,
1245 4828 1276 4881 C.
