3666 5724
288 1080 345 1126 al).
353 1079 412 1124 1107

271 1148 413 1240 Anlmageo
399 1144 425 1187 ot

273 1195 452 1292 utrm

271 1298 361 1343 broken
368 1296 423 1346 bys

273 1349 382 1451 dumblan

281 2494 414 2598 Wfflmil

279 2597 321 2643 the
329 2557 422 2648 imlrffl·

439 861 504 930 370
641 870 803 927 amusan
826 869 986 926 usuram
1008 868 1282 920 cauruuunusrs

439 1061 606 1126 latronum
629 1078 741 1133 cuneo,
764 1062 993 1123 remanserunt
1014 1056 1150 1142 quidam
1172 1078 1215 1122 ex
1245 1056 1326 1142 ipsis
1355 1056 1392 1120 in
1422 1056 1493 1143 ipso

441 1163 527 1227 atrio
549 1159 692 1227 ecclesiae
716 1164 849 1225 tessares
872 1158 1032 1224 ludentes.
1079 1157 1163 1224 Cum
1187 1179 1264 1245 ergo
1291 1157 1425 1243 quidam
1452 1179 1494 1223 ex

409 1263 531 1349 ¹,ipsis
555 1267 595 1326 ut
625 1261 724 1325 moris
748 1266 807 1338 est,
830 1265 917 1325 sorte
939 1261 1122 1346 perderent,
1145 1259 1203 1325 alii
1225 1281 1305 1325 vero
1332 1260 1453 1326 lucro
1444 1280 1494 1323 ιιι·

443 1358 575 1430 hiantes
606 1383 661 1428 eos
693 1362 751 1447 qui
783 1361 966 1448 perdebant
998 1361 1126 1448 probris
1159 1362 1338 1440 irritarent,
1368 1361 1404 1425 hi
1438 1359 1495 1445 qui

443 1466 626 1553 perdebant
656 1464 767 1529 furore
799 1464 946 1530 succensi
979 1465 1015 1528 in
1049 1463 1158 1528 Deum
1192 1468 1227 1529 et
1256 1463 1393 1529 Beatam
1417 1462 1498 1547 EJ’us

443 1568 645 1635 Genitrioem
668 1566 859 1652 nephandas
881 1565 1103 1652 blasphemias
1120 1565 1332 1650 jactitabant,
1348 1585 1387 1630 ac
1404 1565 1433 1629 si
1448 1585 1501 1629 eo·

443 1692 517 1734 rum
541 1674 627 1735 esset
650 1667 748 1753 culpa
770 1667 860 1752 quod
882 1666 1073 1751 hujusmodi
1100 1666 1284 1732 infortunia
1307 1667 1354 1731 eis
1376 1665 1500 1732 accide-

444 1774 548 1850 bant;
581 1791 669 1835 unus
703 1774 816 1837 autem
850 1791 893 1834 ex
928 1769 983 1845 eis,
1018 1768 1167 1833 insanior
1200 1769 1335 1846 asteris,
1363 1774 1502 1853 arrepto

445 1872 555 1958 lapide
581 1872 625 1938 ad
651 1871 831 1957 imaginem
854 1870 986 1937 Sanctae
1011 1870 1159 1957 Virginis
1184 1871 1299 1939 Mariae
1329 1870 1365 1935 in
1392 1869 1501 1956 lapide

446 1974 610 2060 sculptam
643 1971 789 2057 projecit,
813 1993 878 2057 quo
910 1972 1075 2038 infantem
1106 1972 1236 2049 feriens,
1264 1972 1335 2058 ejus
1366 1993 1502 2037 manum

446 2076 567 2161 dejecit
592 2075 629 2139 in
653 2079 783 2139 terram.
831 2072 906 2153 Qua
940 2078 1066 2150 ruente,
1100 2074 1171 2159 ipse
1206 2094 1335 2158 quoque
1368 2094 1451 2159 puer
1484 2094 1502 2137 e

445 2177 570 2262 gremio
613 2173 766 2260 elapsus²
804 2180 855 2239 est
894 2174 1095 2259 inferiusque
1132 2173 1230 2239 solito
1267 2174 1396 2240 resedit.
1452 2173 1503 2237 De

446 2277 581 2343 brachio
604 2281 716 2341 autem
740 2276 843 2360 pueri,
865 2276 965 2340 simul
988 2280 1023 2340 et
1046 2297 1155 2353 mann,
1178 2276 1342 2390 quaejam
1372 2276 1408 2338 in
1439 2279 1503 2339 ter·

448 2399 520 2445 ram
542 2378 635 2464 lapsa
656 2383 715 2454 est,
739 2378 873 2463 sanguis
902 2376 1065 2442 uberrime
1087 2377 1245 2454 manavit,
1260 2377 1342 2441 acsi
1359 2377 1504 2443 viventis

449 2480 593 2545 hominis
615 2479 711 2565 vigor
734 2478 851 2543 esset
841 2499 878 2542 ιιι
900 2478 1018 2563 lapide.
1066 2477 1144 2563 Ipsa
1157 2499 1237 2542 vero
1255 2478 1365 2563 imago
1381 2478 1504 2555 Mariae,

450 2603 489 2648 ac
511 2582 540 2647 si
561 2602 621 2646 suo
644 2585 887 2696 compateretur
908 2579 987 2656 filio,
1009 2579 1165 2664 conjectis
1188 2579 1341 2644 manibus
1370 2581 1414 2645 ad
1444 2580 1503 2644 hu-

450 2704 558 2749 meros
581 2681 729 2799 proprios
751 2681 988 2745 vestimentum
1012 2679 1179 2766 lapideum
1206 2674 1348 2767 ibrupit,
1372 2686 1407 2745 et
1435 2702 1503 2747 cor-

450 2807 513 2872 pus
547 2783 716 2870 proprium
750 2781 818 2847 fere
851 2802 956 2866 usque
989 2780 1032 2846 ad
1062 2780 1226 2846 mamillas
1256 2781 1392 2847 detexit.
1439 2781 1505 2847 Hic

450 2908 539 2964 vero,
563 2884 620 2971 qui
643 2883 787 2969 lapidem
805 2882 940 2970 jecerat,
962 2881 1086 2968 absque
1115 2903 1208 2948 mora
1230 2884 1354 2949 corruit
1383 2890 1418 2949 et
1449 2906 1504 2949 ex-

451 2986 598 3073 piravit;
631 2985 807 3070 caeterique
845 2990 993 3049 amentes
1030 2983 1137 3050 effecti
1176 2989 1261 3050 sunt
1318 2984 1506 3051 Vioecomes

451 3094 564 3153 autem
590 3085 842 3163 Lemovicensis,
858 3106 1039 3163 accurrens,
1065 3105 1200 3150 manum
1225 3087 1320 3171 pueri
1346 3088 1507 3173 sanguine

451 3187 619 3254 madidam
661 3186 889 3273 apprehendit,
932 3206 1154 3272 magnumque
1197 3208 1266 3252 suae
1308 3187 1507 3254 defensionis

452 3289 624 3375 praemium
646 3286 856 3354 laetabundus
877 3287 1091 3373 absportavit.

369 3413 407 3473 in¹
498 3390 631 3455 Interea
644 3388 807 3455 exercitus
823 3388 989 3473 utrimque
1004 3389 1039 3452 in
1054 3389 1140 3455 acies
1162 3389 1343 3468 ordinatm,
1358 3395 1394 3455 et
1407 3390 1508 3477 hujus

401 3475 591 3558 '⁰¹'eventus
614 3489 765 3555 miraculi
794 3490 1047 3575 circumquaque
1077 3490 1283 3556 diffunditur.
1329 3491 1508 3557 Torrentur

454 3592 624 3659 hincinde
646 3591 769 3656 milites
791 3591 920 3668 armati,
936 3592 1026 3657 etde
1048 3591 1127 3656 belli
1142 3597 1264 3657 eventu
1280 3592 1381 3657 dubio
1404 3592 1519 3678 pluri·-

453 3695 499 3758 mi
510 3693 523 3734 ²
536 3693 752 3780 suspicantur.
798 3692 872 3757 Rex
886 3697 998 3757 nutem
1014 3692 1162 3758 Franciae
1172 3692 1274 3778 jussit
1289 3692 1508 3759 incontinenti

454 3796 728 3862 Braibaoenorum
744 3816 841 3880 quem
856 3793 1001 3860 habebat
1022 3815 1163 3860 cuneum
1178 3794 1220 3859 de
1235 3795 1390 3860 societate
1406 3795 1508 3860 Fran·

326 3931 372 3964 une
454 3918 566 3966 corum
588 3901 623 3963 et
648 3896 796 3963 exercitu
818 3896 972 3961 amoveri
1018 3895 1142 3982 vigilia
1164 3896 1298 3961 tandem
1314 3896 1429 3963 Sancti
1450 3897 1508 3963 Jo-

283 3996 334 4077 0‘
384 3998 427 4080 ¹¹„
455 3999 574 4065 hannis
597 3998 766 4084 Baptista,
791 4018 867 4064 cum
888 3997 1000 4063 omnia
1021 3997 1064 4063 ad
1087 3997 1301 4083 pugnandum
1324 4005 1510 4084 praeparata

315 4147 328 4179 ο
387 4168 393 4181 ,
455 4101 603 4178 fuissent,
620 4104 655 4164 et
669 4098 844 4184 utrobique
866 4104 936 4164 tam
959 4097 1081 4163 milites
1104 4119 1203 4184 quarn
1227 4100 1355 4185 pedites
1376 4098 1509 4166 aciebus

455 4202 617 4268 ordinatis
638 4201 758 4267 armati
781 4200 979 4277 incederent,
990 4220 1096 4265 comes
1119 4198 1329 4266 Flandrensis
1343 4202 1387 4267 ad
1409 4203 1508 4266 comi·

454 4310 522 4368 tem
538 4301 766 4368 Pictavensem
781 4300 959 4368 Ricardum
973 4300 1117 4377 accessit,
1130 4321 1270 4387 eumque
1285 4301 1321 4365 in
1335 4301 1426 4368 hunc
1439 4324 1507 4367 mo·

455 4404 535 4469 dum
550 4403 712 4469 allocutus
729 4402 797 4468 ait:
820 4401 987 4468 “Domine
1005 4422 1121 4479 comes,
1137 4408 1177 4467 ut
1200 4402 1301 4469 michi
1319 4403 1453 4469 videtur
1472 4409 1508 4470 et

455 4513 472 4539 “
495 4503 654 4590 pluribus,
670 4501 767 4567 valde
783 4501 977 4587 insipienter
990 4502 1070 4588 agis,
1080 4508 1115 4567 et
1128 4523 1195 4567 non
1210 4502 1296 4568 bono
1311 4504 1415 4569 uteris
1430 4525 1504 4569 urn-

489 4676 626 4744 ²e1upm]
638 4678 733 4741 lapsus,
744 4677 774 4730 0.
981 4674 986 4743 Ι
1032 4674 1167 4743 aprunus]
1182 4676 1299 4740 plurima,
1311 4677 1342 4728 0.
